<?xml version="1.0" encoding="UTF-8"?>
<!DOCTYPE html PUBLIC "-//W3C//DTD XHTML 1.0 Transitional//EN"
    "http://www.w3.org/TR/xhtml1/DTD/xhtml1-transitional.dtd">
<html xmlns="http://www.w3.org/1999/xhtml" xml:lang="en" lang="en">
 <head>
  <title>
</title>
<meta http-equiv="Content-Type" content="text/html;charset=utf-8" />
  <meta name='ocr-system' content='tesseract 3.04.00' />
  <meta name='ocr-capabilities' content='ocr_page ocr_carea ocr_par ocr_line ocrx_word'/>
</head>
<body>
  <div class='ocr_page' id='page_1' title='image "./fabualeaesopiae00phaeuoft_0526.png"; bbox 0 0 1806 3236; ppageno 0'>
   <div class='ocr_carea' id='block_1_1' title="bbox 225 206 312 251">
    <p class='ocr_par' dir='ltr' id='par_1_1' title="bbox 225 206 312 251">
     <span class='ocr_line' id='line_1_1' title="bbox 225 206 312 251; baseline -0.011 0"><span class='ocrx_word' id='word_1_1' title='bbox 225 206 312 251; x_wconf 79' lang='lat'><strong>514</strong></span> 
     </span>
    </p>
   </div>
   <div class='ocr_carea' id='block_1_2' title="bbox 219 313 934 2798">
    <p class='ocr_par' dir='ltr' id='par_1_2' title="bbox 222 313 932 664">
     <span class='ocr_line' id='line_1_2' title="bbox 225 313 932 357; baseline -0.001 -9"><span class='ocrx_word' id='word_1_2' title='bbox 225 314 306 348; x_wconf 80' lang='lat' dir='ltr'><strong>Val.</strong></span> <span class='ocrx_word' id='word_1_3' title='bbox 328 313 428 349; x_wconf 81' lang='lat' dir='ltr'><strong>Max.</strong></span> <span class='ocrx_word' id='word_1_4' title='bbox 442 313 503 348; x_wconf 88' lang='lat' dir='ltr'><strong>lib.</strong></span> <span class='ocrx_word' id='word_1_5' title='bbox 519 323 554 348; x_wconf 86' lang='lat' dir='ltr'><strong>v.</strong></span> <span class='ocrx_word' id='word_1_6' title='bbox 579 324 610 349; x_wconf 90' lang='lat' dir='ltr'><strong>c.</strong></span> <span class='ocrx_word' id='word_1_7' title='bbox 624 317 656 348; x_wconf 82' lang='lat'><strong>9.</strong></span> <span class='ocrx_word' id='word_1_8' title='bbox 679 314 708 357; x_wconf 63' lang='grc' dir='ltr'><strong>ξ.</strong></span> <span class='ocrx_word' id='word_1_9' title='bbox 722 317 758 349; x_wconf 86' lang='grc'><strong>4.</strong></span> <span class='ocrx_word' id='word_1_10' title='bbox 778 313 932 348; x_wconf 82' lang='lat' dir='ltr'><strong>‘Seduc-</strong></span> 
     </span>
     <span class='ocr_line' id='line_1_3' title="bbox 224 365 931 408; baseline -0.001 -8"><span class='ocrx_word' id='word_1_11' title='bbox 224 370 297 400; x_wconf 86' lang='lat' dir='ltr'><strong>tam</strong></span> <span class='ocrx_word' id='word_1_12' title='bbox 310 375 453 400; x_wconf 86' lang='lat' dir='ltr'><strong>uxorem</strong></span> <span class='ocrx_word' id='word_1_13' title='bbox 466 365 671 408; x_wconf 78' lang='lat' dir='ltr'>suppliciter</span> <span class='ocrx_word' id='word_1_14' title='bbox 685 365 845 408; x_wconf 64' lang='lat' dir='ltr'><strong>rogavit!</strong></span> <span class='ocrx_word' id='word_1_15' title='bbox 859 365 931 399; x_wconf 84' lang='lat' dir='ltr'><strong>Ubi</strong></span> 
     </span>
     <span class='ocr_line' id='line_1_4' title="bbox 223 417 932 460; baseline -0.004 -8"><span class='ocrx_word' id='word_1_16' title='bbox 223 418 294 452; x_wconf 86' lang='lat' dir='ltr'><strong>Ms.</strong></span> <span class='ocrx_word' id='word_1_17' title='bbox 309 417 452 460; x_wconf 80' lang='lat' dir='ltr'><strong>habent,</strong></span> <span class='ocrx_word' id='word_1_18' title='bbox 478 417 683 450; x_wconf 83' lang='lat' dir='ltr'>‘seductam</span> <span class='ocrx_word' id='word_1_19' title='bbox 709 426 851 449; x_wconf 80' lang='lat' dir='ltr'><strong>uxorem</strong></span> <span class='ocrx_word' id='word_1_20' title='bbox 877 426 932 449; x_wconf 77' lang='lat' dir='ltr'><strong>su·</strong></span> 
     </span>
     <span class='ocr_line' id='line_1_5' title="bbox 223 468 932 512; baseline 0 -10"><span class='ocrx_word' id='word_1_21' title='bbox 223 469 374 512; x_wconf 75' lang='lat' dir='ltr'><strong>spicam,</strong></span> <span class='ocrx_word' id='word_1_22' title='bbox 386 468 592 511; x_wconf 75' lang='lat' dir='ltr'>suppliciter</span> <span class='ocrx_word' id='word_1_23' title='bbox 606 468 766 510; x_wconf 66' lang='lat' dir='ltr'><strong>rogavit!</strong></span> <span class='ocrx_word' id='word_1_24' title='bbox 810 470 857 502; x_wconf 89' lang='lat' dir='ltr'><strong>Et</strong></span> <span class='ocrx_word' id='word_1_25' title='bbox 868 468 932 502; x_wconf 78' lang='lat' dir='ltr'><strong>lib.</strong></span> 
     </span>
     <span class='ocr_line' id='line_1_6' title="bbox 223 519 932 561; baseline 0.003 -9"><span class='ocrx_word' id='word_1_26' title='bbox 223 529 309 553; x_wconf 85' lang='lat' dir='ltr'><strong>vm.</strong></span> <span class='ocrx_word' id='word_1_27' title='bbox 326 530 357 553; x_wconf 87' lang='lat' dir='ltr'><strong>c.</strong></span> <span class='ocrx_word' id='word_1_28' title='bbox 373 522 407 552; x_wconf 82' lang='lat'><strong>2.</strong></span> <span class='ocrx_word' id='word_1_29' title='bbox 431 520 460 561; x_wconf 86' lang='lat'><strong>§.</strong></span> <span class='ocrx_word' id='word_1_30' title='bbox 475 522 508 553; x_wconf 74' lang='lat'><strong>8.</strong></span> <span class='ocrx_word' id='word_1_31' title='bbox 535 520 546 538; x_wconf 87' lang='lat'>‘</span> <span class='ocrx_word' id='word_1_32' title='bbox 560 519 750 554; x_wconf 86' lang='lat' dir='ltr'><strong>Seductum</strong></span> <span class='ocrx_word' id='word_1_33' title='bbox 762 519 932 558; x_wconf 79' lang='lat' dir='ltr'>Titinium</span> 
     </span>
     <span class='ocr_line' id='line_1_7' title="bbox 222 570 932 614; baseline 0.001 -11"><span class='ocrx_word' id='word_1_34' title='bbox 222 570 382 603; x_wconf 68' lang='lat' dir='ltr'><strong>monuit!</strong></span> <span class='ocrx_word' id='word_1_35' title='bbox 423 570 494 605; x_wconf 89' lang='lat' dir='ltr'><strong>Ubi</strong></span> <span class='ocrx_word' id='word_1_36' title='bbox 524 574 640 604; x_wconf 88' lang='lat' dir='ltr'><strong>tamen</strong></span> <span class='ocrx_word' id='word_1_37' title='bbox 665 571 701 604; x_wconf 88' lang='lat' dir='ltr'><strong>in</strong></span> <span class='ocrx_word' id='word_1_38' title='bbox 726 571 932 614; x_wconf 87' lang='lat' dir='ltr'><strong>quibusdam</strong></span> 
     </span>
     <span class='ocr_line' id='line_1_8' title="bbox 223 621 932 664; baseline 0 -9"><span class='ocrx_word' id='word_1_39' title='bbox 223 632 298 656; x_wconf 86' lang='lat' dir='ltr'><strong>esse</strong></span> <span class='ocrx_word' id='word_1_40' title='bbox 311 622 504 656; x_wconf 67' lang='lat' dir='ltr'><strong>Subduc-tum</strong></span> <span class='ocrx_word' id='word_1_41' title='bbox 523 621 655 655; x_wconf 89' lang='lat' dir='ltr'><strong>monuit</strong></span> <span class='ocrx_word' id='word_1_42' title='bbox 671 621 828 664; x_wconf 83' lang='lat' dir='ltr'>Pighius.</span> <span class='ocrx_word' id='word_1_43' title='bbox 846 622 932 655; x_wconf 85' lang='lat' dir='ltr'><strong>Gud.</strong></span> 
     </span>
    </p>

    <p class='ocr_par' dir='ltr' id='par_1_3' title="bbox 219 671 934 2142">
     <span class='ocr_line' id='line_1_9' title="bbox 266 671 934 715; baseline 0 -10"><span class='ocrx_word' id='word_1_44' title='bbox 266 674 308 705; x_wconf 84' lang='lat'><strong>12</strong></span> <span class='ocrx_word' id='word_1_45' title='bbox 331 671 498 715; x_wconf 52' lang='lat' dir='ltr'><strong>sperate]</strong></span> <span class='ocrx_word' id='word_1_46' title='bbox 531 673 640 705; x_wconf 76' lang='lat' dir='ltr'><strong>Putat</strong></span> <span class='ocrx_word' id='word_1_47' title='bbox 654 671 780 713; x_wconf 84' lang='lat' dir='ltr'>Faber,</span> <span class='ocrx_word' id='word_1_48' title='bbox 795 672 852 705; x_wconf 89' lang='lat' dir='ltr'><strong>hic</strong></span> <span class='ocrx_word' id='word_1_49' title='bbox 874 672 934 705; x_wconf 86' lang='lat' dir='ltr'><strong>de-</strong></span> 
     </span>
     <span class='ocr_line' id='line_1_10' title="bbox 222 722 932 765; baseline -0.003 -8"><span class='ocrx_word' id='word_1_50' title='bbox 222 733 297 758; x_wconf 87' lang='lat' dir='ltr'><strong>esse</strong></span> <span class='ocrx_word' id='word_1_51' title='bbox 311 732 460 757; x_wconf 84' lang='lat' dir='ltr'><strong>versum.</strong></span> <span class='ocrx_word' id='word_1_52' title='bbox 503 723 578 764; x_wconf 83' lang='lat' dir='ltr'><strong>Ego</strong></span> <span class='ocrx_word' id='word_1_53' title='bbox 601 723 650 755; x_wconf 89' lang='lat' dir='ltr'><strong>nil</strong></span> <span class='ocrx_word' id='word_1_54' title='bbox 664 722 858 765; x_wconf 65' lang='lat' dir='ltr'><strong>huiusmodi</strong></span> <span class='ocrx_word' id='word_1_55' title='bbox 881 723 932 755; x_wconf 89' lang='lat' dir='ltr'><strong>in-</strong></span> 
     </span>
     <span class='ocr_line' id='line_1_11' title="bbox 223 773 931 818; baseline -0.003 -9"><span class='ocrx_word' id='word_1_56' title='bbox 223 775 356 818; x_wconf 83' lang='lat' dir='ltr'><strong>telligo.</strong></span> <span class='ocrx_word' id='word_1_57' title='bbox 401 774 493 809; x_wconf 82' lang='lat' dir='ltr'><strong>Quid</strong></span> <span class='ocrx_word' id='word_1_58' title='bbox 521 774 659 816; x_wconf 84' lang='lat' dir='ltr'><strong>reponit</strong></span> <span class='ocrx_word' id='word_1_59' title='bbox 678 773 817 807; x_wconf 86' lang='lat' dir='ltr'><strong>Faber?</strong></span> <span class='ocrx_word' id='word_1_60' title='bbox 840 774 931 807; x_wconf 85' lang='lat' dir='ltr'><strong>‘Mi-</strong></span> 
     </span>
     <span class='ocr_line' id='line_1_12' title="bbox 222 824 932 869; baseline -0.001 -9"><span class='ocrx_word' id='word_1_61' title='bbox 222 826 303 869; x_wconf 83' lang='lat' dir='ltr'><strong>ror‚&#39;</strong></span> <span class='ocrx_word' id='word_1_62' title='bbox 323 827 384 869; x_wconf 86' lang='lat' dir='ltr'><strong>ait,</strong></span> <span class='ocrx_word' id='word_1_63' title='bbox 406 827 417 845; x_wconf 77' lang='lat'><em>⁴</em></span> <span class='ocrx_word' id='word_1_64' title='bbox 430 825 489 869; x_wconf 88' lang='lat' dir='ltr'><strong>qui</strong></span> <span class='ocrx_word' id='word_1_65' title='bbox 504 825 653 861; x_wconf 68' lang='lat' dir='ltr'><strong>monitus</strong></span> <span class='ocrx_word' id='word_1_66' title='bbox 669 824 774 858; x_wconf 84' lang='lat' dir='ltr'><strong>fuerit</strong></span> <span class='ocrx_word' id='word_1_67' title='bbox 793 825 932 859; x_wconf 88' lang='lat' dir='ltr'><strong>tamen.’</strong></span> 
     </span>
     <span class='ocr_line' id='line_1_13' title="bbox 222 876 931 912; baseline -0.003 -1"><span class='ocrx_word' id='word_1_68' title='bbox 222 877 364 912; x_wconf 83' lang='lat' dir='ltr'><strong>Scilicet</strong></span> <span class='ocrx_word' id='word_1_69' title='bbox 377 877 496 910; x_wconf 88' lang='lat' dir='ltr'><strong>audire</strong></span> <span class='ocrx_word' id='word_1_70' title='bbox 511 877 588 909; x_wconf 87' lang='lat' dir='ltr'><strong>vult</strong></span> <span class='ocrx_word' id='word_1_71' title='bbox 610 885 647 909; x_wconf 86' lang='lat' dir='ltr'><strong>se</strong></span> <span class='ocrx_word' id='word_1_72' title='bbox 675 876 931 910; x_wconf 87' lang='lat' dir='ltr'><strong>admonentem.</strong></span> 
     </span>
     <span class='ocr_line' id='line_1_14' title="bbox 221 926 933 971; baseline -0.003 -8"><span class='ocrx_word' id='word_1_73' title='bbox 221 927 273 963; x_wconf 81' lang='lat' dir='ltr'><strong>At</strong></span> <span class='ocrx_word' id='word_1_74' title='bbox 288 928 347 971; x_wconf 90' lang='lat' dir='ltr'><strong>qui</strong></span> <span class='ocrx_word' id='word_1_75' title='bbox 368 932 499 971; x_wconf 84' lang='lat' dir='ltr'><strong>potest,</strong></span> <span class='ocrx_word' id='word_1_76' title='bbox 519 926 583 960; x_wconf 87' lang='lat' dir='ltr'><strong>nisi</strong></span> <span class='ocrx_word' id='word_1_77' title='bbox 609 927 717 960; x_wconf 83' lang='lat' dir='ltr'><strong>addat</strong></span> <span class='ocrx_word' id='word_1_78' title='bbox 743 927 933 961; x_wconf 82' lang='lat' dir='ltr'><strong>rationem?</strong></span> 
     </span>
     <span class='ocr_line' id='line_1_15' title="bbox 222 977 930 1021; baseline 0 -8"><span class='ocrx_word' id='word_1_79' title='bbox 222 979 233 999; x_wconf 89' lang='lat'>‘</span> <span class='ocrx_word' id='word_1_80' title='bbox 246 979 360 1013; x_wconf 88' lang='lat' dir='ltr'><strong>Nemo</strong></span> <span class='ocrx_word' id='word_1_81' title='bbox 374 977 574 1020; x_wconf 85' lang='lat' dir='ltr'><strong>dubitabit,’</strong></span> <span class='ocrx_word' id='word_1_82' title='bbox 589 978 713 1021; x_wconf 88' lang='lat' dir='ltr'><strong>inquit.</strong></span> <span class='ocrx_word' id='word_1_83' title='bbox 757 979 832 1012; x_wconf 89' lang='lat' dir='ltr'><strong>Nos</strong></span> <span class='ocrx_word' id='word_1_84' title='bbox 848 989 930 1013; x_wconf 86' lang='lat' dir='ltr'><strong>vero</strong></span> 
     </span>
     <span class='ocr_line' id='line_1_16' title="bbox 222 1031 929 1074; baseline 0.001 -10"><span class='ocrx_word' id='word_1_85' title='bbox 222 1031 420 1065; x_wconf 81' lang='lat' dir='ltr'><strong>dubitamus</strong></span> <span class='ocrx_word' id='word_1_86' title='bbox 449 1031 642 1074; x_wconf 90' lang='lat' dir='ltr'><strong>plurimum.</strong></span> <span class='ocrx_word' id='word_1_87' title='bbox 687 1031 734 1064; x_wconf 91' lang='lat' dir='ltr'><strong>Et</strong></span> <span class='ocrx_word' id='word_1_88' title='bbox 749 1032 824 1074; x_wconf 87' lang='lat' dir='ltr'><strong>quis</strong></span> <span class='ocrx_word' id='word_1_89' title='bbox 847 1036 929 1065; x_wconf 88' lang='lat' dir='ltr'><strong>ante</strong></span> 
     </span>
     <span class='ocr_line' id='line_1_17' title="bbox 221 1081 929 1124; baseline 0 -8"><span class='ocrx_word' id='word_1_90' title='bbox 221 1082 371 1117; x_wconf 85' lang='lat' dir='ltr'><strong>Fabrum</strong></span> <span class='ocrx_word' id='word_1_91' title='bbox 387 1082 442 1115; x_wconf 88' lang='lat' dir='ltr'><strong>hic</strong></span> <span class='ocrx_word' id='word_1_92' title='bbox 459 1081 579 1114; x_wconf 83' lang='lat' dir='ltr'>deesse</span> <span class='ocrx_word' id='word_1_93' title='bbox 588 1082 672 1124; x_wconf 86' lang='lat' dir='ltr'><strong>quid</strong></span> <span class='ocrx_word' id='word_1_94' title='bbox 686 1082 847 1124; x_wconf 86' lang='lat' dir='ltr'><strong>putavit?</strong></span> <span class='ocrx_word' id='word_1_95' title='bbox 873 1083 929 1117; x_wconf 87' lang='lat' dir='ltr'><strong>Ne</strong></span> 
     </span>
     <span class='ocr_line' id='line_1_18' title="bbox 221 1133 930 1177; baseline 0.001 -10"><span class='ocrx_word' id='word_1_96' title='bbox 221 1133 379 1167; x_wconf 86' lang='lat' dir='ltr'><strong>Meursio</strong></span> <span class='ocrx_word' id='word_1_97' title='bbox 394 1133 533 1176; x_wconf 87' lang='lat' dir='ltr'><strong>quidem</strong></span> <span class='ocrx_word' id='word_1_98' title='bbox 547 1133 620 1166; x_wconf 89' lang='lat' dir='ltr'><strong>visa</strong></span> <span class='ocrx_word' id='word_1_99' title='bbox 632 1137 686 1166; x_wconf 88' lang='lat' dir='ltr'><strong>est</strong></span> <span class='ocrx_word' id='word_1_100' title='bbox 700 1134 811 1167; x_wconf 90' lang='lat' dir='ltr'><strong>oratio</strong></span> <span class='ocrx_word' id='word_1_101' title='bbox 823 1134 930 1177; x_wconf 85' lang='lat' dir='ltr'><strong>hiare,</strong></span> 
     </span>
     <span class='ocr_line' id='line_1_19' title="bbox 222 1185 927 1229; baseline 0.001 -11"><span class='ocrx_word' id='word_1_102' title='bbox 222 1186 282 1229; x_wconf 90' lang='lat' dir='ltr'><strong>qui</strong></span> <span class='ocrx_word' id='word_1_103' title='bbox 309 1186 437 1229; x_wconf 92' lang='lat' dir='ltr'><strong>ubique</strong></span> <span class='ocrx_word' id='word_1_104' title='bbox 466 1189 583 1218; x_wconf 88' lang='lat' dir='ltr'><strong>tamen</strong></span> <span class='ocrx_word' id='word_1_105' title='bbox 613 1185 748 1219; x_wconf 87' lang='lat' dir='ltr'><strong>invenit</strong></span> <span class='ocrx_word' id='word_1_106' title='bbox 771 1186 927 1219; x_wconf 84' lang='lat' dir='ltr'><strong>lacunas.</strong></span> 
     </span>
     <span class='ocr_line' id='line_1_20' title="bbox 220 1236 929 1274; baseline 0 -4"><span class='ocrx_word' id='word_1_107' title='bbox 220 1236 290 1270; x_wconf 86' lang='lat' dir='ltr'><strong>Sed</strong></span> <span class='ocrx_word' id='word_1_108' title='bbox 315 1236 474 1271; x_wconf 80' lang='lat' dir='ltr'><strong>nimirum</strong></span> <span class='ocrx_word' id='word_1_109' title='bbox 499 1246 617 1269; x_wconf 86' lang='lat' dir='ltr'><strong>omnes</strong></span> <span class='ocrx_word' id='word_1_110' title='bbox 646 1246 780 1269; x_wconf 86' lang='lat' dir='ltr'><strong>mecum</strong></span> <span class='ocrx_word' id='word_1_111' title='bbox 805 1237 929 1274; x_wconf 88' lang='lat' dir='ltr'><strong>seriem</strong></span> 
     </span>
     <span class='ocr_line' id='line_1_21' title="bbox 221 1287 929 1330; baseline 0 -10"><span class='ocrx_word' id='word_1_112' title='bbox 221 1287 386 1320; x_wconf 88' lang='lat' dir='ltr'><strong>orationis</strong></span> <span class='ocrx_word' id='word_1_113' title='bbox 417 1287 615 1329; x_wconf 79' lang='lat' dir='ltr'><strong>abruptam,</strong></span> <span class='ocrx_word' id='word_1_114' title='bbox 653 1291 690 1320; x_wconf 92' lang='lat' dir='ltr'><strong>et</strong></span> <span class='ocrx_word' id='word_1_115' title='bbox 718 1287 929 1330; x_wconf 73' lang='lat' dir='ltr'><strong>pendentem</strong></span> 
     </span>
     <span class='ocr_line' id='line_1_22' title="bbox 221 1337 929 1384; baseline -0.001 -13"><span class='ocrx_word' id='word_1_116' title='bbox 221 1342 431 1384; x_wconf 77' lang='lat' dir='ltr'><strong>structuram</strong></span> <span class='ocrx_word' id='word_1_117' title='bbox 447 1347 515 1369; x_wconf 92' lang='lat' dir='ltr'><strong>non</strong></span> <span class='ocrx_word' id='word_1_118' title='bbox 540 1337 712 1371; x_wconf 90' lang='lat' dir='ltr'><strong>viderunt.</strong></span> <span class='ocrx_word' id='word_1_119' title='bbox 754 1337 806 1370; x_wconf 86' lang='lat' dir='ltr'><strong>At</strong></span> <span class='ocrx_word' id='word_1_120' title='bbox 835 1338 929 1380; x_wconf 89' lang='lat' dir='ltr'><strong>quid,</strong></span> 
     </span>
     <span class='ocr_line' id='line_1_23' title="bbox 221 1388 928 1431; baseline -0.003 -9"><span class='ocrx_word' id='word_1_121' title='bbox 221 1389 251 1422; x_wconf 89' lang='lat' dir='ltr'><strong>si</strong></span> <span class='ocrx_word' id='word_1_122' title='bbox 267 1389 311 1422; x_wconf 84' lang='lat' dir='ltr'><strong>ad</strong></span> <span class='ocrx_word' id='word_1_123' title='bbox 327 1389 480 1422; x_wconf 80' lang='lat' dir='ltr'><strong>Seductus·</strong></span> <span class='ocrx_word' id='word_1_124' title='bbox 488 1388 608 1430; x_wconf 88' lang='lat' dir='ltr'><strong>addas,</strong></span> <span class='ocrx_word' id='word_1_125' title='bbox 619 1392 672 1421; x_wconf 87' lang='lat' dir='ltr'><strong>est</strong></span> <span class='ocrx_word' id='word_1_126' title='bbox 685 1399 695 1429; x_wconf 80' lang='lat'><em>3</em></span> <span class='ocrx_word' id='word_1_127' title='bbox 708 1388 801 1431; x_wconf 89' lang='lat' dir='ltr'><strong>quod·</strong></span> <span class='ocrx_word' id='word_1_128' title='bbox 814 1388 868 1421; x_wconf 88' lang='lat' dir='ltr'><strong>hic</strong></span> <span class='ocrx_word' id='word_1_129' title='bbox 879 1388 928 1420; x_wconf 90' lang='lat' dir='ltr'><strong>in-</strong></span> 
     </span>
     <span class='ocr_line' id='line_1_24' title="bbox 221 1439 930 1483; baseline -0.004 -9"><span class='ocrx_word' id='word_1_130' title='bbox 221 1440 470 1483; x_wconf 83' lang='lat' dir='ltr'><strong>telligendum?</strong></span> <span class='ocrx_word' id='word_1_131' title='bbox 511 1439 660 1473; x_wconf 84' lang='lat' dir='ltr'><strong>Maritus</strong></span> <span class='ocrx_word' id='word_1_132' title='bbox 684 1439 847 1472; x_wconf 85' lang='lat' dir='ltr'><strong>seductus</strong></span> <span class='ocrx_word' id='word_1_133' title='bbox 876 1443 930 1472; x_wconf 92' lang='lat' dir='ltr'><strong>est</strong></span> 
     </span>
     <span class='ocr_line' id='line_1_25' title="bbox 220 1488 928 1532; baseline -0.004 -8"><span class='ocrx_word' id='word_1_134' title='bbox 220 1501 241 1524; x_wconf 86' lang='lat' dir='ltr'><strong>a</strong></span> <span class='ocrx_word' id='word_1_135' title='bbox 257 1491 401 1532; x_wconf 83' lang='lat' dir='ltr'><strong>liberto,</strong></span> <span class='ocrx_word' id='word_1_136' title='bbox 424 1494 585 1532; x_wconf 83' lang='lat' dir='ltr'><strong>sperante</strong></span> <span class='ocrx_word' id='word_1_137' title='bbox 616 1499 654 1523; x_wconf 91' lang='lat' dir='ltr'><strong>se</strong></span> <span class='ocrx_word' id='word_1_138' title='bbox 683 1488 795 1522; x_wconf 87' lang='lat' dir='ltr'><strong>suffici</strong></span> <span class='ocrx_word' id='word_1_139' title='bbox 820 1489 928 1522; x_wconf 82' lang='lat' dir='ltr'><strong>baere-</strong></span> 
     </span>
     <span class='ocr_line' id='line_1_26' title="bbox 222 1539 929 1583; baseline -0.001 -9"><span class='ocrx_word' id='word_1_140' title='bbox 222 1541 300 1574; x_wconf 84' lang='lat' dir='ltr'><strong>dem</strong></span> <span class='ocrx_word' id='word_1_141' title='bbox 317 1540 524 1583; x_wconf 89' lang='lat' dir='ltr'><strong>proximum.</strong></span> <span class='ocrx_word' id='word_1_142' title='bbox 568 1540 660 1574; x_wconf 83' lang='lat' dir='ltr'><strong>Quid</strong></span> <span class='ocrx_word' id='word_1_143' title='bbox 677 1539 814 1572; x_wconf 87' lang='lat' dir='ltr'><strong>tandem</strong></span> <span class='ocrx_word' id='word_1_144' title='bbox 827 1539 929 1573; x_wconf 85' lang='lat' dir='ltr'><strong>deest</strong></span> 
     </span>
     <span class='ocr_line' id='line_1_27' title="bbox 219 1591 927 1633; baseline -0.001 -8"><span class='ocrx_word' id='word_1_145' title='bbox 219 1593 300 1625; x_wconf 85' lang='lat' dir='ltr'><strong>huic</strong></span> <span class='ocrx_word' id='word_1_146' title='bbox 316 1591 478 1633; x_wconf 85' lang='lat' dir='ltr'><strong>orationi,</strong></span> <span class='ocrx_word' id='word_1_147' title='bbox 506 1594 566 1624; x_wconf 88' lang='lat' dir='ltr'><strong>aut</strong></span> <span class='ocrx_word' id='word_1_148' title='bbox 581 1601 643 1624; x_wconf 87' lang='lat' dir='ltr'><strong>cur</strong></span> <span class='ocrx_word' id='word_1_149' title='bbox 666 1601 733 1623; x_wconf 90' lang='lat' dir='ltr'><strong>non</strong></span> <span class='ocrx_word' id='word_1_150' title='bbox 760 1595 927 1633; x_wconf 89' lang='lat' dir='ltr'><strong>punctum</strong></span> 
     </span>
     <span class='ocr_line' id='line_1_28' title="bbox 220 1642 929 1686; baseline 0 -10"><span class='ocrx_word' id='word_1_151' title='bbox 220 1644 334 1686; x_wconf 80' lang='lat' dir='ltr'><strong>majus</strong></span> <span class='ocrx_word' id='word_1_152' title='bbox 350 1643 447 1685; x_wconf 91' lang='lat' dir='ltr'><strong>sequi</strong></span> <span class='ocrx_word' id='word_1_153' title='bbox 463 1646 542 1684; x_wconf 89' lang='lat' dir='ltr'><strong>post</strong></span> <span class='ocrx_word' id='word_1_154' title='bbox 557 1652 632 1675; x_wconf 89' lang='lat' dir='ltr'><strong>eam</strong></span> <span class='ocrx_word' id='word_1_155' title='bbox 649 1642 784 1685; x_wconf 84' lang='lat' dir='ltr'><strong>potest?</strong></span> <span class='ocrx_word' id='word_1_156' title='bbox 830 1642 929 1676; x_wconf 84' lang='lat' dir='ltr'><strong>Vidit</strong></span> 
     </span>
     <span class='ocr_line' id='line_1_29' title="bbox 221 1693 928 1736; baseline -0.003 -9"><span class='ocrx_word' id='word_1_157' title='bbox 221 1693 474 1727; x_wconf 83' lang='lat' dir='ltr'><strong>Rittershusins</strong></span> <span class='ocrx_word' id='word_1_158' title='bbox 490 1703 639 1736; x_wconf 90' lang='lat' dir='ltr'><strong>quoque,</strong></span> <span class='ocrx_word' id='word_1_159' title='bbox 661 1702 702 1725; x_wconf 90' lang='lat' dir='ltr'><strong>ac</strong></span> <span class='ocrx_word' id='word_1_160' title='bbox 717 1693 796 1726; x_wconf 89' lang='lat' dir='ltr'><strong>ideo</strong></span> <span class='ocrx_word' id='word_1_161' title='bbox 811 1693 928 1726; x_wconf 80' lang='lat' dir='ltr'><strong>Seduc-</strong></span> 
     </span>
     <span class='ocr_line' id='line_1_30' title="bbox 221 1743 927 1780; baseline -0.001 -3"><span class='ocrx_word' id='word_1_162' title='bbox 221 1745 268 1778; x_wconf 80' lang='lat' dir='ltr'><strong>tu&#39;</strong></span> <span class='ocrx_word' id='word_1_163' title='bbox 284 1749 314 1780; x_wconf 77' lang='lat' dir='ltr'><strong>st</strong></span> <span class='ocrx_word' id='word_1_164' title='bbox 330 1746 464 1778; x_wconf 86' lang='lat' dir='ltr'><strong>censuit</strong></span> <span class='ocrx_word' id='word_1_165' title='bbox 479 1744 709 1778; x_wconf 86' lang='lat' dir='ltr'><strong>scribendum.</strong></span> <span class='ocrx_word' id='word_1_166' title='bbox 744 1743 927 1778; x_wconf 82' lang='lat' dir='ltr'><strong>Terentius</strong></span> 
     </span>
     <span class='ocr_line' id='line_1_31' title="bbox 221 1793 928 1835; baseline -0.003 -7"><span class='ocrx_word' id='word_1_167' title='bbox 221 1795 377 1828; x_wconf 86' lang='lat' dir='ltr'><strong>Eunueb.</strong></span> <span class='ocrx_word' id='word_1_168' title='bbox 405 1803 458 1826; x_wconf 73' lang='lat' dir='ltr'><strong>xv.</strong></span> <span class='ocrx_word' id='word_1_169' title='bbox 472 1796 505 1827; x_wconf 85' lang='grc'><strong>4.</strong></span> <span class='ocrx_word' id='word_1_170' title='bbox 525 1794 535 1812; x_wconf 95' lang='lat'>‘</span> <span class='ocrx_word' id='word_1_171' title='bbox 549 1794 743 1827; x_wconf 78' lang='lat' dir='ltr'><strong>Monstrum</strong></span> <span class='ocrx_word' id='word_1_172' title='bbox 772 1793 928 1835; x_wconf 83' lang='lat' dir='ltr'><strong>bominis,</strong></span> 
     </span>
     <span class='ocr_line' id='line_1_32' title="bbox 220 1843 928 1886; baseline -0.007 -5"><span class='ocrx_word' id='word_1_173' title='bbox 220 1856 288 1881; x_wconf 85' lang='lat' dir='ltr'><strong>non</strong></span> <span class='ocrx_word' id='word_1_174' title='bbox 304 1846 460 1879; x_wconf 86' lang='lat' dir='ltr'><strong>dicturus</strong></span> <span class='ocrx_word' id='word_1_175' title='bbox 470 1843 494 1876; x_wconf 85' lang='lat'><strong>?’</strong></span> <span class='ocrx_word' id='word_1_176' title='bbox 518 1854 595 1886; x_wconf 83' lang='lat' dir='ltr'><strong>pro,</strong></span> <span class='ocrx_word' id='word_1_177' title='bbox 616 1844 772 1876; x_wconf 88' lang='lat' dir='ltr'><strong>dicturus</strong></span> <span class='ocrx_word' id='word_1_178' title='bbox 804 1853 855 1884; x_wconf 70' lang='lat' dir='ltr'><strong>eS,</strong></span> <span class='ocrx_word' id='word_1_179' title='bbox 890 1848 928 1876; x_wconf 91' lang='lat' dir='ltr'><strong>et</strong></span> 
     </span>
     <span class='ocr_line' id='line_1_33' title="bbox 220 1892 928 1930; baseline -0.006 0"><span class='ocrx_word' id='word_1_180' title='bbox 220 1897 362 1930; x_wconf 85' lang='lat' dir='ltr'><strong>Phorm.</strong></span> <span class='ocrx_word' id='word_1_181' title='bbox 381 1905 417 1928; x_wconf 88' lang='lat' dir='ltr'><strong>v.</strong></span> <span class='ocrx_word' id='word_1_182' title='bbox 434 1899 465 1928; x_wconf 81' lang='lat'><strong>5.</strong></span> <span class='ocrx_word' id='word_1_183' title='bbox 490 1894 684 1928; x_wconf 75' lang='lat' dir='ltr'><strong>‘Quidnam</strong></span> <span class='ocrx_word' id='word_1_184' title='bbox 706 1902 797 1926; x_wconf 87' lang='lat' dir='ltr'><strong>nunc</strong></span> <span class='ocrx_word' id='word_1_185' title='bbox 820 1892 928 1926; x_wconf 86' lang='lat' dir='ltr'><strong>factu-</strong></span> 
     </span>
     <span class='ocr_line' id='line_1_34' title="bbox 220 1943 926 1986; baseline -0.004 -7"><span class='ocrx_word' id='word_1_186' title='bbox 220 1956 278 1979; x_wconf 89' lang='lat' dir='ltr'><strong>rus</strong></span> <span class='ocrx_word' id='word_1_187' title='bbox 314 1945 476 1978; x_wconf 85' lang='lat' dir='ltr'><strong>Phaedria</strong></span> <span class='ocrx_word' id='word_1_188' title='bbox 486 1944 508 1977; x_wconf 86' lang='lat'><strong>?&#39;</strong></span> <span class='ocrx_word' id='word_1_189' title='bbox 557 1953 631 1986; x_wconf 85' lang='lat' dir='ltr'><strong>pro,</strong></span> <span class='ocrx_word' id='word_1_190' title='bbox 671 1943 824 1977; x_wconf 84' lang='lat' dir='ltr'><strong>facturus</strong></span> <span class='ocrx_word' id='word_1_191' title='bbox 861 1948 926 1977; x_wconf 85' lang='lat' dir='ltr'><strong>est.</strong></span> 
     </span>
     <span class='ocr_line' id='line_1_35' title="bbox 220 1995 926 2040; baseline -0.003 -10"><span class='ocrx_word' id='word_1_192' title='bbox 220 1998 359 2040; x_wconf 84' lang='lat' dir='ltr'><strong>Fragm.</strong></span> <span class='ocrx_word' id='word_1_193' title='bbox 375 1996 553 2030; x_wconf 84' lang='lat' dir='ltr'><strong>Petronii:</strong></span> <span class='ocrx_word' id='word_1_194' title='bbox 577 1997 767 2029; x_wconf 80' lang='lat' dir='ltr'><strong>‘catellam</strong></span> <span class='ocrx_word' id='word_1_195' title='bbox 796 1995 832 2029; x_wconf 87' lang='lat' dir='ltr'><strong>in</strong></span> <span class='ocrx_word' id='word_1_196' title='bbox 858 2000 926 2029; x_wconf 89' lang='lat' dir='ltr'><strong>ter-</strong></span> 
     </span>
     <span class='ocr_line' id='line_1_36' title="bbox 221 2047 927 2091; baseline -0.004 -9"><span class='ocrx_word' id='word_1_197' title='bbox 221 2059 294 2082; x_wconf 86' lang='lat' dir='ltr'><strong>ram</strong></span> <span class='ocrx_word' id='word_1_198' title='bbox 310 2048 484 2091; x_wconf 80' lang='lat' dir='ltr'><strong>deposuit,</strong></span> <span class='ocrx_word' id='word_1_199' title='bbox 506 2048 732 2090; x_wconf 81' lang='lat' dir='ltr'><strong>hortatusque</strong></span> <span class='ocrx_word' id='word_1_200' title='bbox 749 2051 786 2080; x_wconf 91' lang='lat' dir='ltr'><strong>ut</strong></span> <span class='ocrx_word' id='word_1_201' title='bbox 801 2047 843 2080; x_wconf 87' lang='lat' dir='ltr'><strong>ad</strong></span> <span class='ocrx_word' id='word_1_202' title='bbox 861 2047 927 2079; x_wconf 87' lang='lat' dir='ltr'><strong>rix-</strong></span> 
     </span>
     <span class='ocr_line' id='line_1_37' title="bbox 222 2099 647 2142; baseline -0.005 -9"><span class='ocrx_word' id='word_1_203' title='bbox 222 2110 277 2138; x_wconf 80' lang='lat' dir='ltr'><strong>am</strong></span> <span class='ocrx_word' id='word_1_204' title='bbox 290 2099 520 2142; x_wconf 87' lang='lat' dir='ltr'><strong>properaret.&#39;</strong></span> <span class='ocrx_word' id='word_1_205' title='bbox 544 2099 647 2138; x_wconf 76' lang='lat' dir='ltr'><strong>Schef.</strong></span> 
     </span>
    </p>

    <p class='ocr_par' dir='ltr' id='par_1_4' title="bbox 219 2149 928 2395">
     <span class='ocr_line' id='line_1_38' title="bbox 265 2149 928 2192; baseline -0.003 -8"><span class='ocrx_word' id='word_1_206' title='bbox 265 2151 424 2184; x_wconf 82' lang='lat' dir='ltr'><strong>Heredem</strong></span> <span class='ocrx_word' id='word_1_207' title='bbox 443 2160 475 2183; x_wconf 82' lang='lat' dir='ltr'><strong>se</strong></span> <span class='ocrx_word' id='word_1_208' title='bbox 480 2150 599 2190; x_wconf 79' lang='lat' dir='ltr'><strong>fecisse</strong></span> <span class='ocrx_word' id='word_1_209' title='bbox 608 2149 802 2192; x_wconf 77' lang='lat' dir='ltr'><strong>proximum]</strong></span> <span class='ocrx_word' id='word_1_210' title='bbox 826 2150 928 2182; x_wconf 76' lang='lat' dir='ltr'><strong>Prox-</strong></span> 
     </span>
     <span class='ocr_line' id='line_1_39' title="bbox 219 2199 926 2242; baseline -0.003 -8"><span class='ocrx_word' id='word_1_211' title='bbox 219 2202 302 2234; x_wconf 71' lang='lat' dir='ltr'><strong>imus</strong></span> <span class='ocrx_word' id='word_1_212' title='bbox 315 2202 404 2234; x_wconf 78' lang='lat' dir='ltr'><strong>heres</strong></span> <span class='ocrx_word' id='word_1_213' title='bbox 429 2201 484 2234; x_wconf 88' lang='lat' dir='ltr'><strong>hic</strong></span> <span class='ocrx_word' id='word_1_214' title='bbox 501 2199 640 2242; x_wconf 78' lang='lat' dir='ltr'><strong>dicitur,</strong></span> <span class='ocrx_word' id='word_1_215' title='bbox 660 2200 718 2242; x_wconf 90' lang='lat' dir='ltr'><strong>qui</strong></span> <span class='ocrx_word' id='word_1_216' title='bbox 747 2200 829 2232; x_wconf 86' lang='lat' dir='ltr'><strong>alias</strong></span> <span class='ocrx_word' id='word_1_217' title='bbox 855 2210 926 2233; x_wconf 87' lang='lat' dir='ltr'><strong>cre·</strong></span> 
     </span>
     <span class='ocr_line' id='line_1_40' title="bbox 221 2251 927 2294; baseline -0.003 -9"><span class='ocrx_word' id='word_1_218' title='bbox 221 2253 328 2294; x_wconf 84' lang='lat' dir='ltr'><strong>brius,</strong></span> <span class='ocrx_word' id='word_1_219' title='bbox 341 2262 361 2285; x_wconf 87' lang='lat' dir='ltr'><strong>a</strong></span> <span class='ocrx_word' id='word_1_220' title='bbox 375 2251 476 2286; x_wconf 83' lang='lat' dir='ltr'><strong>Jctis</strong></span> <span class='ocrx_word' id='word_1_221' title='bbox 493 2255 530 2285; x_wconf 87' lang='lat' dir='ltr'><strong>et</strong></span> <span class='ocrx_word' id='word_1_222' title='bbox 547 2251 729 2293; x_wconf 76' lang='lat' dir='ltr'><strong>historicis,</strong></span> <span class='ocrx_word' id='word_1_223' title='bbox 755 2251 859 2284; x_wconf 84' lang='lat' dir='ltr'><strong>etiam</strong></span> <span class='ocrx_word' id='word_1_224' title='bbox 883 2251 927 2283; x_wconf 88' lang='lat' dir='ltr'><strong>ab</strong></span> 
     </span>
     <span class='ocr_line' id='line_1_41' title="bbox 223 2302 925 2345; baseline -0.003 -8"><span class='ocrx_word' id='word_1_225' title='bbox 223 2303 384 2345; x_wconf 85' lang='lat' dir='ltr'><strong>Horatio,</strong></span> <span class='ocrx_word' id='word_1_226' title='bbox 417 2303 610 2345; x_wconf 85' lang='lat' dir='ltr'><strong>appellatur</strong></span> <span class='ocrx_word' id='word_1_227' title='bbox 637 2302 840 2335; x_wconf 88' lang='lat' dir='ltr'><strong>‘Secundus</strong></span> <span class='ocrx_word' id='word_1_228' title='bbox 869 2303 925 2335; x_wconf 86' lang='lat' dir='ltr'><strong>be·</strong></span> 
     </span>
     <span class='ocr_line' id='line_1_42' title="bbox 222 2351 753 2395; baseline -0.006 -9"><span class='ocrx_word' id='word_1_229' title='bbox 222 2357 299 2395; x_wconf 84' lang='lat' dir='ltr'><strong>res,’</strong></span> <span class='ocrx_word' id='word_1_230' title='bbox 314 2353 349 2385; x_wconf 92' lang='lat' dir='ltr'><strong>id</strong></span> <span class='ocrx_word' id='word_1_231' title='bbox 365 2356 432 2394; x_wconf 89' lang='lat' dir='ltr'><strong>est,</strong></span> <span class='ocrx_word' id='word_1_232' title='bbox 447 2351 663 2385; x_wconf 83' lang='lat' dir='ltr'><strong>substitutus.</strong></span> <span class='ocrx_word' id='word_1_233' title='bbox 683 2351 753 2384; x_wconf 78' lang='lat' dir='ltr'><strong>Rit.</strong></span> 
     </span>
    </p>

    <p class='ocr_par' dir='ltr' id='par_1_5' title="bbox 221 2401 926 2548">
     <span class='ocr_line' id='line_1_43' title="bbox 265 2401 926 2446; baseline -0.006 -9"><span class='ocrx_word' id='word_1_234' title='bbox 265 2403 446 2445; x_wconf 78' lang='lat' dir='ltr'><strong>Sefecisse]</strong></span> <span class='ocrx_word' id='word_1_235' title='bbox 478 2403 545 2436; x_wconf 72' lang='lat' dir='ltr'><strong>Mn.</strong></span> <span class='ocrx_word' id='word_1_236' title='bbox 563 2402 721 2446; x_wconf 62' lang='lat' dir='ltr'><strong>sufficiae.</strong></span> <span class='ocrx_word' id='word_1_237' title='bbox 766 2401 836 2434; x_wconf 86' lang='lat' dir='ltr'><strong>Sed</strong></span> <span class='ocrx_word' id='word_1_238' title='bbox 852 2402 926 2434; x_wconf 86' lang='lat' dir='ltr'><strong>Sal-</strong></span> 
     </span>
     <span class='ocr_line' id='line_1_44' title="bbox 221 2452 926 2495; baseline -0.004 -7"><span class='ocrx_word' id='word_1_239' title='bbox 221 2455 349 2488; x_wconf 85' lang='lat' dir='ltr'><strong>masius</strong></span> <span class='ocrx_word' id='word_1_240' title='bbox 372 2453 504 2487; x_wconf 85' lang='lat' dir='ltr'><strong>monuit</strong></span> <span class='ocrx_word' id='word_1_241' title='bbox 529 2452 713 2495; x_wconf 85' lang='lat' dir='ltr'><strong>legendum</strong></span> <span class='ocrx_word' id='word_1_242' title='bbox 733 2461 810 2484; x_wconf 87' lang='lat' dir='ltr'><strong>esse</strong></span> <span class='ocrx_word' id='word_1_243' title='bbox 826 2453 926 2495; x_wconf 61' lang='lat' dir='ltr'><strong>suffici</strong></span> 
     </span>
     <span class='ocr_line' id='line_1_45' title="bbox 221 2503 731 2548; baseline -0.006 -10"><span class='ocrx_word' id='word_1_244' title='bbox 221 2516 268 2548; x_wconf 73' lang='lat' dir='ltr'><strong>se,</strong></span> <span class='ocrx_word' id='word_1_245' title='bbox 279 2515 354 2547; x_wconf 89' lang='lat' dir='ltr'><strong>pro,</strong></span> <span class='ocrx_word' id='word_1_246' title='bbox 370 2503 552 2537; x_wconf 79' lang='lat' dir='ltr'><strong>suffectum</strong></span> <span class='ocrx_word' id='word_1_247' title='bbox 566 2503 623 2537; x_wconf 75' lang='lat' dir='ltr'><strong>iri.</strong></span> <span class='ocrx_word' id='word_1_248' title='bbox 645 2503 731 2536; x_wconf 87' lang='lat' dir='ltr'><strong>Gud.</strong></span> 
     </span>
    </p>

    <p class='ocr_par' dir='ltr' id='par_1_6' title="bbox 219 2553 926 2798">
     <span class='ocr_line' id='line_1_46' title="bbox 266 2553 925 2598; baseline -0.002 -11"><span class='ocrx_word' id='word_1_249' title='bbox 266 2555 393 2598; x_wconf 79' lang='lat' dir='ltr'><strong>Suffici]</strong></span> <span class='ocrx_word' id='word_1_250' title='bbox 417 2555 467 2586; x_wconf 91' lang='lat' dir='ltr'><strong>Ut</strong></span> <span class='ocrx_word' id='word_1_251' title='bbox 473 2553 595 2594; x_wconf 81' lang='lat' dir='ltr'><strong>facere,</strong></span> <span class='ocrx_word' id='word_1_252' title='bbox 609 2553 658 2586; x_wconf 86' lang='lat' dir='ltr'><strong>sic</strong></span> <span class='ocrx_word' id='word_1_253' title='bbox 669 2557 706 2585; x_wconf 80' lang='lat' dir='ltr'><strong>e&#39;t</strong></span> <span class='ocrx_word' id='word_1_254' title='bbox 715 2554 853 2596; x_wconf 68' lang='lat' dir='ltr'><strong>sufficere</strong></span> <span class='ocrx_word' id='word_1_255' title='bbox 863 2554 925 2586; x_wconf 77' lang='lat' dir='ltr'><strong>hae-</strong></span> 
     </span>
     <span class='ocr_line' id='line_1_47' title="bbox 220 2603 926 2645; baseline -0.001 -8"><span class='ocrx_word' id='word_1_256' title='bbox 220 2605 310 2638; x_wconf 76' lang='lat' dir='ltr'><strong>redes</strong></span> <span class='ocrx_word' id='word_1_257' title='bbox 324 2605 482 2645; x_wconf 82' lang='lat' dir='ltr'><strong>dicimur,</strong></span> <span class='ocrx_word' id='word_1_258' title='bbox 508 2614 585 2638; x_wconf 90' lang='lat' dir='ltr'><strong>cum</strong></span> <span class='ocrx_word' id='word_1_259' title='bbox 605 2603 689 2636; x_wconf 83' lang='lat' dir='ltr'><strong>alios</strong></span> <span class='ocrx_word' id='word_1_260' title='bbox 715 2604 789 2636; x_wconf 87' lang='lat' dir='ltr'><strong>aliis</strong></span> <span class='ocrx_word' id='word_1_261' title='bbox 806 2604 926 2636; x_wconf 88' lang='lat' dir='ltr'><strong>substi-</strong></span> 
     </span>
     <span class='ocr_line' id='line_1_48' title="bbox 221 2653 925 2697; baseline -0.003 -10"><span class='ocrx_word' id='word_1_262' title='bbox 221 2655 359 2696; x_wconf 88' lang='lat' dir='ltr'><strong>tuimus,</strong></span> <span class='ocrx_word' id='word_1_263' title='bbox 388 2664 581 2697; x_wconf 85' lang='lat' dir='ltr'><strong>quanquam</strong></span> <span class='ocrx_word' id='word_1_264' title='bbox 595 2654 701 2696; x_wconf 85' lang='lat' dir='ltr'><strong>magis</strong></span> <span class='ocrx_word' id='word_1_265' title='bbox 714 2653 842 2686; x_wconf 88' lang='lat' dir='ltr'><strong>usitate</strong></span> <span class='ocrx_word' id='word_1_266' title='bbox 855 2654 925 2685; x_wconf 83' lang='lat' dir='ltr'><strong>sub-</strong></span> 
     </span>
     <span class='ocr_line' id='line_1_49' title="bbox 219 2705 925 2738; baseline -0.003 0"><span class='ocrx_word' id='word_1_267' title='bbox 219 2705 313 2738; x_wconf 71' lang='lat' dir='ltr'><strong>stitui</strong></span> <span class='ocrx_word' id='word_1_268' title='bbox 328 2705 498 2737; x_wconf 84' lang='lat' dir='ltr'><strong>dicantur.</strong></span> <span class='ocrx_word' id='word_1_269' title='bbox 542 2705 651 2737; x_wconf 86' lang='lat' dir='ltr'><strong>Simili</strong></span> <span class='ocrx_word' id='word_1_270' title='bbox 667 2714 766 2737; x_wconf 89' lang='lat' dir='ltr'><strong>sensu</strong></span> <span class='ocrx_word' id='word_1_271' title='bbox 789 2705 925 2737; x_wconf 90' lang='lat' dir='ltr'><strong>Cornel.</strong></span> 
     </span>
     <span class='ocr_line' id='line_1_50' title="bbox 221 2754 925 2798; baseline -0.007 -8"><span class='ocrx_word' id='word_1_272' title='bbox 221 2757 315 2798; x_wconf 86' lang='lat' dir='ltr'><strong>Nep.</strong></span> <span class='ocrx_word' id='word_1_273' title='bbox 334 2756 490 2789; x_wconf 87' lang='lat' dir='ltr'><strong>Hannib.</strong></span> <span class='ocrx_word' id='word_1_274' title='bbox 506 2766 537 2789; x_wconf 92' lang='lat' dir='ltr'><strong>c.</strong></span> <span class='ocrx_word' id='word_1_275' title='bbox 549 2760 580 2789; x_wconf 86' lang='lat'><strong>5.</strong></span> <span class='ocrx_word' id='word_1_276' title='bbox 605 2757 615 2774; x_wconf 92' lang='lat'>‘</span> <span class='ocrx_word' id='word_1_277' title='bbox 626 2755 844 2789; x_wconf 83' lang='lat' dir='ltr'><strong>Hasdrubale</strong></span> <span class='ocrx_word' id='word_1_278' title='bbox 859 2754 925 2786; x_wconf 92' lang='lat' dir='ltr'><strong>Im-</strong></span> 
     </span>
    </p>
   </div>
   <div class='ocr_carea' id='block_1_3' title="bbox 220 2807 926 2852">
    <p class='ocr_par' dir='ltr' id='par_1_7' title="bbox 220 2807 926 2852">
     <span class='ocr_line' id='line_1_51' title="bbox 220 2807 926 2852; baseline -0.011 -7"><span class='ocrx_word' id='word_1_279' title='bbox 220 2815 383 2852; x_wconf 78' lang='lat' dir='ltr'><strong>peratore</strong></span> <span class='ocrx_word' id='word_1_280' title='bbox 392 2808 548 2851; x_wconf 81' lang='lat' dir='ltr'><strong>suffecto,</strong></span> <span class='ocrx_word' id='word_1_281' title='bbox 560 2807 728 2852; x_wconf 82' lang='lat' dir='ltr'><strong>equitatui</strong></span> <span class='ocrx_word' id='word_1_282' title='bbox 740 2807 829 2840; x_wconf 88' lang='lat' dir='ltr'><strong>omni</strong></span> <span class='ocrx_word' id='word_1_283' title='bbox 841 2816 926 2850; x_wconf 81' lang='lat' dir='ltr'><strong>prae-</strong></span> 
     </span>
    </p>
   </div>
   <div class='ocr_carea' id='block_1_4' title="bbox 697 217 1226 253">
    <p class='ocr_par' dir='ltr' id='par_1_8' title="bbox 697 217 1226 253">
     <span class='ocr_line' id='line_1_52' title="bbox 697 217 1226 253; baseline 0.006 -3"><span class='ocrx_word' id='word_1_284' title='bbox 697 218 841 252; x_wconf 76' lang='lat' dir='ltr'>NOTAE</span> <span class='ocrx_word' id='word_1_285' title='bbox 876 217 1139 251; x_wconf 62' lang='lat' dir='ltr'><strong>vammum</strong></span> <span class='ocrx_word' id='word_1_286' title='bbox 1173 218 1226 253; x_wconf 72' lang='lat' dir='ltr'><strong>m</strong></span> 
     </span>
    </p>
   </div>
   <div class='ocr_carea' id='block_1_5' title="bbox 975 313 1711 2846">
    <p class='ocr_par' dir='ltr' id='par_1_9' title="bbox 980 313 1711 563">
     <span class='ocr_line' id='line_1_53' title="bbox 981 313 1688 360; baseline 0.004 -12"><span class='ocrx_word' id='word_1_287' title='bbox 981 313 1074 349; x_wconf 62' lang='lat' dir='ltr'><strong>fnit?</strong></span> <span class='ocrx_word' id='word_1_288' title='bbox 1116 316 1289 358; x_wconf 68' lang='lat' dir='ltr'><strong>Caeterum</strong></span> <span class='ocrx_word' id='word_1_289' title='bbox 1300 314 1402 360; x_wconf 70' lang='lat' dir='ltr'><strong>suffici</strong></span> <span class='ocrx_word' id='word_1_290' title='bbox 1414 326 1459 358; x_wconf 73' lang='lat' dir='ltr'><strong>se,</strong></span> <span class='ocrx_word' id='word_1_291' title='bbox 1473 325 1550 359; x_wconf 85' lang='lat' dir='ltr'><strong>pro,</strong></span> <span class='ocrx_word' id='word_1_292' title='bbox 1563 315 1688 352; x_wconf 70' lang='lat' dir='ltr'><strong>suffec-</strong></span> 
     </span>
     <span class='ocr_line' id='line_1_54' title="bbox 981 365 1688 410; baseline 0.003 -12"><span class='ocrx_word' id='word_1_293' title='bbox 981 369 1053 399; x_wconf 91' lang='lat' dir='ltr'><strong>tum</strong></span> <span class='ocrx_word' id='word_1_294' title='bbox 1068 365 1125 408; x_wconf 87' lang='lat' dir='ltr'><strong>iri,</strong></span> <span class='ocrx_word' id='word_1_295' title='bbox 1151 367 1219 409; x_wconf 85' lang='lat' dir='ltr'><strong>vel,</strong></span> <span class='ocrx_word' id='word_1_296' title='bbox 1241 366 1476 401; x_wconf 86' lang='lat' dir='ltr'><strong>sufficiendum</strong></span> <span class='ocrx_word' id='word_1_297' title='bbox 1491 376 1589 409; x_wconf 82' lang='lat' dir='ltr'><strong>esse„</strong></span> <span class='ocrx_word' id='word_1_298' title='bbox 1605 377 1688 410; x_wconf 57' lang='lat' dir='ltr'><strong>qum,</strong></span> 
     </span>
     <span class='ocr_line' id='line_1_55' title="bbox 980 416 1688 460; baseline 0.003 -11"><span class='ocrx_word' id='word_1_299' title='bbox 980 416 1084 449; x_wconf 89' lang='lat' dir='ltr'><strong>modo</strong></span> <span class='ocrx_word' id='word_1_300' title='bbox 1108 417 1199 459; x_wconf 90' lang='lat' dir='ltr'><strong>apud</strong></span> <span class='ocrx_word' id='word_1_301' title='bbox 1227 418 1408 460; x_wconf 80' lang='lat' dir='ltr'><strong>Virgilium</strong></span> <span class='ocrx_word' id='word_1_302' title='bbox 1434 418 1513 452; x_wconf 85' lang='lat' dir='ltr'><strong>AEn.</strong></span> <span class='ocrx_word' id='word_1_303' title='bbox 1529 427 1554 451; x_wconf 83' lang='lat'><strong>1.</strong></span> <span class='ocrx_word' id='word_1_304' title='bbox 1577 418 1688 451; x_wconf 87' lang='lat' dir='ltr'><strong>‘Pro-</strong></span> 
     </span>
     <span class='ocr_line' id='line_1_56' title="bbox 982 466 1711 512; baseline 0.005 -13"><span class='ocrx_word' id='word_1_305' title='bbox 982 466 1118 509; x_wconf 84' lang='lat' dir='ltr'><strong>geniem</strong></span> <span class='ocrx_word' id='word_1_306' title='bbox 1133 467 1194 501; x_wconf 83' lang='lat' dir='ltr'><strong>sed</strong></span> <span class='ocrx_word' id='word_1_307' title='bbox 1215 468 1306 501; x_wconf 92' lang='lat' dir='ltr'><strong>enim</strong></span> <span class='ocrx_word' id='word_1_308' title='bbox 1320 469 1467 511; x_wconf 81' lang='lat' dir='ltr'><strong>Trojano</strong></span> <span class='ocrx_word' id='word_1_309' title='bbox 1482 479 1504 502; x_wconf 87' lang='lat' dir='ltr'><strong>a</strong></span> <span class='ocrx_word' id='word_1_310' title='bbox 1517 470 1686 512; x_wconf 76' lang='lat' dir='ltr'><strong>sanguine</strong></span> <span class='ocrx_word' id='word_1_311' title='bbox 1709 491 1711 493; x_wconf 66' lang='grc'><em>»</em></span> 
     </span>
     <span class='ocr_line' id='line_1_57' title="bbox 981 517 1690 563; baseline 0.011 -13"><span class='ocrx_word' id='word_1_312' title='bbox 981 517 1063 551; x_wconf 87' lang='lat' dir='ltr'><strong>duci</strong></span> <span class='ocrx_word' id='word_1_313' title='bbox 1078 517 1247 554; x_wconf 82' lang='lat' dir='ltr'><strong>Audierat</strong></span> <span class='ocrx_word' id='word_1_314' title='bbox 1259 519 1279 554; x_wconf 69' lang='grc' dir='ltr'><strong>ι’</strong></span> <span class='ocrx_word' id='word_1_315' title='bbox 1301 530 1377 563; x_wconf 87' lang='lat' dir='ltr'><strong>pro,</strong></span> <span class='ocrx_word' id='word_1_316' title='bbox 1391 520 1585 554; x_wconf 80' lang='lat' dir='ltr'><strong>ducendam</strong></span> <span class='ocrx_word' id='word_1_317' title='bbox 1596 530 1690 558; x_wconf 64' lang='lat' dir='ltr'><strong>em.</strong></span> 
     </span>
    </p>

    <p class='ocr_par' dir='ltr' id='par_1_10' title="bbox 978 620 1689 1122">
     <span class='ocr_line' id='line_1_58' title="bbox 1025 620 1686 663; baseline 0.008 -11"><span class='ocrx_word' id='word_1_318' title='bbox 1025 620 1229 663; x_wconf 80' lang='lat' dir='ltr'><strong>Proximum]</strong></span> <span class='ocrx_word' id='word_1_319' title='bbox 1251 620 1284 655; x_wconf 84' lang='lat' dir='ltr'>A</span> <span class='ocrx_word' id='word_1_320' title='bbox 1298 621 1370 654; x_wconf 85' lang='lat' dir='ltr'><strong>filio</strong></span> <span class='ocrx_word' id='word_1_321' title='bbox 1383 622 1561 656; x_wconf 81' lang='lat' dir='ltr'><strong>videlicet.</strong></span> <span class='ocrx_word' id='word_1_322' title='bbox 1594 622 1686 657; x_wconf 76' lang='lat' dir='ltr'><strong>Nam</strong></span> 
     </span>
     <span class='ocr_line' id='line_1_59' title="bbox 982 671 1686 716; baseline 0.007 -13"><span class='ocrx_word' id='word_1_323' title='bbox 982 671 1122 713; x_wconf 88' lang='lat' dir='ltr'><strong>proprie</strong></span> <span class='ocrx_word' id='word_1_324' title='bbox 1137 672 1395 716; x_wconf 88' lang='lat' dir='ltr'><strong>solenniterque</strong></span> <span class='ocrx_word' id='word_1_325' title='bbox 1423 673 1460 706; x_wconf 81' lang='lat' dir='ltr'><strong>hi</strong></span> <span class='ocrx_word' id='word_1_326' title='bbox 1488 677 1498 693; x_wconf 90' lang='lat'>‘</span> <span class='ocrx_word' id='word_1_327' title='bbox 1513 673 1686 714; x_wconf 55' lang='lat' dir='ltr'><strong>Secundif</strong></span> 
     </span>
     <span class='ocr_line' id='line_1_60' title="bbox 982 723 1688 765; baseline 0.003 -10"><span class='ocrx_word' id='word_1_328' title='bbox 982 723 1215 765; x_wconf 85' lang='lat' dir='ltr'><strong>appellantur.</strong></span> <span class='ocrx_word' id='word_1_329' title='bbox 1251 723 1395 757; x_wconf 84' lang='lat' dir='ltr'><strong>Persius</strong></span> <span class='ocrx_word' id='word_1_330' title='bbox 1416 724 1489 758; x_wconf 86' lang='lat' dir='ltr'><strong>Sat.</strong></span> <span class='ocrx_word' id='word_1_331' title='bbox 1511 733 1616 761; x_wconf 56' lang='grc' dir='ltr'><strong>κιαι.</strong></span> <span class='ocrx_word' id='word_1_332' title='bbox 1632 727 1688 758; x_wconf 78' lang='lat'><strong>12.</strong></span> 
     </span>
     <span class='ocr_line' id='line_1_61' title="bbox 980 773 1686 817; baseline 0.004 -11"><span class='ocrx_word' id='word_1_333' title='bbox 980 773 991 792; x_wconf 80' lang='lat'><strong>⁴</strong></span> <span class='ocrx_word' id='word_1_334' title='bbox 1003 773 1226 816; x_wconf 80' lang='lat' dir='ltr'><strong>Pupillumve</strong></span> <span class='ocrx_word' id='word_1_335' title='bbox 1256 773 1401 816; x_wconf 80' lang='lat' dir='ltr'><strong>utinam,</strong></span> <span class='ocrx_word' id='word_1_336' title='bbox 1434 783 1541 817; x_wconf 82' lang='lat' dir='ltr'><strong>quem</strong></span> <span class='ocrx_word' id='word_1_337' title='bbox 1570 775 1686 817; x_wconf 76' lang='lat' dir='ltr'><strong>proxi·</strong></span> 
     </span>
     <span class='ocr_line' id='line_1_62' title="bbox 981 824 1688 867; baseline 0.006 -10"><span class='ocrx_word' id='word_1_338' title='bbox 981 834 1054 858; x_wconf 87' lang='lat' dir='ltr'><strong>mus</strong></span> <span class='ocrx_word' id='word_1_339' title='bbox 1066 825 1178 857; x_wconf 65' lang='lat' dir='ltr'><strong>baares</strong></span> <span class='ocrx_word' id='word_1_340' title='bbox 1194 824 1353 867; x_wconf 88' lang='lat' dir='ltr'><strong>1mpello,</strong></span> <span class='ocrx_word' id='word_1_341' title='bbox 1364 825 1582 867; x_wconf 54' lang='lat' dir='ltr'><strong>expungam}</strong></span> <span class='ocrx_word' id='word_1_342' title='bbox 1613 826 1688 861; x_wconf 65' lang='lat' dir='ltr'><strong>Ha·</strong></span> 
     </span>
     <span class='ocr_line' id='line_1_63' title="bbox 982 875 1686 920; baseline 0.004 -12"><span class='ocrx_word' id='word_1_343' title='bbox 982 875 1042 909; x_wconf 84' lang='lat' dir='ltr'><strong>bes</strong></span> <span class='ocrx_word' id='word_1_344' title='bbox 1059 880 1172 908; x_wconf 85' lang='lat' dir='ltr'><strong>tamen</strong></span> <span class='ocrx_word' id='word_1_345' title='bbox 1182 880 1219 909; x_wconf 91' lang='lat' dir='ltr'><strong>et</strong></span> <span class='ocrx_word' id='word_1_346' title='bbox 1234 875 1327 918; x_wconf 86' lang='lat' dir='ltr'><strong>apud</strong></span> <span class='ocrx_word' id='word_1_347' title='bbox 1345 875 1543 909; x_wconf 85' lang='lat' dir='ltr'><strong>Salvianum</strong></span> <span class='ocrx_word' id='word_1_348' title='bbox 1557 876 1603 910; x_wconf 81' lang='lat' dir='ltr'><strong>ad</strong></span> <span class='ocrx_word' id='word_1_349' title='bbox 1617 876 1686 920; x_wconf 46' lang='lat' dir='ltr'><strong>Ee&lt;</strong></span> 
     </span>
     <span class='ocr_line' id='line_1_64' title="bbox 981 926 1689 969; baseline 0.004 -9"><span class='ocrx_word' id='word_1_350' title='bbox 981 928 1062 961; x_wconf 84' lang='lat' dir='ltr'><strong>cles.</strong></span> <span class='ocrx_word' id='word_1_351' title='bbox 1085 927 1221 961; x_wconf 75' lang='lat' dir='ltr'><strong>Cathol.</strong></span> <span class='ocrx_word' id='word_1_352' title='bbox 1246 926 1308 960; x_wconf 87' lang='lat' dir='ltr'><strong>lib.</strong></span> <span class='ocrx_word' id='word_1_353' title='bbox 1330 935 1388 960; x_wconf 88' lang='lat'><strong>111.</strong></span> <span class='ocrx_word' id='word_1_354' title='bbox 1417 926 1462 967; x_wconf 81' lang='lat' dir='ltr'><strong>de</strong></span> <span class='ocrx_word' id='word_1_355' title='bbox 1485 926 1599 969; x_wconf 66' lang='lat' dir='ltr'><strong>primo,</strong></span> <span class='ocrx_word' id='word_1_356' title='bbox 1616 927 1689 967; x_wconf 40' lang='lat' dir='ltr'><strong>hee</strong></span> 
     </span>
     <span class='ocr_line' id='line_1_65' title="bbox 980 977 1687 1022; baseline 0 -10"><span class='ocrx_word' id='word_1_357' title='bbox 980 980 1077 1022; x_wconf 88' lang='lat' dir='ltr'><strong>rede,</strong></span> <span class='ocrx_word' id='word_1_358' title='bbox 1105 980 1141 1012; x_wconf 89' lang='lat' dir='ltr'><strong>in</strong></span> <span class='ocrx_word' id='word_1_359' title='bbox 1171 978 1314 1021; x_wconf 87' lang='lat' dir='ltr'><strong>antiqua</strong></span> <span class='ocrx_word' id='word_1_360' title='bbox 1352 977 1518 1011; x_wconf 81' lang='lat' dir='ltr'><strong>formula:</strong></span> <span class='ocrx_word' id='word_1_361' title='bbox 1557 979 1568 997; x_wconf 88' lang='lat'>‘</span> <span class='ocrx_word' id='word_1_362' title='bbox 1582 978 1687 1013; x_wconf 84' lang='lat' dir='ltr'><strong>Illum</strong></span> 
     </span>
     <span class='ocr_line' id='line_1_66' title="bbox 978 1028 1687 1072; baseline 0 -8"><span class='ocrx_word' id='word_1_363' title='bbox 978 1031 1152 1064; x_wconf 78' lang='lat' dir='ltr'><strong>haeredem</strong></span> <span class='ocrx_word' id='word_1_364' title='bbox 1180 1029 1295 1063; x_wconf 84' lang='lat' dir='ltr'><strong>scribo</strong></span> <span class='ocrx_word' id='word_1_365' title='bbox 1330 1028 1522 1072; x_wconf 83' lang='lat' dir='ltr'><strong>proximum</strong></span> <span class='ocrx_word' id='word_1_366' title='bbox 1547 1029 1687 1068; x_wconf 58' lang='lat' dir='ltr'><strong>meum-ff</strong></span> 
     </span>
     <span class='ocr_line' id='line_1_67' title="bbox 979 1082 1663 1122; baseline -0.001 -6"><span class='ocrx_word' id='word_1_367' title='bbox 979 1082 1087 1122; x_wconf 68' lang='lat' dir='ltr'><strong>Schef.</strong></span> <span class='ocrx_word' id='word_1_368' title='bbox 1627 1119 1629 1121; x_wconf 47' lang='grc'>,</span> <span class='ocrx_word' id='word_1_369' title='bbox 1661 1116 1663 1119; x_wconf 72' lang='grc'><strong>,</strong></span> 
     </span>
    </p>

    <p class='ocr_par' dir='ltr' id='par_1_11' title="bbox 977 1132 1687 2284">
     <span class='ocr_line' id='line_1_68' title="bbox 1022 1132 1687 1174; baseline 0.002 -8"><span class='ocrx_word' id='word_1_370' title='bbox 1022 1136 1063 1166; x_wconf 79' lang='lat'><strong>13</strong></span> <span class='ocrx_word' id='word_1_371' title='bbox 1087 1133 1189 1174; x_wconf 83' lang='lat' dir='ltr'><strong>Dum]</strong></span> <span class='ocrx_word' id='word_1_372' title='bbox 1211 1133 1336 1166; x_wconf 86' lang='lat' dir='ltr'><strong>Mallet</strong></span> <span class='ocrx_word' id='word_1_373' title='bbox 1364 1143 1433 1166; x_wconf 79' lang='lat' dir='ltr'><strong>cum</strong></span> <span class='ocrx_word' id='word_1_374' title='bbox 1453 1132 1625 1168; x_wconf 82' lang='lat' dir='ltr'><strong>Rittersb.</strong></span> <span class='ocrx_word' id='word_1_375' title='bbox 1646 1137 1687 1167; x_wconf 74' lang='lat' dir='ltr'><strong>et</strong></span> 
     </span>
     <span class='ocr_line' id='line_1_69' title="bbox 979 1183 1687 1217; baseline -0.001 0"><span class='ocrx_word' id='word_1_376' title='bbox 979 1184 1029 1217; x_wconf 91' lang='lat' dir='ltr'><strong>sic</strong></span> <span class='ocrx_word' id='word_1_377' title='bbox 1045 1184 1155 1217; x_wconf 84' lang='lat' dir='ltr'><strong>edidit</strong></span> <span class='ocrx_word' id='word_1_378' title='bbox 1170 1184 1353 1217; x_wconf 83' lang='lat' dir='ltr'><strong>Meursius.</strong></span> <span class='ocrx_word' id='word_1_379' title='bbox 1376 1183 1447 1217; x_wconf 84' lang='lat' dir='ltr'><strong>Sed</strong></span> <span class='ocrx_word' id='word_1_380' title='bbox 1456 1183 1599 1217; x_wconf 76' lang='lat' dir='ltr'><strong>fortasse</strong></span> <span class='ocrx_word' id='word_1_381' title='bbox 1614 1192 1687 1216; x_wconf 84' lang='lat' dir='ltr'><strong>rec-</strong></span> 
     </span>
     <span class='ocr_line' id='line_1_70' title="bbox 979 1234 1686 1277; baseline 0 -9"><span class='ocrx_word' id='word_1_382' title='bbox 979 1235 1048 1269; x_wconf 90' lang='lat' dir='ltr'><strong>tius</strong></span> <span class='ocrx_word' id='word_1_383' title='bbox 1063 1235 1148 1268; x_wconf 89' lang='lat' dir='ltr'><strong>illud</strong></span> <span class='ocrx_word' id='word_1_384' title='bbox 1160 1237 1235 1268; x_wconf 88' lang='lat' dir='ltr'><strong>dum</strong></span> <span class='ocrx_word' id='word_1_385' title='bbox 1246 1234 1494 1277; x_wconf 82' lang='lat' dir='ltr'><strong>explicabimus</strong></span> <span class='ocrx_word' id='word_1_386' title='bbox 1502 1244 1579 1277; x_wconf 69' lang='lat' dir='ltr'><strong>pet,</strong></span> <span class='ocrx_word' id='word_1_387' title='bbox 1587 1234 1686 1269; x_wconf 78' lang='lat' dir='ltr'><strong>dnm·</strong></span> 
     </span>
     <span class='ocr_line' id='line_1_71' title="bbox 978 1285 1685 1328; baseline 0.001 -10"><span class='ocrx_word' id='word_1_388' title='bbox 978 1286 1095 1319; x_wconf 89' lang='lat' dir='ltr'><strong>modo.</strong></span> <span class='ocrx_word' id='word_1_389' title='bbox 1119 1286 1243 1319; x_wconf 87' lang='lat' dir='ltr'><strong>Salust.</strong></span> <span class='ocrx_word' id='word_1_390' title='bbox 1267 1287 1356 1319; x_wconf 88' lang='lat' dir='ltr'><strong>Bell.</strong></span> <span class='ocrx_word' id='word_1_391' title='bbox 1368 1286 1446 1319; x_wconf 82' lang='lat' dir='ltr'><strong>Cat.</strong></span> <span class='ocrx_word' id='word_1_392' title='bbox 1467 1285 1533 1319; x_wconf 72' lang='lat'><strong>‘111</strong></span> <span class='ocrx_word' id='word_1_393' title='bbox 1560 1285 1685 1328; x_wconf 76' lang='lat' dir='ltr'><strong>quibus</strong></span> 
     </span>
     <span class='ocr_line' id='line_1_72' title="bbox 978 1336 1686 1380; baseline 0 -11"><span class='ocrx_word' id='word_1_394' title='bbox 978 1337 1088 1369; x_wconf 90' lang='lat' dir='ltr'><strong>modis</strong></span> <span class='ocrx_word' id='word_1_395' title='bbox 1103 1340 1354 1380; x_wconf 86' lang='lat' dir='ltr'><strong>assequeretur,</strong></span> <span class='ocrx_word' id='word_1_396' title='bbox 1368 1336 1449 1369; x_wconf 82' lang='lat' dir='ltr'><strong>dum</strong></span> <span class='ocrx_word' id='word_1_397' title='bbox 1459 1336 1686 1379; x_wconf 62' lang='lat' dir='ltr'><strong>albinganum</strong></span> 
     </span>
     <span class='ocr_line' id='line_1_73' title="bbox 979 1386 1686 1430; baseline 0.004 -11"><span class='ocrx_word' id='word_1_398' title='bbox 979 1391 1134 1429; x_wconf 86' lang='lat' dir='ltr'><strong>pararet,</strong></span> <span class='ocrx_word' id='word_1_399' title='bbox 1143 1387 1194 1419; x_wconf 89' lang='lat' dir='ltr'><strong>nil</strong></span> <span class='ocrx_word' id='word_1_400' title='bbox 1203 1387 1388 1430; x_wconf 87' lang='lat' dir='ltr'><strong>quidquam</strong></span> <span class='ocrx_word' id='word_1_401' title='bbox 1403 1387 1499 1429; x_wconf 85' lang='lat' dir='ltr'><strong>pensi</strong></span> <span class='ocrx_word' id='word_1_402' title='bbox 1513 1386 1686 1423; x_wconf 55' lang='lat' dir='ltr'><strong>habehat:</strong></span> 
     </span>
     <span class='ocr_line' id='line_1_74' title="bbox 979 1436 1685 1481; baseline 0.001 -11"><span class='ocrx_word' id='word_1_403' title='bbox 979 1437 1085 1477; x_wconf 74' lang='lat' dir='ltr'><strong>Schef.</strong></span> <span class='ocrx_word' id='word_1_404' title='bbox 1146 1439 1228 1471; x_wconf 91' lang='lat' dir='ltr'><strong>Non</strong></span> <span class='ocrx_word' id='word_1_405' title='bbox 1265 1442 1383 1480; x_wconf 82' lang='lat' dir='ltr'><strong>potest</strong></span> <span class='ocrx_word' id='word_1_406' title='bbox 1411 1438 1467 1472; x_wconf 83' lang='lat' dir='ltr'><strong>bic</strong></span> <span class='ocrx_word' id='word_1_407' title='bbox 1501 1436 1580 1480; x_wconf 81' lang='lat' dir='ltr'><strong>capi</strong></span> <span class='ocrx_word' id='word_1_408' title='bbox 1609 1447 1685 1481; x_wconf 88' lang='lat' dir='ltr'><strong>pro,</strong></span> 
     </span>
     <span class='ocr_line' id='line_1_75' title="bbox 980 1488 1686 1531; baseline 0.003 -11"><span class='ocrx_word' id='word_1_409' title='bbox 980 1488 1176 1530; x_wconf 89' lang='lat' dir='ltr'><strong>dummodo,</strong></span> <span class='ocrx_word' id='word_1_410' title='bbox 1196 1492 1236 1521; x_wconf 90' lang='lat' dir='ltr'><strong>ut</strong></span> <span class='ocrx_word' id='word_1_411' title='bbox 1251 1498 1330 1521; x_wconf 84' lang='lat' dir='ltr'><strong>mox</strong></span> <span class='ocrx_word' id='word_1_412' title='bbox 1345 1489 1486 1531; x_wconf 87' lang='lat' dir='ltr'><strong>ponitur</strong></span> <span class='ocrx_word' id='word_1_413' title='bbox 1508 1498 1563 1528; x_wconf 71' lang='lat' dir='ltr'><strong>ys.</strong></span> <span class='ocrx_word' id='word_1_414' title='bbox 1577 1491 1686 1527; x_wconf 69' lang='lat' dir='ltr'><strong>28.et</strong></span> 
     </span>
     <span class='ocr_line' id='line_1_76' title="bbox 978 1538 1684 1582; baseline 0.004 -11"><span class='ocrx_word' id='word_1_415' title='bbox 978 1538 1051 1572; x_wconf 82' lang='lat' dir='ltr'><strong>fab.</strong></span> <span class='ocrx_word' id='word_1_416' title='bbox 1068 1540 1218 1581; x_wconf 85' lang='lat' dir='ltr'><strong>praeced.</strong></span> <span class='ocrx_word' id='word_1_417' title='bbox 1235 1544 1272 1572; x_wconf 93' lang='lat' dir='ltr'><strong>et</strong></span> <span class='ocrx_word' id='word_1_418' title='bbox 1286 1539 1379 1582; x_wconf 89' lang='lat' dir='ltr'><strong>apud</strong></span> <span class='ocrx_word' id='word_1_419' title='bbox 1394 1540 1503 1582; x_wconf 88' lang='lat' dir='ltr'><strong>Prop.</strong></span> <span class='ocrx_word' id='word_1_420' title='bbox 1514 1549 1540 1573; x_wconf 89' lang='lat'><strong>1.</strong></span> <span class='ocrx_word' id='word_1_421' title='bbox 1551 1542 1604 1578; x_wconf 81' lang='grc'><strong>11.</strong></span> <span class='ocrx_word' id='word_1_422' title='bbox 1619 1540 1684 1574; x_wconf 83' lang='lat' dir='ltr'><strong>ult.</strong></span> 
     </span>
     <span class='ocr_line' id='line_1_77' title="bbox 979 1590 1686 1633; baseline 0.003 -11"><span class='ocrx_word' id='word_1_423' title='bbox 979 1590 1039 1623; x_wconf 92' lang='lat' dir='ltr'><strong>ubi</strong></span> <span class='ocrx_word' id='word_1_424' title='bbox 1054 1590 1134 1623; x_wconf 87' lang='lat' dir='ltr'><strong>vide</strong></span> <span class='ocrx_word' id='word_1_425' title='bbox 1145 1590 1279 1624; x_wconf 86' lang='lat' dir='ltr'><strong>Passer.</strong></span> <span class='ocrx_word' id='word_1_426' title='bbox 1322 1590 1472 1624; x_wconf 86' lang='lat' dir='ltr'><strong>Ponitur</strong></span> <span class='ocrx_word' id='word_1_427' title='bbox 1486 1594 1524 1624; x_wconf 84' lang='lat' dir='ltr'><strong>et</strong></span> <span class='ocrx_word' id='word_1_428' title='bbox 1534 1600 1616 1633; x_wconf 81' lang='lat' dir='ltr'><strong>pro,</strong></span> <span class='ocrx_word' id='word_1_429' title='bbox 1627 1590 1686 1629; x_wconf 79' lang='lat' dir='ltr'><strong>do·</strong></span> 
     </span>
     <span class='ocr_line' id='line_1_78' title="bbox 978 1640 1686 1683; baseline 0 -9"><span class='ocrx_word' id='word_1_430' title='bbox 978 1651 1058 1683; x_wconf 89' lang='lat' dir='ltr'><strong>nec,</strong></span> <span class='ocrx_word' id='word_1_431' title='bbox 1070 1642 1128 1674; x_wconf 90' lang='lat' dir='ltr'><strong>lib.</strong></span> <span class='ocrx_word' id='word_1_432' title='bbox 1144 1651 1169 1675; x_wconf 87' lang='lat'><strong>1.</strong></span> <span class='ocrx_word' id='word_1_433' title='bbox 1185 1640 1256 1675; x_wconf 83' lang='lat' dir='ltr'><strong>fab.</strong></span> <span class='ocrx_word' id='word_1_434' title='bbox 1269 1643 1322 1674; x_wconf 86' lang='lat'><strong>19.</strong></span> <span class='ocrx_word' id='word_1_435' title='bbox 1346 1645 1384 1674; x_wconf 92' lang='lat' dir='ltr'><strong>et</strong></span> <span class='ocrx_word' id='word_1_436' title='bbox 1398 1645 1479 1674; x_wconf 87' lang='lat' dir='ltr'><strong>tunc</strong></span> <span class='ocrx_word' id='word_1_437' title='bbox 1494 1640 1686 1683; x_wconf 51' lang='lat' dir='ltr'><strong>subjuncti?</strong></span> 
     </span>
     <span class='ocr_line' id='line_1_79' title="bbox 978 1692 1686 1735; baseline 0 -11"><span class='ocrx_word' id='word_1_438' title='bbox 978 1703 1058 1726; x_wconf 89' lang='lat' dir='ltr'><strong>vum</strong></span> <span class='ocrx_word' id='word_1_439' title='bbox 1074 1692 1231 1735; x_wconf 88' lang='lat' dir='ltr'><strong>requirit.</strong></span> <span class='ocrx_word' id='word_1_440' title='bbox 1274 1692 1346 1726; x_wconf 82' lang='lat' dir='ltr'><strong>Sed</strong></span> <span class='ocrx_word' id='word_1_441' title='bbox 1371 1693 1443 1724; x_wconf 76' lang='lat' dir='ltr'><strong>dum</strong></span> <span class='ocrx_word' id='word_1_442' title='bbox 1466 1701 1615 1733; x_wconf 85' lang='lat' dir='ltr'><strong>semper,</strong></span> <span class='ocrx_word' id='word_1_443' title='bbox 1640 1700 1686 1730; x_wconf 75' lang='lat' dir='ltr'><strong>eo¹</strong></span> 
     </span>
     <span class='ocr_line' id='line_1_80' title="bbox 978 1742 1685 1785; baseline 0.001 -11"><span class='ocrx_word' id='word_1_444' title='bbox 978 1752 1089 1784; x_wconf 83' lang='lat' dir='ltr'><strong>sensu,</strong></span> <span class='ocrx_word' id='word_1_445' title='bbox 1118 1752 1185 1785; x_wconf 87' lang='lat' dir='ltr'><strong>quo</strong></span> <span class='ocrx_word' id='word_1_446' title='bbox 1201 1742 1255 1775; x_wconf 89' lang='lat' dir='ltr'><strong>bic</strong></span> <span class='ocrx_word' id='word_1_447' title='bbox 1278 1743 1419 1784; x_wconf 81' lang='lat' dir='ltr'><strong>ponitur</strong></span> <span class='ocrx_word' id='word_1_448' title='bbox 1459 1742 1685 1782; x_wconf 73' lang='lat' dir='ltr'><strong>indicativum</strong></span> 
     </span>
     <span class='ocr_line' id='line_1_81' title="bbox 977 1793 1683 1836; baseline 0 -10"><span class='ocrx_word' id='word_1_449' title='bbox 977 1794 1137 1836; x_wconf 83' lang='lat' dir='ltr'><strong>requirit,</strong></span> <span class='ocrx_word' id='word_1_450' title='bbox 1149 1798 1188 1826; x_wconf 91' lang='lat' dir='ltr'><strong>ut</strong></span> <span class='ocrx_word' id='word_1_451' title='bbox 1203 1803 1282 1826; x_wconf 86' lang='lat' dir='ltr'><strong>mox</strong></span> <span class='ocrx_word' id='word_1_452' title='bbox 1295 1803 1346 1826; x_wconf 84' lang='lat' dir='ltr'><strong>vs.</strong></span> <span class='ocrx_word' id='word_1_453' title='bbox 1359 1795 1412 1826; x_wconf 76' lang='lat'><strong>23.</strong></span> <span class='ocrx_word' id='word_1_454' title='bbox 1455 1793 1503 1831; x_wconf 81' lang='lat' dir='ltr'><strong>Et</strong></span> <span class='ocrx_word' id='word_1_455' title='bbox 1515 1797 1612 1826; x_wconf 80' lang='lat' dir='ltr'><strong>recte</strong></span> <span class='ocrx_word' id='word_1_456' title='bbox 1623 1793 1683 1826; x_wconf 85' lang='lat' dir='ltr'><strong>do-</strong></span> 
     </span>
     <span class='ocr_line' id='line_1_82' title="bbox 977 1843 1683 1877; baseline -0.001 0"><span class='ocrx_word' id='word_1_457' title='bbox 977 1845 1051 1877; x_wconf 90' lang='lat' dir='ltr'><strong>cuit</strong></span> <span class='ocrx_word' id='word_1_458' title='bbox 1059 1854 1208 1877; x_wconf 87' lang='lat' dir='ltr'><strong>summus</strong></span> <span class='ocrx_word' id='word_1_459' title='bbox 1221 1844 1373 1877; x_wconf 69' lang='lat' dir='ltr'><strong>GronoV.</strong></span> <span class='ocrx_word' id='word_1_460' title='bbox 1384 1843 1426 1876; x_wconf 84' lang='lat' dir='ltr'><strong>ad</strong></span> <span class='ocrx_word' id='word_1_461' title='bbox 1438 1844 1512 1877; x_wconf 73' lang='lat' dir='ltr'><strong>Lir.</strong></span> <span class='ocrx_word' id='word_1_462' title='bbox 1524 1852 1640 1876; x_wconf 83' lang='lat' dir='ltr'>xxxv.</span> <span class='ocrx_word' id='word_1_463' title='bbox 1651 1847 1683 1877; x_wconf 88' lang='lat'><strong>8.</strong></span> 
     </span>
     <span class='ocr_line' id='line_1_83' title="bbox 978 1895 1682 1938; baseline -0.003 -7"><span class='ocrx_word' id='word_1_464' title='bbox 978 1898 1093 1932; x_wconf 81' lang='lat' dir='ltr'><strong>Quare</strong></span> <span class='ocrx_word' id='word_1_465' title='bbox 1135 1897 1227 1929; x_wconf 90' lang='lat' dir='ltr'><strong>idem</strong></span> <span class='ocrx_word' id='word_1_466' title='bbox 1262 1896 1356 1938; x_wconf 82' lang='lat' dir='ltr'><strong>apud</strong></span> <span class='ocrx_word' id='word_1_467' title='bbox 1390 1895 1532 1929; x_wconf 84' lang='lat' dir='ltr'><strong>Quinct.</strong></span> <span class='ocrx_word' id='word_1_468' title='bbox 1576 1895 1682 1930; x_wconf 79' lang='lat' dir='ltr'><strong>Decl-</strong></span> 
     </span>
     <span class='ocr_line' id='line_1_84' title="bbox 978 1942 1683 1990; baseline -0.003 -10"><span class='ocrx_word' id='word_1_469' title='bbox 978 1957 1070 1981; x_wconf 83' lang='lat' dir='ltr'><strong>xvn.</strong></span> <span class='ocrx_word' id='word_1_470' title='bbox 1086 1942 1165 1990; x_wconf 79' lang='lat' dir='ltr'><strong>cap.</strong></span> <span class='ocrx_word' id='word_1_471' title='bbox 1182 1951 1213 1981; x_wconf 90' lang='lat' dir='ltr'><strong>l.</strong></span> <span class='ocrx_word' id='word_1_472' title='bbox 1237 1947 1337 1980; x_wconf 87' lang='lat' dir='ltr'><strong>initio</strong></span> <span class='ocrx_word' id='word_1_473' title='bbox 1361 1957 1426 1988; x_wconf 80' lang='lat' dir='ltr'><strong>pro</strong></span> <span class='ocrx_word' id='word_1_474' title='bbox 1439 1947 1513 1979; x_wconf 76' lang='lat' dir='ltr'><strong>dum</strong></span> <span class='ocrx_word' id='word_1_475' title='bbox 1535 1946 1683 1988; x_wconf 79' lang='lat' dir='ltr'><strong>rescrip-</strong></span> 
     </span>
     <span class='ocr_line' id='line_1_85' title="bbox 978 1996 1681 2041; baseline -0.003 -10"><span class='ocrx_word' id='word_1_476' title='bbox 978 1999 1023 2031; x_wconf 88' lang='lat' dir='ltr'><strong>sit</strong></span> <span class='ocrx_word' id='word_1_477' title='bbox 1037 2009 1118 2039; x_wconf 85' lang='lat' dir='ltr'><strong>cum,</strong></span> <span class='ocrx_word' id='word_1_478' title='bbox 1143 2008 1244 2041; x_wconf 87' lang='lat' dir='ltr'><strong>quem</strong></span> <span class='ocrx_word' id='word_1_479' title='bbox 1270 1997 1320 2030; x_wconf 87' lang='lat' dir='ltr'><strong>ibi</strong></span> <span class='ocrx_word' id='word_1_480' title='bbox 1346 1997 1437 2030; x_wconf 87' lang='lat' dir='ltr'><strong>vide.</strong></span> <span class='ocrx_word' id='word_1_481' title='bbox 1481 1997 1528 2030; x_wconf 87' lang='lat' dir='ltr'><strong>Et</strong></span> <span class='ocrx_word' id='word_1_482' title='bbox 1551 1996 1603 2030; x_wconf 76' lang='lat' dir='ltr'><strong>ita</strong></span> <span class='ocrx_word' id='word_1_483' title='bbox 1624 1996 1681 2030; x_wconf 83' lang='lat' dir='ltr'><strong>hic</strong></span> 
     </span>
     <span class='ocr_line' id='line_1_86' title="bbox 977 2050 1684 2089; baseline -0.004 -7"><span class='ocrx_word' id='word_1_484' title='bbox 977 2050 1114 2082; x_wconf 83' lang='lat' dir='ltr'><strong>mallem</strong></span> <span class='ocrx_word' id='word_1_485' title='bbox 1128 2059 1218 2087; x_wconf 79' lang='lat' dir='ltr'><strong>cum‚·</strong></span> <span class='ocrx_word' id='word_1_486' title='bbox 1240 2054 1277 2081; x_wconf 84' lang='lat' dir='ltr'><strong>et</strong></span> <span class='ocrx_word' id='word_1_487' title='bbox 1292 2052 1411 2081; x_wconf 84' lang='lat' dir='ltr'><strong>contra</strong></span> <span class='ocrx_word' id='word_1_488' title='bbox 1425 2057 1496 2080; x_wconf 83' lang='lat' dir='ltr'><strong>cum</strong></span> <span class='ocrx_word' id='word_1_489' title='bbox 1510 2056 1605 2089; x_wconf 80' lang='lat' dir='ltr'><strong>saepe</strong></span> <span class='ocrx_word' id='word_1_490' title='bbox 1618 2057 1684 2089; x_wconf 87' lang='lat' dir='ltr'><strong>pro</strong></span> 
     </span>
     <span class='ocr_line' id='line_1_87' title="bbox 978 2097 1683 2140; baseline -0.004 -7"><span class='ocrx_word' id='word_1_491' title='bbox 978 2101 1054 2133; x_wconf 83' lang='lat' dir='ltr'><strong>dum</strong></span> <span class='ocrx_word' id='word_1_492' title='bbox 1068 2100 1157 2133; x_wconf 83' lang='lat' dir='ltr'><strong>malo</strong></span> <span class='ocrx_word' id='word_1_493' title='bbox 1172 2108 1287 2132; x_wconf 85' lang='lat' dir='ltr'><strong>errore</strong></span> <span class='ocrx_word' id='word_1_494' title='bbox 1316 2108 1336 2131; x_wconf 89' lang='lat' dir='ltr'><strong>a</strong></span> <span class='ocrx_word' id='word_1_495' title='bbox 1360 2097 1589 2140; x_wconf 87' lang='lat' dir='ltr'><strong>scriptoribus</strong></span> <span class='ocrx_word' id='word_1_496' title='bbox 1606 2106 1683 2130; x_wconf 85' lang='lat' dir='ltr'><strong>esse</strong></span> 
     </span>
     <span class='ocr_line' id='line_1_88' title="bbox 979 2147 1686 2191; baseline -0.004 -8"><span class='ocrx_word' id='word_1_497' title='bbox 979 2155 1173 2191; x_wconf 85' lang='lat' dir='ltr'><strong>exaratum,</strong></span> <span class='ocrx_word' id='word_1_498' title='bbox 1197 2149 1303 2183; x_wconf 91' lang='lat' dir='ltr'><strong>docet</strong></span> <span class='ocrx_word' id='word_1_499' title='bbox 1329 2148 1467 2182; x_wconf 84' lang='lat' dir='ltr'><strong>Servius</strong></span> <span class='ocrx_word' id='word_1_500' title='bbox 1490 2147 1686 2188; x_wconf 53' lang='lat' dir='ltr'><strong>advirgil.</strong></span> 
     </span>
     <span class='ocr_line' id='line_1_89' title="bbox 979 2196 1682 2239; baseline -0.004 -6"><span class='ocrx_word' id='word_1_501' title='bbox 979 2201 1056 2234; x_wconf 84' lang='lat' dir='ltr'><strong>AEn.</strong></span> <span class='ocrx_word' id='word_1_502' title='bbox 1074 2211 1099 2233; x_wconf 87' lang='lat'><strong>1.</strong></span> <span class='ocrx_word' id='word_1_503' title='bbox 1115 2203 1194 2233; x_wconf 81' lang='lat'><strong>69⁷.</strong></span> <span class='ocrx_word' id='word_1_504' title='bbox 1222 2200 1304 2233; x_wconf 83' lang='lat' dir='ltr'><strong>vid.</strong></span> <span class='ocrx_word' id='word_1_505' title='bbox 1319 2204 1357 2232; x_wconf 89' lang='lat' dir='ltr'><strong>et</strong></span> <span class='ocrx_word' id='word_1_506' title='bbox 1372 2196 1538 2232; x_wconf 82' lang='lat' dir='ltr'><strong>Scbeffer.</strong></span> <span class='ocrx_word' id='word_1_507' title='bbox 1555 2197 1606 2239; x_wconf 52' lang='lat' dir='ltr'><strong>‚ad</strong></span> <span class='ocrx_word' id='word_1_508' title='bbox 1621 2197 1682 2231; x_wconf 84' lang='lat' dir='ltr'><strong>lib.</strong></span> 
     </span>
     <span class='ocr_line' id='line_1_90' title="bbox 979 2250 1276 2284; baseline -0.003 0"><span class='ocrx_word' id='word_1_509' title='bbox 979 2260 1004 2284; x_wconf 82' lang='grc' dir='ltr'><strong>ι.</strong></span> <span class='ocrx_word' id='word_1_510' title='bbox 1021 2250 1089 2284; x_wconf 89' lang='lat' dir='ltr'><strong>fab.</strong></span> <span class='ocrx_word' id='word_1_511' title='bbox 1105 2255 1137 2284; x_wconf 85' lang='grc'><strong>4.</strong></span> <span class='ocrx_word' id='word_1_512' title='bbox 1160 2251 1276 2284; x_wconf 84' lang='lat' dir='ltr'><strong>Burm.</strong></span> 
     </span>
    </p>

    <p class='ocr_par' dir='ltr' id='par_1_12' title="bbox 976 2298 1682 2441">
     <span class='ocr_line' id='line_1_91' title="bbox 1023 2298 1682 2343; baseline -0.003 -10"><span class='ocrx_word' id='word_1_513' title='bbox 1023 2304 1062 2333; x_wconf 81' lang='lat'><strong>14</strong></span> <span class='ocrx_word' id='word_1_514' title='bbox 1081 2302 1135 2334; x_wconf 87' lang='lat' dir='ltr'><strong>De</strong></span> <span class='ocrx_word' id='word_1_515' title='bbox 1140 2300 1302 2343; x_wconf 78' lang='lat' dir='ltr'><strong>flagitiis]</strong></span> <span class='ocrx_word' id='word_1_516' title='bbox 1320 2300 1376 2333; x_wconf 87' lang='lat' dir='ltr'><strong>Sic</strong></span> <span class='ocrx_word' id='word_1_517' title='bbox 1393 2299 1539 2334; x_wconf 83' lang='lat' dir='ltr'><strong>Quintil.</strong></span> <span class='ocrx_word' id='word_1_518' title='bbox 1553 2298 1614 2332; x_wconf 91' lang='lat' dir='ltr'><strong>lib.</strong></span> <span class='ocrx_word' id='word_1_519' title='bbox 1631 2308 1682 2332; x_wconf 77' lang='lat' dir='ltr'><strong>vr.</strong></span> 
     </span>
     <span class='ocr_line' id='line_1_92' title="bbox 977 2349 1679 2403; baseline -0.004 -18"><span class='ocrx_word' id='word_1_520' title='bbox 977 2362 1010 2385; x_wconf 88' lang='lat' dir='ltr'><strong>c.</strong></span> <span class='ocrx_word' id='word_1_521' title='bbox 1025 2355 1058 2384; x_wconf 75' lang='lat'><strong>3.</strong></span> <span class='ocrx_word' id='word_1_522' title='bbox 1082 2353 1091 2371; x_wconf 91' lang='lat'><em>‘</em></span> <span class='ocrx_word' id='word_1_523' title='bbox 1105 2353 1166 2385; x_wconf 85' lang='lat' dir='ltr'><strong>De</strong></span> <span class='ocrx_word' id='word_1_524' title='bbox 1179 2352 1277 2384; x_wconf 85' lang='lat' dir='ltr'><strong>annis</strong></span> <span class='ocrx_word' id='word_1_525' title='bbox 1301 2351 1414 2384; x_wconf 73' lang='lat' dir='ltr'><strong>aetatis</strong></span> <span class='ocrx_word' id='word_1_526' title='bbox 1443 2359 1514 2383; x_wconf 80' lang='lat' dir='ltr'><strong>suae</strong></span> <span class='ocrx_word' id='word_1_527' title='bbox 1534 2349 1679 2403; x_wconf 55' lang='lat' dir='ltr'><strong>multum</strong></span> 
     </span>
     <span class='ocr_line' id='line_1_93' title="bbox 976 2402 1370 2441; baseline -0.003 -6"><span class='ocrx_word' id='word_1_528' title='bbox 976 2402 1115 2435; x_wconf 86' lang='lat' dir='ltr'><strong>mentiri</strong></span> <span class='ocrx_word' id='word_1_529' title='bbox 1132 2402 1244 2434; x_wconf 88' lang='lat' dir='ltr'><strong>dixit.&#39;</strong></span> <span class='ocrx_word' id='word_1_530' title='bbox 1265 2402 1370 2441; x_wconf 76' lang='lat' dir='ltr'><strong>Schef.</strong></span> 
     </span>
    </p>

    <p class='ocr_par' dir='ltr' id='par_1_13' title="bbox 975 2449 1681 2646">
     <span class='ocr_line' id='line_1_94' title="bbox 1020 2449 1679 2494; baseline -0.006 -8"><span class='ocrx_word' id='word_1_531' title='bbox 1020 2457 1061 2486; x_wconf 88' lang='grc'><strong>15</strong></span> <span class='ocrx_word' id='word_1_532' title='bbox 1086 2453 1226 2494; x_wconf 65' lang='lat' dir='ltr'><strong>Adiecit]</strong></span> <span class='ocrx_word' id='word_1_533' title='bbox 1264 2453 1345 2485; x_wconf 91' lang='lat' dir='ltr'><strong>Non</strong></span> <span class='ocrx_word' id='word_1_534' title='bbox 1376 2453 1491 2494; x_wconf 85' lang='lat' dir='ltr'><strong>placet</strong></span> <span class='ocrx_word' id='word_1_535' title='bbox 1513 2450 1589 2485; x_wconf 82' lang='lat' dir='ltr'><strong>baec</strong></span> <span class='ocrx_word' id='word_1_536' title='bbox 1613 2449 1679 2482; x_wconf 83' lang='lat' dir='ltr'><strong>dis-</strong></span> 
     </span>
     <span class='ocr_line' id='line_1_95' title="bbox 976 2501 1680 2541; baseline -0.009 -4"><span class='ocrx_word' id='word_1_537' title='bbox 976 2504 1110 2537; x_wconf 88' lang='lat' dir='ltr'><strong>tinctio.</strong></span> <span class='ocrx_word' id='word_1_538' title='bbox 1165 2503 1283 2536; x_wconf 88' lang='lat' dir='ltr'><strong>Verba</strong></span> <span class='ocrx_word' id='word_1_539' title='bbox 1307 2503 1367 2535; x_wconf 90' lang='lat' dir='ltr'><strong>illa</strong></span> <span class='ocrx_word' id='word_1_540' title='bbox 1391 2501 1516 2541; x_wconf 84' lang='lat' dir='ltr'><strong>omnia,</strong></span> <span class='ocrx_word' id='word_1_541' title='bbox 1544 2501 1579 2532; x_wconf 78' lang='lat' dir='ltr'><strong>id</strong></span> <span class='ocrx_word' id='word_1_542' title='bbox 1599 2501 1680 2541; x_wconf 81' lang='lat' dir='ltr'><strong>quod</strong></span> 
     </span>
     <span class='ocr_line' id='line_1_96' title="bbox 975 2551 1681 2594; baseline -0.007 -8"><span class='ocrx_word' id='word_1_543' title='bbox 975 2555 1130 2586; x_wconf 79' lang='lat' dir='ltr'><strong>sentiebat</strong></span> <span class='ocrx_word' id='word_1_544' title='bbox 1150 2554 1299 2594; x_wconf 77' lang='lat' dir='ltr'><strong>maxime,</strong></span> <span class='ocrx_word' id='word_1_545' title='bbox 1337 2552 1520 2584; x_wconf 79' lang='lat' dir='ltr'><strong>Doliturum</strong></span> <span class='ocrx_word' id='word_1_546' title='bbox 1544 2551 1681 2590; x_wconf 74' lang='lat' dir='ltr'><strong>amanti,</strong></span> 
     </span>
     <span class='ocr_line' id='line_1_97' title="bbox 977 2600 1677 2646; baseline -0.009 -9"><span class='ocrx_word' id='word_1_547' title='bbox 977 2605 1137 2646; x_wconf 86' lang='lat' dir='ltr'><strong>ponenda</strong></span> <span class='ocrx_word' id='word_1_548' title='bbox 1153 2604 1187 2637; x_wconf 85' lang='lat' dir='ltr'><strong>in</strong></span> <span class='ocrx_word' id='word_1_549' title='bbox 1203 2602 1398 2645; x_wconf 85' lang='lat' dir='ltr'><strong>parenthesi</strong></span> <span class='ocrx_word' id='word_1_550' title='bbox 1413 2610 1547 2633; x_wconf 85' lang='lat' dir='ltr'><strong>censeo.</strong></span> <span class='ocrx_word' id='word_1_551' title='bbox 1570 2600 1677 2640; x_wconf 79' lang='lat' dir='ltr'><strong>Sches.</strong></span> 
     </span>
    </p>

    <p class='ocr_par' dir='ltr' id='par_1_14' title="bbox 975 2651 1681 2846">
     <span class='ocr_line' id='line_1_98' title="bbox 1019 2651 1681 2693; baseline -0.008 -6"><span class='ocrx_word' id='word_1_552' title='bbox 1019 2655 1164 2687; x_wconf 76' lang='lat' dir='ltr'><strong>Maxime</strong></span> <span class='ocrx_word' id='word_1_553' title='bbox 1177 2655 1344 2686; x_wconf 79' lang='lat' dir='ltr'><strong>doliturum</strong></span> <span class='ocrx_word' id='word_1_554' title='bbox 1357 2652 1493 2693; x_wconf 77' lang='lat' dir='ltr'><strong>amanti]</strong></span> <span class='ocrx_word' id='word_1_555' title='bbox 1514 2651 1561 2683; x_wconf 77' lang='grc' dir='ltr'><strong>Οὔ</strong></span> <span class='ocrx_word' id='word_1_556' title='bbox 1572 2652 1681 2693; x_wconf 60' lang='grc' dir='ltr'><strong>μοιῦιιω&gt;</strong></span> 
     </span>
     <span class='ocr_line' id='line_1_99' title="bbox 976 2702 1680 2747; baseline -0.006 -10"><span class='ocrx_word' id='word_1_557' title='bbox 976 2705 1123 2747; x_wconf 55' lang='grc' dir='ltr'>φιλέονσῖ</span> <span class='ocrx_word' id='word_1_558' title='bbox 1161 2703 1298 2745; x_wconf 77' lang='grc' dir='ltr'>ἀλόχους</span> <span class='ocrx_word' id='word_1_559' title='bbox 1340 2702 1479 2745; x_wconf 82' lang='grc' dir='ltr'><strong><em>μερόπων</em></strong></span> <span class='ocrx_word' id='word_1_560' title='bbox 1516 2702 1680 2744; x_wconf 72' lang='grc' dir='ltr'><strong>ἀνθρώπων</strong></span> 
     </span>
     <span class='ocr_line' id='line_1_100' title="bbox 975 2753 1678 2798; baseline -0.004 -10"><span class='ocrx_word' id='word_1_561' title='bbox 975 2757 1144 2798; x_wconf 70' lang='grc' dir='ltr'>Ἀτρεῖδαιε</span> <span class='ocrx_word' id='word_1_562' title='bbox 1180 2759 1219 2788; x_wconf 91' lang='lat' dir='ltr'><strong>ut</strong></span> <span class='ocrx_word' id='word_1_563' title='bbox 1241 2764 1284 2787; x_wconf 87' lang='lat' dir='ltr'><strong>ex</strong></span> <span class='ocrx_word' id='word_1_564' title='bbox 1301 2754 1454 2786; x_wconf 88' lang='lat' dir='ltr'><strong>Homero</strong></span> <span class='ocrx_word' id='word_1_565' title='bbox 1476 2753 1549 2795; x_wconf 84' lang='lat' dir='ltr'><strong>joci</strong></span> <span class='ocrx_word' id='word_1_566' title='bbox 1574 2763 1678 2786; x_wconf 82' lang='lat' dir='ltr'><strong>causa</strong></span> 
     </span>
     <span class='ocr_line' id='line_1_101' title="bbox 978 2804 1678 2846; baseline 0 -7"><span class='ocrx_word' id='word_1_567' title='bbox 978 2805 1157 2840; x_wconf 81' lang='lat' dir='ltr'><strong>adferebat</strong></span> <span class='ocrx_word' id='word_1_568' title='bbox 1172 2806 1256 2838; x_wconf 71' lang='lat' dir='ltr'><strong>Sex..</strong></span> <span class='ocrx_word' id='word_1_569' title='bbox 1276 2804 1434 2842; x_wconf 75' lang='lat' dir='ltr'><strong>Caecilius</strong></span> <span class='ocrx_word' id='word_1_570' title='bbox 1449 2804 1514 2838; x_wconf 85' lang='lat' dir='ltr'><strong>JC.</strong></span> <span class='ocrx_word' id='word_1_571' title='bbox 1543 2804 1608 2846; x_wconf 80' lang='lat' dir='ltr'><strong>leg.</strong></span> <span class='ocrx_word' id='word_1_572' title='bbox 1626 2806 1678 2839; x_wconf 60' lang='lat'><strong>1³„</strong></span> 
     </span>
    </p>
   </div>
  </div>
 </body>
</html>
