1806 3236
353 201 558 235 PHAEDM
591 200 701 234 ΕΑΒ.
732 199 1042 233 AESOPIARUM
1076 201 1176 234 Lus.
1209 202 1264 234 11.
1297 203 1442 235 PROL.

157 295 379 341 producetur-
419 295 528 332 Quod
556 299 613 330 est
628 299 728 330 certe
750 295 870 330 vendi-

157 353 247 392 tare,
259 348 351 394 quod
365 349 510 392 ignores.
534 349 652 382 Barm.

201 405 245 438 10
264 401 449 445 nietam]
485 401 678 445 Specialius
703 400 870 443 intelligit

154 453 313 496 fian-s,
340 453 455 497 jocos,
490 453 558 486 irno
593 453 686 496 ipsas
719 451 869 488 fabulas.

154 506 283 541 m
297 510 352 540 est
367 517 376 540 ε
400 505 489 539 velle
504 515 541 539 se
557 505 695 550 quidem
715 515 775 538 eas
790 514 866 547 per-

152 559 264 604 aqui,
278 568 363 603 quas
378 558 486 592 habet
500 558 661 601 AEsopus,
681 557 867 602 aliquando

152 614 272 646 men
285 611 391 644 etiam
406 611 572 653 inserere,
583 621 668 654 quas
679 611 755 653 ipse
771 611 867 643 inve-

151 661 256 698 nerit.
300 663 348 696 Et
377 663 458 697 talis
488 673 509 696 a
534 663 685 696 Phaedro
716 662 867 705 primum

151 714 355 758 excogitata
381 713 500 748 fabula
531 718 587 748 est
614 714 735 758 quinta
765 713 866 756 hujus

149 766 246 800 libri.
291 766 402 799 Plane
417 767 467 799 sic
482 767 620 808 accepit
639 766 751 799 locum
775 765 867 798 hunc

151 821 190 851 et
211 818 258 852 N.
280 817 460 862 Heinsius,
474 817 568 862 quod
581 818 727 860 gaudeo.
773 817 865 850 Nam

151 868 388 902 doctissimum
397 869 626 912 interpretem
639 869 776 902 Gallum
788 869 867 902 abe·

151 925 270 954 uatem
280 920 315 954 in
328 920 467 954 diversa
476 931 545 954 non
555 931 724 954 curamus.
758 919 866 961 Schef.

150 971 310 1006 macrob.
338 972 454 1006 Satur.
484 981 528 1006 11.
559 975 591 1006 1.
621 983 666 1006 ex
690 972 867 1006 Ciceronis

150 1023 310 1066 Epistola
343 1023 389 1058 ad
426 1023 625 1058 Cornelium
666 1024 841 1067 Nepotem
856 1034 865 1056 ε

148 1075 160 1092 ‘
172 1074 299 1119 Itaque
310 1075 434 1117 nostri,
450 1084 530 1108 cum
548 1074 675 1116 omnia,
697 1085 775 1118 quse
791 1074 867 1107 dix-

148 1125 307 1168 issemus,
334 1126 433 1160 diets
461 1134 592 1169 essent,
628 1137 706 1170 quae
734 1127 866 1168 facete,

149 1186 230 1221 qut
242 1177 411 1220 breviter,
421 1181 459 1212 et
469 1183 572 1212 acute
583 1178 692 1212 locuti
703 1188 869 1221 essemus,

149 1237 195 1262 et
228 1229 371 1272 proprIo
401 1230 542 1263 nomine
580 1230 753 1273 appellari
781 1230 868 1263 dicta

147 1279 361 1314 vulnerante
402 1281 522 1315 Valer.
538 1282 636 1316 Max.
649 1291 676 1314 1.
695 1284 725 1314 1.
743 1284 777 1315 3.
793 1286 868 1315 ext.

149 1330 161 1351 ³
176 1330 368 1376 Dionysius
389 1336 444 1366 tot
458 1332 640 1375 sacrilegia
649 1333 780 1375 jocosis
795 1332 867 1366 dic-

147 1382 195 1416 tIs
225 1382 389 1428 prosequi
418 1384 608 1428 voluptatis
633 1384 713 1417 loco
739 1384 868 1417 duxit.'

148 1433 208 1468 Ita
221 1438 260 1469 et
282 1434 344 1469 lib.
367 1443 434 1468 vu.
455 1438 489 1468 2.
505 1439 543 1469 et
558 1435 653 1468 alibi.
698 1436 866 1469 Ceterum

149 1491 249 1521 recte
257 1485 297 1520 τὸ
309 1488 480 1522 Dictorum
496 1489 541 1522 ab
552 1489 754 1533 intemonere
766 1500 867 1533 sepa-

149 1536 297 1571 randum
310 1539 448 1572 notavit
461 1539 515 1573 cl.
531 1539 690 1574 Perizon.
701 1540 866 1574 Animad-

149 1597 240 1622 νοτε.
251 1588 386 1623 Hister.
400 1599 479 1632 cap.
493 1592 528 1623 2.
550 1590 669 1624 Bur-m.

192 1639 310 1673 &mu
321 1643 360 1674 nt
371 1642 503 1674 delectet
513 1642 668 1685 varietas]
686 1643 736 1676 Ut
748 1642 867 1676 simili·

149 1689 421 1724 tudofastidinm
437 1692 550 1735 gignit
561 1701 572 1732 ;
584 1693 634 1726 sic
642 1693 793 1727 varietas
805 1693 865 1727 de·

147 1742 373 1776 ieetationem
396 1743 516 1777 adfert
537 1743 585 1777 in*
598 1745 719 1788 quovis
748 1755 865 1779 rerum

147 1802 288 1836 genere.
330 1793 424 1827 Vide
439 1795 636 1843 Symmach-
660 1796 749 1829 Ritt.

191 1845 340 1879 Detectet
353 1846 507 1890 var-ictas]
543 1848 662 1880 Valer.
685 1848 783 1882 Max.
806 1858 865 1882 ιιι.

150 1899 205 1930 10.
222 1900 256 1930 1.
271 1902 346 1930 ext.
360 1897 372 1916 ‘
389 1898 554 1932 Dandum
569 1904 624 1932 est
647 1900 778 1942 aliquid
795 1901 864 1933 loci

147 1948 252 1982 etiam
266 1948 470 1992 alienigenis
485 1950 669 1993 exemplis,
680 1956 719 1984 ut
730 1951 864 1984 domes-

147 2001 226 2034 ticis
237 2011 379 2044 aspersa
390 2001 563 2034 varietate
574 2001 650 2044 ipsa
661 2002 864 2037 delectent!

147 2051 239 2086 Just.
256 2050 404 2085 Praefat.
426 2052 436 2071 ‘
449 2052 531 2084 Sive
547 2053 767 2086 aemulatione
790 2054 864 2096 glo-

148 2103 225 2145 riae,
236 2102 310 2136 sive
327 2102 497 2136 varietate
511 2107 550 2136 et
564 2104 720 2137 novitate
736 2105 865 2147 operis,

148 2152 372 2188 delectatus!

193 2206 234 2237 11
257 2203 422 2247 Accipias]
451 2203 588 2239 Itainf.
603 2204 672 2239 fab.
690 2209 747 2239 47.
771 2206 865 2240 ‘Ac-

149 2254 282 2299 cipiens
296 2260 424 2290 cancta
438 2257 473 2289 in
485 2257 726 2290 contumeliam
732 2258 753 2291 .’
795 2259 865 2292 Te·

149 2311 241 2341 rent.
255 2307 345 2341 Eun.
362 2317 389 2342 ι.
403 2311 438 2341 2.
460 2309 471 2327 ‘
486 2309 588 2342 Neve
612 2309 789 2351 aliorsum,
812 2313 865 2343 at-

149 2367 218 2402 que
233 2368 299 2402 ego
313 2358 398 2401 feci,
411 2360 611 2402 acceperit:

193 2413 235 2444 12
258 2411 313 2444 Ita
340 2411 401 2454 sic]
438 2411 522 2444 'Pale
551 2415 607 2444 est
633 2412 719 2444 illud
747 2412 865 2455 ‘Ergo

146 2461 278 2506 igitur‚’
300 2461 394 2506 qnod
406 2461 558 2505 Apuleio
576 2463 677 2496 valde
688 2462 865 2506 frequens,

147 2517 186 2561 et
214 2513 309 2556 apud
334 2513 524 2547 Arnobium
548 2524 686 2557 quoque
708 2519 864 2548 nostrum

149 2566 308 2599 occurrit.
324 2566 449 2599 Metire.
474 2565 608 2609 Ecquid
624 2566 773 2599 usitatas
789 2566 866 2599 aliis

149 2613 388 2657 Pleonasmus,
398 2617 446 2649 ita
459 2616 505 2649 eie
515 2615 532 2650 :1
553 2618 601 2650 Et
611 2617 780 2659 rependere
787 2627 866 2658 gra-

150 2664 241 2708 tian,
253 2677 316 2709 pro
329 2666 470 2709 afferre,
485 2677 568 2700 num
581 2669 768 2701 Latinum?
787 2678 866 2702 sen-

151 2724 210 2748 ms
224 2725 307 2750 vero
332 2728 493 2751 numnam
521 2718 673 2761 integer,
699 2724 760 2752 aut
786 2730 865 2753 cum

152 2768 325 2810 prioribus
347 2775 431 2814 apte
453 2771 590 2806 haeret?
614 2772 757 2815 Mirum,
786 2773 823 2805 ni
846 2782 867 2806 a

153 2819 262 2855 bardo
307 2822 467 2866 quopiam
508 2824 583 2858 haec
619 2828 736 2859 assuta
772 2828 865 2858 sunt.

1550 193 1639 236 429

923 297 1056 331 Prasch.
1102 297 1210 340 laege,
1231 296 1333 338 ‘Ita;
1357 297 1386 330 si
1405 295 1576 340 rependet
1599 298 1639 331 il-

920 350 989 382 lam
1015 350 1167 383 brevitas
1193 351 1353 392 gratiam,
1365 350 1478 392 Cujus*
1491 349 1640 383 verbosa

920 411 966 435 ne
980 402 1027 435 sit
1040 402 1326 435 commendatio.’
1367 401 1472 435 Ovid.
1492 401 1596 434 Trist.
1613 410 1641 435 ι.

918 456 951 487 2.
967 456 1023 488 98.
1045 454 1055 473 ‘
1074 454 1151 488 Imo
1167 454 1228 497 ita,
1243 454 1306 487 Dii
1321 454 1433 495 scitis,
1448 454 1477 487 si
1491 463 1548 487 me
1566 463 1639 487 ma-

917 504 971 538 lus
1002 505 1149 539 abstulit
1178 505 1300 539 error.'
1342 506 1469 548 Virgil.
1497 505 1572 538 AEn.
1595 514 1639 538 11.

917 561 995 591 ⁶83.
1018 559 1028 578 ‘
1047 559 1128 592 Non
1145 558 1215 591 ita?
1260 558 1415 590 Ultimus
1445 566 1566 590 versus
1592 556 1638 589 ad

918 610 1100 653 sequentia.
1126 610 1247 642 referri
1272 609 1404 642 debet:
1430 609 1483 641 Ne
1496 609 1540 641 sit
1555 618 1640 641 com-

917 662 1075 694 mendatio
1100 661 1241 699 verbosa,
1268 662 1409 700 attende,
1431 663 1486 702 εἷς.
1513 660 1637 693 Heius.

917 714 1048 747 Mirum
1079 713 1134 746 hic
1163 723 1230 746 non
1261 712 1538 745 animadversam
1564 716 1637 744 tam

917 765 1137 798 manifestam
1159 764 1442 798 incohaerentiam
1467 763 1550 795 viris
1568 767 1639 796 tam

919 819 1041 852 doctis.
1086 819 1174 853 Quis
1189 817 1332 860 negabit
1348 817 1455 850 scribi
1471 816 1640 859 deinceps

921 880 1024 913 quam
1039 870 1188 902 maxime
1205 869 1395 912 oportere?
1441 869 1506 910 Ita,
1533 869 1563 900 si
1591 877 1642 900 re-

914 923 1030 964 pendet
1045 921 1094 954 itli
1110 921 1248 954 brevitas
1260 921 1420 962 gratiam,
1433 920 1556 960 CniJ'ns
1570 929 1639 952 ver·

917 973 991 1006 bosa
1015 973 1116 1006 nescit
1146 973 1384 1006 commendatio.
1429 972 1487 1004 Ita
1517 971 1640 1004 Barth.

916 1024 1078 1066 Ablegm.
1102 1024 1224 1057 Critic.
1250 1033 1293 1056 11.
1319 1026 1375 1056 23.
1395 1027 1439 1064 ,ετ
1451 1023 1511 1066 qui
1525 1023 1640 1055 omnia

917 1076 969 1108 illi
983 1075 1102 1118 debet,
1122 1076 1271 1109 Swarth.
1297 1075 1462 1108 Analect.
1482 1084 1507 1106 1.
1521 1077 1554 1107 4.
1585 1074 1640 1108 Cl.

917 1126 1077 1160 Perizon.
1106 1126 1141 1160 d.
1164 1128 1189 1160 l.
1222 1127 1343 1168 legit.:
1372 1126 1430 1159 Sic
1454 1126 1552 1158 istam
1577 1124 1640 1157 tibi

916 1180 1066 1220 rependet
1081 1178 1220 1211 brevitas
1231 1179 1389 1220 gratiam,
1408 1177 1510 1217 Cujus
1528 1176 1637 1209 verbo-

917 1239 953 1263 sa
967 1241 1008 1264 ne
1021 1232 1067 1263 sit
1079 1230 1318 1272 commendatio,
1343 1232 1398 1272 ᾃτ.
1433 1227 1562 1262 Nescio
1578 1237 1639 1260 au·

918 1286 989 1315 tem
1008 1282 1090 1325 quid
1104 1282 1271 1315 Praschio
1282 1283 1316 1314 in
1327 1285 1480 1314 mentem
1491 1279 1642 1322 venerit,

918 1337 958 1366 ut
977 1335 1148 1376 rependere
1158 1332 1302 1374 gratiam
1314 1342 1435 1375 parum
1449 1330 1573 1364 Latine
1586 1329 1639 1362 di-

918 1384 951 1416 ci
963 1388 1117 1426 putaret.
1162 1385 1222 1417 Ita
1237 1389 1354 1418 tamen
1372 1383 1476 1416 Ovid.
1491 1384 1580 1415 Met.
1595 1391 1639 1415 ιι.

916 1438 994 1469 693.
1017 1437 1028 1454 ‘
1041 1437 1121 1469 Neu
1149 1436 1261 1478 gratia
1281 1435 1377 1468 facto
1393 1435 1498 1468 Nulla
1514 1442 1639 1476 repen·

917 1487 1034 1529 datur,
1053 1488 1198 1520 nitidam
1216 1496 1302 1530 cape
1313 1487 1457 1529 praemia
1470 1483 1638 1518 vaccam.'

917 1543 956 1572 et
975 1541 1067 1572 Met.
1086 1550 1122 1573 v.
1138 1543 1191 1573 15.
1213 1540 1223 1558 ‘
1237 1539 1420 1571 Meritisne
1436 1538 1510 1570 haec
1525 1537 1640 1579 gratia

917 1591 1026 1624 tantis
1042 1591 1239 1624 Redditur?
1266 1591 1332 1623 hac
1359 1589 1466 1622 vitam
1489 1593 1638 1622 servatae

916 1642 1001 1675 dote
1026 1642 1187 1685 rependis
1196 1641 1218 1674 ?'
1235 1640 1315 1673 Am.
1330 1650 1372 1673 11.
1388 1643 1422 1672 8.
1446 1641 1456 1658 ‘
1474 1641 1544 1672 Pro
1564 1638 1638 1682 qui·

917 1693 983 1726 bus
1006 1692 1158 1727 officium
1180 1693 1332 1736 pretium
1346 1691 1431 1724 mihi
1453 1690 1558 1723 dulce
1584 1700 1639 1723 re-

916 1744 1075 1787 pendas!
1099 1745 1191 1778 Stat.
1220 1744 1402 1777 Theb.*1x.
1415 1745 1469 1776 49.
1490 1744 1500 1760 ‘
1516 1741 1637 1775 Hasne

916 1795 995 1838 tibi,
1014 1805 1188 1828 armorum
1209 1804 1289 1836 spes
1315 1804 1336 1827 o
1352 1802 1515 1835 suprema
1541 1802 1637 1825 meo-

917 1857 1006 1890 rum,
1018 1846 1158 1887 OEnide‚
1167 1846 1307 1889 grates?
1322 1845 1398 1878 haec
1410 1843 1552 1886 praemia
1561 1843 1637 1885 dig-

915 1908 962 1931 na
976 1898 1123 1941 rependi
1136 1897 1159 1930 ?'
1183 1898 1294 1930 Totus
1311 1907 1394 1929 vero
1410 1897 1521 1929 adhuc
1539 1896 1637 1927 locus

916 1955 972 1984 est
987 1951 1213 1993 depravatus,
1230 1959 1295 1981 nec
1311 1959 1384 1981 rem
1411 1948 1573 1987 clamare,
1596 1950 1637 1978 ut

915 2003 1067 2044 legatur,
1086 2002 1166 2034 Paci
1181 2002 1329 2043 rependet
1345 2001 1393 2032 illi
1410 2000 1550 2032 brevitas
1557 2007 1636 2039 gra-

915 2054 1008 2094 tiam,
1030 2052 1137 2084 facile
1159 2052 1276 2084 credo.
1301 2052 1418 2083 Burm.

960 2104 1017 2136 Sic
1040 2104 1104 2136 ista
1126 2103 1188 2135 tibi
1214 2103 1363 2143 rependet
1379 2100 1518 2133 brevitas
1528 2100 1636 2141 grati-

915 2154 982 2196 am]
1005 2155 1076 2188 Ms.
1093 2155 1191 2186 Rem.
1206 2158 1243 2186 et
1260 2153 1353 2185 Pith.
1391 2152 1448 2185 Ita
1461 2153 1507 2184 sic
1526 2161 1636 2194 repen-

915 2207 964 2239 dit
1000 2206 1049 2238 ilti
1080 2206 1218 2238 brevitas
1250 2205 1407 2246 gratiam.
1451 2204 1636 2238 Quomodo

917 2257 1024 2291 etiam
1039 2257 1198 2290 Pithoeus
1220 2255 1344 2297 edidit,
1359 2255 1477 2288 addito
1494 2255 1636 2288 asteris-

917 2318 970 2351 co,
985 2313 1025 2341 ut
1051 2308 1166 2340 locum
1192 2312 1398 2349 corruptum
1423 2306 1636 2348 designaret.

917 2361 1023 2392 Latet
1053 2369 1192 2401 nomen,
1222 2358 1315 2401 quod
1346 2358 1561 2401 respondeat
1588 2359 1636 2399 τᾷ

915 2411 967 2444 iui
978 2421 992 2450 ,·
1026 2420 1146 2443 seusus
1177 2410 1268 2442 enim
1299 2414 1374 2443 est:
1402 2410 1634 2453 Benignitati,

916 2463 989 2496 sive
1004 2462 1221 2503 humanitati,
1231 2462 1279 2494 illi
1303 2466 1373 2494 tuae
1387 2461 1541 2496 brevitas
1557 2471 1636 2504 gra·

915 2514 1000 2547 tiam
1031 2513 1214 2556 rependet.
1258 2513 1314 2546 An
1341 2513 1446 2555 forte,
1476 2513 1561 2546 Vitoe
1583 2522 1635 2546 re-

911 2567 1029 2608 pendet
1055 2566 1105 2598 iai
1129 2565 1267 2597 brevitas
1286 2563 1453 2606 gratiam?
1474 2563 1549 2596 Aut
1574 2573 1635 2606 po-

916 2620 999 2660 tius,
1012 2618 1040 2651 si
1056 2617 1140 2650 illud
1162 2618 1218 2649 Ita
1242 2617 1288 2649 sic
1311 2627 1376 2659 pro
1402 2615 1560 2658 glossulis
1575 2615 1635 2648 ha-

915 2670 1010 2712 beas,
1036 2671 1099 2702 Rei
1127 2670 1274 2711 rependet
1311 2668 1363 2700 illi
1392 2667 1533 2700 brevitas
1555 2676 1634 2708 gra-

915 2719 1022 2755 tiam?
1046 2721 1188 2754 Excidit
1216 2719 1303 2751 REI
1322 2718 1530 2760 compendio
1552 2717 1635 2750 scri·

916 2772 1021 2806 bendi
1037 2773 1083 2805 ob
1094 2781 1242 2815 sequens
1252 2771 1363 2803 REP.
1409 2769 1479 2802 Sed
1494 2768 1633 2802 omnino

917 2824 1138 2859 scribendum
1157 2827 1262 2867 puto:
1278 2822 1394 2856 Studio
1408 2822 1556 2865 rependet
1570 2819 1634 2863 itti,
