1806 3236
263 220 352 264 446

263 330 404 367 rumpet·
429 332 546 357 servus
573 321 710 355 adstitit
725 322 758 354 in
775 322 903 355 domini
918 323 971 355 sui

264 374 535 417 exspectatione>
565 372 784 405 succinctus:
847 373 906 405 Sic
934 373 970 405 in

264 427 379 468 Satyr.
409 423 590 457 Petronii:
629 425 639 442 ‘
669 424 824 457 Statores
867 424 968 456 altius

263 476 394 510 cincti-⁷
444 477 526 508 Vet.
553 475 667 508 Gloss.
688 475 699 493 ‘
716 474 972 516 Ἀνεσταλμένος,

260 525 474 561 Atticinum?
517 525 710 568 Minatius:
740 526 750 544 ‘
777 526 892 558 Diana
920 525 970 557 in-

262 578 366 610 terim
394 580 449 609 est
478 577 549 608 alte
575 575 755 608 succincta
787 574 969 607 venatrix!

263 627 321 660 Sic
335 626 511 669 operarios
536 624 690 664 Γηπόνους
703 624 824 667 ἄνδρας,
834 625 971 657 ’Eman-

262 677 371 718 μένους
405 677 565 719 depingit
609 677 810 709 Eustatbius
839 676 969 709 Ismen.

261 732 299 761 et
314 728 442 760 Ismen.
459 736 510 759 ιν.
549 726 648 759 Idem
663 727 707 759 de
722 736 894 760 messore:
909 726 971 759 Τὸν

261 778 365 812 πάντα
378 781 499 821 χιτῶνα
512 778 597 820 παρὰ
610 778 670 817 τὴν
683 777 784 819 ὀσφὺν
797 778 970 820 περιδιεζῶ-

261 841 355 871 aava,
371 829 422 862 καὶ
435 829 474 860 τὸ
488 830 550 860 πᾶν
569 829 626 860 τοῦ
640 828 783 869 σώματος
807 828 891 867 πλὴν
911 830 971 868 τῆς

262 879 362 913 αἰδοῦς
389 878 606 920 ἑξεγύμνωσεν.
650 879 748 911 Idem
776 878 820 911 de
850 880 969 912 vinde-

260 930 407 962 miatore
416 940 425 962 ι
435 928 538 961 ’Όλον
551 927 762 970 ἆνεζωσμένος
773 927 812 960 τὸ
825 929 970 970 χιτώνων

260 979 329 1022 περὶ
349 978 411 1018 τὴν
435 977 545 1020 ὀσφύν.
599 980 774 1021 Rusticus,
803 984 843 1012 nt
871 984 970 1013 notat

259 1030 519 1072 Theophrastus
545 1030 580 1062 in
604 1029 765 1062 Chai-act.
788 1031 875 1062 solet
897 1031 969 1062 ἀνα·

260 1079 456 1119 βεβλημένος
470 1078 532 1112 ἅνω
552 1080 609 1111 τοῦ
632 1079 764 1119 ’γόναπος
784 1079 969 1122 καθιζάνειν,

260 1130 343 1162 ὥστε
370 1130 413 1161 τὰ
443 1129 546 1170 ’γυμνὰ
576 1130 670 1162 αὐτοῦ
695 1129 866 1171 φαίνεσθαι.
910 1132 968 1164 Sic

259 1181 454 1213 Martianus
483 1180 580 1212 Felix
602 1181 794 1222 Cyllenium
814 1176 968 1215 Deorum

261 1230 490 1272 apparitorem
505 1229 738 1271 ἆνεσταλμένον
759 1235 797 1263 et
817 1231 969 1263 succinc-

260 1285 334 1313 tum
350 1280 523 1313 delineat:
548 1281 558 1299 ‘
575 1280 629 1313 Ac
645 1281 718 1323 jam
739 1282 968 1323 pubescentes

261 1339 360 1371 genae
375 1330 591 1362 seminudum
603 1325 679 1363 eum
690 1331 865 1372 incedere,
875 1331 967 1364 chla-

258 1380 430 1423 mydeque
451 1380 608 1413 indutum
624 1390 743 1422 parva,
765 1381 968 1414 invelatum-

260 1436 483 1475 quecaetera‚
496 1432 714 1464 humerorum
731 1441 894 1464 cacumen
909 1432 967 1464 ob·

260 1484 393 1516 nubere
410 1485 483 1516 sine
498 1494 622 1526 magno
638 1484 709 1516 risu
724 1484 885 1526 Cypridis
898 1493 966 1516 non

261 1533 443 1566 sinebant!
499 1534 636 1575 Nempe
667 1533 805 1566 brevior
834 1533 967 1566 cinctus

259 1583 419 1616 humeros
451 1586 486 1616 et
512 1588 682 1615 maturam
712 1583 837 1624 pubem
867 1583 968 1616 simul

259 1634 378 1667 velare
408 1644 477 1666 non
503 1638 654 1675 poterat,
709 1634 766 1666 Sic
796 1634 967 1666 alticincti

259 1684 491 1724 lascivientes,
511 1684 624 1724 parati
653 1683 696 1715 ad
723 1693 831 1725 opus:
864 1683 968 1715 Arte·

260 1735 386 1768 midor.
401 1735 505 1767 Dald.
524 1734 769 1767 Oneirocritic.
786 1743 835 1767 ιν.
860 1733 970 1773 ”avogi

260 1795 309 1816 τις
323 1783 588 1823 ἀναστειλαμένην
600 1783 659 1821 τὴν
681 1785 814 1823 ’γυναῖκα
839 1783 967 1814 ἐπιδεικ-

261 1833 343 1866 νύειν
379 1835 463 1874 αὐτῷ
499 1833 623 1867 αἰδοῖον.
683 1834 823 1867 Arbiter
852 1834 966 1875 Satyr.

262 1885 273 1902 ‘
291 1884 380 1916 Tres
396 1885 486 1916 enim
501 1888 601 1916 erant
612 1883 833 1922 mulierculae,
846 1883 875 1914 si
886 1883 965 1925 quid

261 1933 393 1966 vellent
411 1934 541 1974 conari,
563 1932 812 1974 infirmissimae,
833 1932 968 1965 scilieet

262 1989 385 2018 contra
399 1995 474 2026 nos,
497 1985 630 2027 quibus,
651 1985 680 2016 si
693 1984 776 2016 nibil
794 1984 897 2026 aliud,
918 1983 967 2016 vi·

262 2035 335 2068 rilis
352 2044 453 2067 sexus
469 2039 573 2067 esset.
618 2035 664 2067 Et
678 2034 859 2075 praecincti
872 2038 968 2066 certe

263 2087 366 2119 altius
381 2086 540 2126 eramus‚'
554 2088 619 2118 ὅτε.
654 2084 809 2117 Ibidem:
833 2085 844 2103 ‘
856 2085 968 2116 Cinae-

263 2135 327 2168 dus
356 2135 568 2177 supervenit,
606 2134 732 2166 mirtea
765 2134 968 2166 subornatus

263 2186 451 2227 gausapila,
461 2186 662 2226 cinguloque
672 2184 891 2226 succinctus,’
903 2187 967 2218 &c.

262 2236 374 2268 Panlo
386 2239 484 2276 post:
500 2236 509 2254 ‘
523 2234 693 2268 Quartilla
707 2234 776 2266 alte
790 2235 967 2267 succincta

257 2285 367 2326 jussit
402 2283 595 2316 infelicibus
635 2284 710 2315 dari
747 2285 965 2317 missionem!

262 2333 384 2365 Idem:
401 2334 411 2351 ‘
426 2333 569 2374 Rogavi,
585 2336 623 2364 ut
637 2332 672 2364 in
687 2333 872 2374 platanona
888 2344 966 2375 pro-

264 2382 411 2414 duceret
443 2382 633 2422 dominam3
670 2383 801 2424 placuit
840 2385 965 2425 puellae

264 2433 463 2472 consilium;
485 2434 601 2475 itaque
626 2433 767 2475 collegit
785 2434 887 2465 altius
912 2438 967 2466 tu·

262 2482 401 2524 nicam,'
421 2486 486 2516 &c-
532 2484 583 2515 Eo
610 2492 711 2515 sensu
731 2483 822 2524 apud
849 2484 965 2516 Plaut-

264 2533 275 2550 ‘
292 2533 441 2565 Sustolle
464 2533 528 2565 boc
549 2532 748 2565 amiculum:
790 2533 966 2566 Threicius

264 2587 362 2617 vates
378 2584 471 2625 apud
485 2582 613 2616 Arnob.
629 2594 666 2617 v.
687 2585 698 2602 ⁴
714 2583 774 2616 Sic
793 2583 907 2623 effata,
923 2585 966 2616 si-

263 2634 336 2666 mul
358 2639 487 2666 vestem
513 2634 687 2666 contraxit
701 2635 744 2666 ab
759 2634 852 2666 imo!
886 2635 966 2666 Ho-

264 2683 392 2717 ratius:
415 2685 424 2702 ‘
442 2685 507 2716 His
533 2684 592 2717 ubi
616 2685 757 2717 sublatis
780 2694 868 2727 puer
896 2686 965 2717 alte

263 2734 397 2767 cinctus
420 2745 575 2767 acernam
602 2735 764 2778 Gausapa
790 2743 964 2778 purpureo

263 2792 414 2822 mensam
430 2784 598 2818 detersit!
620 2786 697 2826 Εἰς.

721 228 865 261 No'rAE
897 228 1163 263 v‘AmoRUM
1197 231 1250 263 IN

1062 325 1256 368 Alticinclis]
1271 325 1475 368 Ὕψιστόλοις.
1519 327 1721 373 ΝΜὍΦ-

1020 377 1270 415 θαλμοδουλείαν.
1291 379 1525 412 Consulendus
1534 380 1618 415 oet.
1626 381 1722 425 Fert·

1020 425 1064 459 de
1079 427 1130 460 Re
1143 428 1242 461 Vest.
1257 438 1314 463 ιιι.
1327 432 1360 462 7.
1383 430 1518 464 Prason.
1554 430 1723 473 Nessum

1019 485 1072 508 sos
1087 476 1260 520 intelligit.
1303 480 1403 513 Tales
1416 490 1564 524 namque
1582 481 1722 524 effigere

1017 530 1135 559 vestes
1165 528 1236 561 alte
1266 530 1389 571 solent,
1417 539 1463 564 ne
1489 531 1723 573 impediantur

1019 577 1112 609 inter
1146 577 1426 620 discurrendun3
1476 581 1557 615 vide
1597 581 1721 622 Horat.

1019 627 1092 660 Sat.
1103 636 1145 661 11.
1160 630 1192 661 8.
1207 637 1402 671 quanquam
1415 630 1472 664 bic
1485 631 1722 674 intelligantur

1019 678 1147 719 potius,
1167 678 1225 721 qui
1239 679 1357 721 specie
1372 683 1519 715 extem·
1532 681 1621 715 tale·
1631 687 1723 724 sunt,

1019 728 1194 770 oculisque
1219 729 1340 761 saltem
1362 729 1528 773 serviunt,
1546 731 1640 774 quod
1665 732 1722 766 bic

1019 778 1110 811 bene
1124 779 1309 811 Prascbius
1324 778 1496 814 observat.
1514 780 1625 822 We

1061 829 1260 872 Alticincta‘s]
1279 828 1466 871 ᾝιζόνοις.
1505 829 1628 867 Hor&
1645 832 1722 868 ent.

1018 888 1061 911 11.
1077 883 1107 913 8.
1122 880 1133 898 ‘
1144 879 1228 912 Alte
1244 880 1376 913 cinctos
1392 881 1641 923 pueros’wcat
1654 891 1725 917 nor·

1018 939 1079 963 vos
1105 930 1297 970 Nasidieni,
1319 931 1437 963 volens
1466 931 1618 975 intelligi
1637 937 1724 967 stre-

1018 989 1116 1021 nuos,
1133 990 1272 1022 gnavus,
1286 983 1323 1013 et
1337 980 1535 1015 industrios.
1573 982 1722 1020 Ecndm

1019 1040 1098 1063 mox
1131 1031 1141 1048 ‘
1168 1031 1381 1064 Praecinctos
1393 1030 1403 1046 ’
1433 1030 1534 1065 dixit.
1590 1032 1724 1067 Seneca

1019 1081 1128 1123 Epist.
1167 1081 1228 1114 lib.
1258 1090 1309 1114 ιν.
1341 1081 1386 1113 de
1421 1081 1634 1115 Maecenate.
1648 1082 1697 1117 ait
1712 1090 1721 1115 ε

1019 1132 1029 1149 ‘
1045 1130 1127 1164 Alte
1143 1131 1296 1178 cinctum
1341 1135 1418 1164 ates
1432 1130 1582 1167 dixisse:
1603 1119 1723 1166 habuit

1018 1181 1109 1214 enim
1126 1141 1447 1264 ingeniussnde
1468 1184 1506 1213 et
1526 1181 1637 1222 virile,
1656 1181 1722 1217 nisi

1017 1232 1104 1264 illud
1129 1231 1202 1273 ipse
1231 1230 1284 1265 dra
1341 1230 1472 1263 sisset!
1522 1230 1722 1273 Opponltur

1017 1283 1081 1314 alte
1090 1283 1190 1315 cincto
1199 1281 1366 1314 discinctus
1377 1285 1413 1313 et
1422 1280 1598 1314 dissolutus.
1620 1281 1723 1316 Glos-

1019 1343 1066 1365 sae
1094 1338 1165 1365 vet.
1196 1334 1206 1352 ‘
1222 1331 1479 1375 ’Armawivw
1506 1332 1720 1366 Atticinum?

1018 1383 1106 1416 Ritt.

1060 1433 1274 1476 Atriemibus]
1295 1433 1339 1466 In
1362 1433 1463 1466 Villis
1481 1432 1639 1466 babuisse
1661 1443 1721 1476 po-

1020 1484 1186 1516 tentiores
1212 1484 1423 1516 diversorum
1443 1491 1580 1526 quoque
1594 1481 1723 1516 officio-

1018 1543 1093 1566 rum
1110 1543 1238 1575 servos,
1266 1543 1363 1576 aeque
1385 1543 1426 1566 ac
1446 1533 1538 1566 domi
1560 1533 1597 1566 in
1622 1532 1725 1574 urbe,

1017 1584 1097 1616 hinc
1112 1588 1222 1626 patet.
1265 1584 1324 1616 Ita
1342 1584 1353 1603 ‘
1369 1583 1554 1617 Janitores·
1567 1587 1604 1616 et
1625 1583 1637 1602 ‘
1648 1583 1723 1616 vn-

1018 1633 1114 1666 licos'
1138 1633 1318 1675 conjungit
1343 1633 1512 1666 Martialis
1535 1633 1595 1667 lib.
1608 1641 1646 1666 x.
1667 1635 1722 1666 80.

1018 1688 1059 1716 ut
1083 1688 1180 1716 recte
1206 1683 1377 1716 Gruterus
1392 1683 1635 1730 et-Scriveriufl
1658 1691 1723 1726 pro

1023 1733 1182 1766 Vini'tores
1196 1743 1240 1765 ex
1255 1734 1342 1765 Mss.
1358 1733 1488 1774 legunt.
1509 1733 1625 1766 Bur-um

1063 1786 1103 1816 12
1128 1784 1190 1815 Cui
1207 1784 1314 1816 tunica
1333 1783 1374 1815 ab
1395 1782 1546 1824 humeris]
1568 1782 1625 1815 sie
1646 1781 1723 1815 fere

1018 1834 1260 1875 paedagogiani
1283 1833 1383 1875 pueri
1406 1833 1524 1865 tunica
1544 1841 1629 1867 auro
1652 1833 1721 1866 dis·

1018 1883 1130 1916 tincta
1148 1883 1259 1915 induti
1282 1892 1303 1914 a
1326 1883 1421 1916 calce
1442 1882 1478 1914 in
1497 1882 1624 1925 pubem
1638 1892 1721 1924 pur-

1018 1933 1134 1974 pureis
1145 1933 1258 1974 operti
1269 1933 1474 1974 tegminibus
1485 1932 1625 1974 pedum.
1639 1933 1721 1973 vid.

1019 1983 1136 2024 Cujac.
1152 1982 1197 2015 ad
1211 1983 1284 2016 Tit.
1299 1983 1342 2014 de
1357 1982 1592 2016 cmi-enimin
1606 1986 1646 2016 et
1654 1982 1723 2016 Mi-
1766 1989 1771 1996 ”

995 2033 1212 2066 ἠἰεῖθήειυίε
1228 2033 1285 2066 lib.
1300 2041 1371 2066 111.
1389 2032 1477 2066 Cod.
1496 2033 1577 2073 Εἰς.

1060 2084 1173 2116 Lintea
1187 2083 1330 2124 Pelusio]
1353 2083 1576 2125 AEgyptiaco',
1595 2091 1640 2116 ex
1657 2087 1719 2125 op·
1739 2082 1741 2084 ’

1017 2133 1099 2175 pido
1115 2133 1267 2174 Pelusio,
1290 2133 1350 2166 ubi
1364 2133 1483 2165 linteae
1498 2131 1629 2165 fiebant
1643 2142 1718 2166 ves·

1018 2188 1084 2224 tes,
1105 2187 1186 2216 ante
1211 2183 1293 2216 alias
1322 2182 1497 2225 pretiosas.
1540 2182 1641 2215 Silius
1655 2182 1717 2216 lib.

1018 2230 1078 2266 ιη’.
1096 2233 1107 2252 ⁴
1119 2234 1166 2265 Et
1177 2232 1359 2266 Pelusiaco
1374 2231 1559 2275 praefulget
1573 2232 1719 2266 stamine

1016 2283 1162 2318 vertex!
1205 2284 1297 2316 Plin.
1313 2291 1392 2316 xrx.
1419 2293 1453 2317 c.
1479 2286 1513 2317 1.
1531 2284 1542 2301 ‘
1557 2283 1718 2325 AEgyptlo

1015 2334 1086 2366 lino
1113 2333 1287 2366 minimum
1325 2333 1506 2375 firmitatis,
1536 2333 1717 2375 plurimum

1016 2384 1111 2416 lucri.
1155 2384 1312 2417 Quatuor
1330 2384 1380 2417 ibi
1402 2393 1543 2425 genera,
1565 2382 1718 2417 Tanaiti-

1017 2443 1106 2475 cum,
1117 2442 1157 2465 ac
1170 2433 1403 2474 Pelusiacum,
1413 2432 1716 2474 Buticunn'l-‘enty-

1017 2482 1178 2515 riticum.'
1208 2483 1317 2516 Vides
1335 2482 1598 2516 ostentationem
1611 2482 1716 2514 homi-

1017 2533 1069 2565 nis
1097 2534 1280 2574 vanissimi,
1302 2533 1384 2565 licet
1409 2541 1487 2564 eam
1513 2531 1715 2572 dissimulet.

1016 2583 1123 2621 Schef.
1142 2584 1286 2616 Minime
1297 2583 1341 2615 ad
1351 2582 1614 2615 ostentationem
1627 2592 1717 2616 com·

1016 2633 1146 2674 positus
1174 2633 1228 2665 hic
1254 2636 1405 2673 ornatus,
1425 2631 1486 2664 sed
1514 2632 1714 2665 atriensium

1016 2687 1053 2715 et
1066 2682 1332 2715 ministr-aterum
1353 2681 1544 2714 ordinarius
1567 2681 1713 2714 vestitus

1015 2738 1104 2766 erat.
1160 2734 1256 2766 Suet.
1286 2733 1396 2774 Caliga
1427 2735 1483 2765 26.
1515 2733 1526 2752 ‘
1555 2733 1712 2766 Caenanti

1014 2783 1116 2816 modo
1143 2784 1186 2816 ad
1217 2784 1382 2826 pluteum,
1405 2782 1506 2816 modo
1532 2782 1576 2815 ad
1603 2783 1711 2826 pedes
