<?xml version="1.0" encoding="UTF-8"?>
<!DOCTYPE html PUBLIC "-//W3C//DTD XHTML 1.0 Transitional//EN"
    "http://www.w3.org/TR/xhtml1/DTD/xhtml1-transitional.dtd">
<html xmlns="http://www.w3.org/1999/xhtml" xml:lang="en" lang="en">
 <head>
  <title>
</title>
<meta http-equiv="Content-Type" content="text/html;charset=utf-8" />
  <meta name='ocr-system' content='tesseract 3.04.00' />
  <meta name='ocr-capabilities' content='ocr_page ocr_carea ocr_par ocr_line ocrx_word'/>
</head>
<body>
  <div class='ocr_page' id='page_1' title='image "./fabualeaesopiae00phaeuoft_0214.png"; bbox 0 0 1806 3236; ppageno 0'>
   <div class='ocr_carea' id='block_1_1' title="bbox 229 225 1395 276">
    <p class='ocr_par' dir='ltr' id='par_1_1' title="bbox 229 225 1395 276">
     <span class='ocr_line' id='line_1_1' title="bbox 229 225 1395 276; baseline 0.005 -8"><span class='ocrx_word' id='word_1_1' title='bbox 229 225 316 268; x_wconf 73' lang='lat'><strong>202</strong></span> <span class='ocrx_word' id='word_1_2' title='bbox 517 239 717 270; x_wconf 75' lang='lat' dir='ltr'><strong>PHAEmu</strong></span> <span class='ocrx_word' id='word_1_3' title='bbox 752 239 1063 274; x_wconf 71' lang='lat' dir='ltr'>FABULARUM</span> <span class='ocrx_word' id='word_1_4' title='bbox 1097 242 1395 276; x_wconf 65' lang='lat' dir='ltr'><strong>AEsopnmum</strong></span> 
     </span>
    </p>
   </div>
   <div class='ocr_carea' id='block_1_2' title="bbox 229 331 1692 459">
    <p class='ocr_par' dir='ltr' id='par_1_2' title="bbox 229 331 1692 459">
     <span class='ocr_line' id='line_1_2' title="bbox 289 331 1692 391; baseline 0.01 -18"><span class='ocrx_word' id='word_1_5' title='bbox 289 331 397 384; x_wconf 85' lang='lat' dir='ltr'><strong>Qui,</strong></span> <span class='ocrx_word' id='word_1_6' title='bbox 421 332 680 389; x_wconf 61' lang='lat' dir='ltr'><strong>facerefquae</strong></span> <span class='ocrx_word' id='word_1_7' title='bbox 702 347 789 376; x_wconf 91' lang='lat' dir='ltr'><strong>non</strong></span> <span class='ocrx_word' id='word_1_8' title='bbox 810 341 1014 390; x_wconf 88' lang='lat' dir='ltr'><strong>possunt,</strong></span> <span class='ocrx_word' id='word_1_9' title='bbox 1036 338 1188 380; x_wconf 85' lang='lat' dir='ltr'><strong>verbis</strong></span> <span class='ocrx_word' id='word_1_10' title='bbox 1208 339 1395 391; x_wconf 85' lang='lat' dir='ltr'><strong>elevant,</strong></span> <span class='ocrx_word' id='word_1_11' title='bbox 1603 342 1609 350; x_wconf 82' lang='lat'><strong><em>¹</em></strong></span> <span class='ocrx_word' id='word_1_12' title='bbox 1662 344 1692 387; x_wconf 79' lang='lat'>5</span> 
     </span>
     <span class='ocr_line' id='line_1_3' title="bbox 229 399 1197 459; baseline 0.006 -17"><span class='ocrx_word' id='word_1_13' title='bbox 229 399 466 444; x_wconf 80' lang='lat' dir='ltr'><strong>Ascribere</strong></span> <span class='ocrx_word' id='word_1_14' title='bbox 485 401 572 444; x_wconf 91' lang='lat' dir='ltr'><strong>hoc</strong></span> <span class='ocrx_word' id='word_1_15' title='bbox 591 402 811 445; x_wconf 86' lang='lat' dir='ltr'><strong>debebunt</strong></span> <span class='ocrx_word' id='word_1_16' title='bbox 830 405 1083 459; x_wconf 84' lang='lat' dir='ltr'><strong>exemplum</strong></span> <span class='ocrx_word' id='word_1_17' title='bbox 1097 406 1197 448; x_wconf 85' lang='lat' dir='ltr'><strong>sibi.</strong></span> 
     </span>
    </p>
   </div>
   <div class='ocr_carea' id='block_1_3' title="bbox 226 504 1687 571">
    <p class='ocr_par' dir='ltr' id='par_1_3' title="bbox 226 504 1687 571">
     <span class='ocr_line' id='line_1_4' title="bbox 226 504 1687 571; baseline 0.006 -17"><span class='ocrx_word' id='word_1_18' title='bbox 226 525 389 555; x_wconf 80' lang='lat' dir='ltr'><em>attenuant</em></span> <span class='ocrx_word' id='word_1_19' title='bbox 406 523 507 556; x_wconf 80' lang='lat' dir='ltr'><strong>verbis</strong></span> <span class='ocrx_word' id='word_1_20' title='bbox 521 523 555 556; x_wconf 83' lang='lat' dir='ltr'><strong>id</strong></span> <span class='ocrx_word' id='word_1_21' title='bbox 571 525 651 566; x_wconf 81' lang='lat' dir='ltr'><strong>quod</strong></span> <span class='ocrx_word' id='word_1_22' title='bbox 665 535 726 558; x_wconf 80' lang='lat' dir='ltr'><strong>non</strong></span> <span class='ocrx_word' id='word_1_23' title='bbox 740 525 844 558; x_wconf 77' lang='lat' dir='ltr'><strong>ualent</strong></span> <span class='ocrx_word' id='word_1_24' title='bbox 855 528 1021 567; x_wconf 66' lang='lat' dir='ltr'><strong>praestare,</strong></span> <span class='ocrx_word' id='word_1_25' title='bbox 1037 525 1145 559; x_wconf 76' lang='lat' dir='ltr'><strong>debent</strong></span> <span class='ocrx_word' id='word_1_26' title='bbox 1158 525 1219 559; x_wconf 76' lang='lat' dir='ltr'><strong>sibi</strong></span> <span class='ocrx_word' id='word_1_27' title='bbox 1232 537 1386 560; x_wconf 75' lang='lat' dir='ltr'><strong>assumere</strong></span> <span class='ocrx_word' id='word_1_28' title='bbox 1399 528 1455 561; x_wconf 76' lang='lat' dir='ltr'><strong>hoc</strong></span> <span class='ocrx_word' id='word_1_29' title='bbox 1469 504 1651 571; x_wconf 48' lang='lat' dir='ltr'><strong>&amp;emplum</strong></span> <span class='ocrx_word' id='word_1_30' title='bbox 1685 515 1687 518; x_wconf 22' lang='grc' dir='ltr'><strong><em>ι</em></strong></span> 
     </span>
    </p>
   </div>
   <div class='ocr_carea' id='block_1_4' title="bbox 792 892 1116 931">
    <p class='ocr_par' dir='ltr' id='par_1_4' title="bbox 792 892 1116 931">
     <span class='ocr_line' id='line_1_5' title="bbox 792 892 1116 931; baseline 0 0"><span class='ocrx_word' id='word_1_31' title='bbox 792 892 1003 931; x_wconf 83' lang='lat' dir='ltr'><strong>FABULA</strong></span> <span class='ocrx_word' id='word_1_32' title='bbox 1047 894 1116 931; x_wconf 88' lang='lat' dir='ltr'><strong>IV.</strong></span> 
     </span>
    </p>
   </div>
   <div class='ocr_carea' id='block_1_5' title="bbox 673 1044 1242 1098">
    <p class='ocr_par' dir='ltr' id='par_1_5' title="bbox 673 1044 1242 1098">
     <span class='ocr_line' id='line_1_6' title="bbox 673 1044 1242 1098; baseline 0 -11"><span class='ocrx_word' id='word_1_33' title='bbox 673 1044 885 1098; x_wconf 84' lang='lat' dir='ltr'><strong>EQUUS</strong></span> <span class='ocrx_word' id='word_1_34' title='bbox 932 1045 1012 1088; x_wconf 89' lang='grc' dir='ltr'><strong>ΕΤ</strong></span> <span class='ocrx_word' id='word_1_35' title='bbox 1055 1045 1242 1088; x_wconf 86' lang='lat' dir='ltr'>APER.</span> 
     </span>
    </p>
   </div>
   <div class='ocr_carea' id='block_1_6' title="bbox 216 1177 1706 1511">
    <p class='ocr_par' dir='ltr' id='par_1_6' title="bbox 221 1177 1175 1236">
     <span class='ocr_line' id='line_1_7' title="bbox 221 1177 1175 1236; baseline 0.002 -15"><span class='ocrx_word' id='word_1_36' title='bbox 221 1177 394 1230; x_wconf 82' lang='lat' dir='ltr'><strong>EQUUS</strong></span> <span class='ocrx_word' id='word_1_37' title='bbox 416 1178 572 1222; x_wconf 86' lang='lat' dir='ltr'><strong>sedare</strong></span> <span class='ocrx_word' id='word_1_38' title='bbox 593 1180 751 1222; x_wconf 84' lang='lat' dir='ltr'><strong>solitus</strong></span> <span class='ocrx_word' id='word_1_39' title='bbox 772 1194 863 1236; x_wconf 94' lang='lat' dir='ltr'><strong>quo</strong></span> <span class='ocrx_word' id='word_1_40' title='bbox 882 1180 1023 1223; x_wconf 87' lang='lat' dir='ltr'><strong>fuerat</strong></span> <span class='ocrx_word' id='word_1_41' title='bbox 1042 1181 1175 1232; x_wconf 89' lang='lat' dir='ltr'><strong>sitim,</strong></span> 
     </span>
    </p>

    <p class='ocr_par' dir='ltr' id='par_1_7' title="bbox 216 1246 1706 1511">
     <span class='ocr_line' id='line_1_8' title="bbox 221 1246 1226 1303; baseline 0.003 -14"><span class='ocrx_word' id='word_1_42' title='bbox 221 1247 343 1290; x_wconf 88' lang='lat' dir='ltr'><strong>Dum</strong></span> <span class='ocrx_word' id='word_1_43' title='bbox 365 1260 464 1290; x_wconf 89' lang='lat' dir='ltr'><strong>sese</strong></span> <span class='ocrx_word' id='word_1_44' title='bbox 485 1246 609 1303; x_wconf 87' lang='lat' dir='ltr'><strong>Aper</strong></span> <span class='ocrx_word' id='word_1_45' title='bbox 625 1248 813 1300; x_wconf 86' lang='lat' dir='ltr'><strong>volutat,</strong></span> <span class='ocrx_word' id='word_1_46' title='bbox 836 1250 1028 1292; x_wconf 86' lang='lat' dir='ltr'><strong>turbavit</strong></span> <span class='ocrx_word' id='word_1_47' title='bbox 1045 1250 1226 1292; x_wconf 80' lang='lat' dir='ltr'><strong>vadum.</strong></span> 
     </span>
     <span class='ocr_line' id='line_1_9' title="bbox 219 1315 1196 1373; baseline 0.003 -16"><span class='ocrx_word' id='word_1_48' title='bbox 219 1315 342 1358; x_wconf 90' lang='lat' dir='ltr'><strong>Hinc</strong></span> <span class='ocrx_word' id='word_1_49' title='bbox 361 1319 460 1359; x_wconf 87' lang='lat' dir='ltr'><strong>orta</strong></span> <span class='ocrx_word' id='word_1_50' title='bbox 478 1316 536 1359; x_wconf 91' lang='lat' dir='ltr'><strong>lis</strong></span> <span class='ocrx_word' id='word_1_51' title='bbox 559 1320 640 1359; x_wconf 89' lang='lat' dir='ltr'><strong>est.</strong></span> <span class='ocrx_word' id='word_1_52' title='bbox 699 1316 906 1373; x_wconf 84' lang='lat' dir='ltr'><strong>Sonipes,</strong></span> <span class='ocrx_word' id='word_1_53' title='bbox 927 1318 1070 1360; x_wconf 85' lang='lat' dir='ltr'><strong>iratus</strong></span> <span class='ocrx_word' id='word_1_54' title='bbox 1087 1318 1196 1369; x_wconf 84' lang='lat' dir='ltr'><strong>fero,</strong></span> 
     </span>
     <span class='ocr_line' id='line_1_10' title="bbox 216 1382 1325 1442; baseline 0.003 -16"><span class='ocrx_word' id='word_1_55' title='bbox 216 1382 445 1426; x_wconf 80' lang='lat' dir='ltr'><strong>Auxilium</strong></span> <span class='ocrx_word' id='word_1_56' title='bbox 463 1384 592 1439; x_wconf 83' lang='lat' dir='ltr'><strong>petiit</strong></span> <span class='ocrx_word' id='word_1_57' title='bbox 608 1384 823 1439; x_wconf 83' lang='lat' dir='ltr'><strong>hominis3</strong></span> <span class='ocrx_word' id='word_1_58' title='bbox 853 1400 987 1442; x_wconf 87' lang='lat' dir='ltr'><strong>quem</strong></span> <span class='ocrx_word' id='word_1_59' title='bbox 1007 1387 1138 1430; x_wconf 87' lang='lat' dir='ltr'><strong>dorso</strong></span> <span class='ocrx_word' id='word_1_60' title='bbox 1157 1387 1325 1437; x_wconf 84' lang='lat' dir='ltr'><strong>levans,</strong></span> 
     </span>
     <span class='ocr_line' id='line_1_11' title="bbox 219 1451 1706 1511; baseline 0.003 -17"><span class='ocrx_word' id='word_1_61' title='bbox 219 1451 375 1495; x_wconf 84' lang='lat' dir='ltr'><strong>Rediit</strong></span> <span class='ocrx_word' id='word_1_62' title='bbox 394 1451 452 1495; x_wconf 84' lang='lat' dir='ltr'><strong>ad</strong></span> <span class='ocrx_word' id='word_1_63' title='bbox 471 1452 660 1496; x_wconf 84' lang='lat' dir='ltr'><strong>hostem.</strong></span> <span class='ocrx_word' id='word_1_64' title='bbox 719 1453 751 1496; x_wconf 82' lang='lat' dir='ltr'><strong>J</strong></span> <span class='ocrx_word' id='word_1_65' title='bbox 753 1454 870 1497; x_wconf 87' lang='lat' dir='ltr'><strong>actis</strong></span> <span class='ocrx_word' id='word_1_66' title='bbox 888 1454 1005 1498; x_wconf 88' lang='lat' dir='ltr'><strong>hunc</strong></span> <span class='ocrx_word' id='word_1_67' title='bbox 1025 1455 1125 1498; x_wconf 90' lang='lat' dir='ltr'><strong>telis</strong></span> <span class='ocrx_word' id='word_1_68' title='bbox 1141 1467 1276 1511; x_wconf 89' lang='lat' dir='ltr'><strong>eques</strong></span> <span class='ocrx_word' id='word_1_69' title='bbox 1653 1452 1683 1494; x_wconf 88' lang='grc'><strong><em>5</em></strong></span> <span class='ocrx_word' id='word_1_70' title='bbox 1703 1477 1706 1480; x_wconf 59' lang='lat'><em>&gt;</em></span> 
     </span>
    </p>
   </div>
   <div class='ocr_carea' id='block_1_7' title="bbox 211 1572 1682 1705">
    <p class='ocr_par' dir='ltr' id='par_1_8' title="bbox 211 1572 1682 1705">
     <span class='ocr_line' id='line_1_12' title="bbox 257 1572 1682 1618; baseline -0.001 -10"><span class='ocrx_word' id='word_1_71' title='bbox 257 1575 345 1608; x_wconf 81' lang='lat' dir='ltr'><strong>Dum</strong></span> <span class='ocrx_word' id='word_1_72' title='bbox 355 1574 443 1616; x_wconf 77' lang='lat' dir='ltr'><strong>Aper</strong></span> <span class='ocrx_word' id='word_1_73' title='bbox 455 1585 490 1608; x_wconf 88' lang='lat' dir='ltr'><strong>se</strong></span> <span class='ocrx_word' id='word_1_74' title='bbox 503 1578 621 1616; x_wconf 81' lang='lat' dir='ltr'><strong>versat,</strong></span> <span class='ocrx_word' id='word_1_75' title='bbox 628 1574 712 1615; x_wconf 81' lang='lat' dir='ltr'><strong>fecit</strong></span> <span class='ocrx_word' id='word_1_76' title='bbox 725 1575 838 1607; x_wconf 81' lang='lat' dir='ltr'><strong>vadum</strong></span> <span class='ocrx_word' id='word_1_77' title='bbox 850 1574 1074 1617; x_wconf 78' lang='lat' dir='ltr'><strong>turbulentum,</strong></span> <span class='ocrx_word' id='word_1_78' title='bbox 1092 1576 1128 1608; x_wconf 88' lang='lat' dir='ltr'><strong>in</strong></span> <span class='ocrx_word' id='word_1_79' title='bbox 1143 1586 1202 1618; x_wconf 70' lang='lat' dir='ltr'><strong>quo</strong></span> <span class='ocrx_word' id='word_1_80' title='bbox 1224 1575 1333 1618; x_wconf 76' lang='lat' dir='ltr'><strong>Equus</strong></span> <span class='ocrx_word' id='word_1_81' title='bbox 1351 1573 1467 1608; x_wconf 76' lang='lat' dir='ltr'><strong>solebat</strong></span> <span class='ocrx_word' id='word_1_82' title='bbox 1487 1572 1682 1616; x_wconf 67' lang='lat' dir='ltr'><strong>restinguere</strong></span> 
     </span>
     <span class='ocr_line' id='line_1_13' title="bbox 212 1618 1681 1661; baseline -0.002 -10"><span class='ocrx_word' id='word_1_83' title='bbox 212 1619 313 1651; x_wconf 79' lang='lat' dir='ltr'><strong>sitim.</strong></span> <span class='ocrx_word' id='word_1_84' title='bbox 358 1618 437 1651; x_wconf 84' lang='lat' dir='ltr'><strong>Inde</strong></span> <span class='ocrx_word' id='word_1_85' title='bbox 451 1622 526 1651; x_wconf 81' lang='lat' dir='ltr'><strong>nata</strong></span> <span class='ocrx_word' id='word_1_86' title='bbox 539 1619 709 1651; x_wconf 77' lang='lat' dir='ltr'><strong>contentio.</strong></span> <span class='ocrx_word' id='word_1_87' title='bbox 741 1619 861 1660; x_wconf 80' lang='lat' dir='ltr'><strong>Equus,</strong></span> <span class='ocrx_word' id='word_1_88' title='bbox 873 1618 1014 1659; x_wconf 65' lang='lat' dir='ltr'><strong>infensus</strong></span> <span class='ocrx_word' id='word_1_89' title='bbox 1027 1619 1128 1661; x_wconf 78' lang='lat' dir='ltr'><strong>Apro,</strong></span> <span class='ocrx_word' id='word_1_90' title='bbox 1141 1619 1324 1661; x_wconf 79' lang='lat' dir='ltr'><strong>imploravit</strong></span> <span class='ocrx_word' id='word_1_91' title='bbox 1337 1629 1425 1660; x_wconf 82' lang='lat' dir='ltr'><strong>opem</strong></span> <span class='ocrx_word' id='word_1_92' title='bbox 1438 1618 1582 1658; x_wconf 66' lang='lat' dir='ltr'><strong>homnis,</strong></span> <span class='ocrx_word' id='word_1_93' title='bbox 1594 1627 1681 1660; x_wconf 76' lang='lat' dir='ltr'><strong>quem</strong></span> 
     </span>
     <span class='ocr_line' id='line_1_14' title="bbox 211 1661 1682 1705; baseline 0 -11"><span class='ocrx_word' id='word_1_94' title='bbox 211 1666 341 1704; x_wconf 83' lang='lat' dir='ltr'><strong>portans</strong></span> <span class='ocrx_word' id='word_1_95' title='bbox 361 1666 498 1704; x_wconf 80' lang='lat' dir='ltr'><strong>tergore,</strong></span> <span class='ocrx_word' id='word_1_96' title='bbox 523 1671 666 1694; x_wconf 81' lang='lat' dir='ltr'><strong>reversus</strong></span> <span class='ocrx_word' id='word_1_97' title='bbox 690 1665 738 1695; x_wconf 73' lang='lat' dir='ltr'><strong>est</strong></span> <span class='ocrx_word' id='word_1_98' title='bbox 763 1662 876 1695; x_wconf 77' lang='lat' dir='ltr'><strong>hilaris</strong></span> <span class='ocrx_word' id='word_1_99' title='bbox 898 1663 940 1696; x_wconf 80' lang='lat' dir='ltr'><strong>ud</strong></span> <span class='ocrx_word' id='word_1_100' title='bbox 962 1663 1092 1695; x_wconf 77' lang='lat' dir='ltr'><strong>hostem.</strong></span> <span class='ocrx_word' id='word_1_101' title='bbox 1136 1663 1307 1705; x_wconf 77' lang='lat' dir='ltr'><strong>Postquam</strong></span> <span class='ocrx_word' id='word_1_102' title='bbox 1325 1671 1416 1704; x_wconf 74' lang='lat' dir='ltr'><strong>eques</strong></span> <span class='ocrx_word' id='word_1_103' title='bbox 1436 1661 1578 1702; x_wconf 62' lang='lat' dir='ltr'><strong>confodit</strong></span> <span class='ocrx_word' id='word_1_104' title='bbox 1597 1670 1682 1694; x_wconf 77' lang='lat' dir='ltr'><strong>suem</strong></span> 
     </span>
    </p>
   </div>
   <div class='ocr_carea' id='block_1_8' title="bbox 821 1746 1059 1759">
    <p class='ocr_par' dir='ltr' id='par_1_9' title="bbox 821 1746 1059 1759">
     <span class='ocr_line' id='line_1_15' title="bbox 821 1746 1059 1759; baseline 0 0"><span class='ocrx_word' id='word_1_105' title='bbox 821 1746 1059 1759; x_wconf 60' lang='lat' dir='ltr'><strong>O‘OOOOOOOOOO</strong></span> 
     </span>
    </p>
   </div>
   <div class='ocr_carea' id='block_1_9' title="bbox 207 1801 1700 2492">
    <p class='ocr_par' dir='ltr' id='par_1_10' title="bbox 207 1801 1700 2492">
     <span class='ocr_line' id='line_1_16' title="bbox 255 1801 1678 1846; baseline 0.001 -12"><span class='ocrx_word' id='word_1_106' title='bbox 255 1807 276 1835; x_wconf 85' lang='lat'><strong>5</strong></span> <span class='ocrx_word' id='word_1_107' title='bbox 299 1802 342 1835; x_wconf 89' lang='lat' dir='ltr'><strong>In</strong></span> <span class='ocrx_word' id='word_1_108' title='bbox 357 1802 453 1835; x_wconf 86' lang='lat' dir='ltr'><strong>libris</strong></span> <span class='ocrx_word' id='word_1_109' title='bbox 469 1802 609 1845; x_wconf 85' lang='lat' dir='ltr'><strong>scriptis</strong></span> <span class='ocrx_word' id='word_1_110' title='bbox 630 1801 780 1845; x_wconf 84' lang='lat' dir='ltr'><strong>legitur:</strong></span> <span class='ocrx_word' id='word_1_111' title='bbox 803 1801 902 1835; x_wconf 79' lang='lat' dir='ltr'><strong>Redit</strong></span> <span class='ocrx_word' id='word_1_112' title='bbox 922 1803 964 1834; x_wconf 77' lang='lat' dir='ltr'><strong>ad</strong></span> <span class='ocrx_word' id='word_1_113' title='bbox 988 1802 1107 1835; x_wconf 77' lang='lat' dir='ltr'><strong>hostem</strong></span> <span class='ocrx_word' id='word_1_114' title='bbox 1136 1803 1237 1843; x_wconf 81' lang='lat' dir='ltr'><strong>loetus,</strong></span> <span class='ocrx_word' id='word_1_115' title='bbox 1255 1802 1357 1842; x_wconf 72' lang='lat' dir='ltr'><strong>jactis</strong></span> <span class='ocrx_word' id='word_1_116' title='bbox 1378 1803 1462 1835; x_wconf 67' lang='lat' dir='ltr'><strong>hunc</strong></span> <span class='ocrx_word' id='word_1_117' title='bbox 1481 1802 1554 1835; x_wconf 76' lang='lat' dir='ltr'><strong>telis</strong></span> <span class='ocrx_word' id='word_1_118' title='bbox 1575 1813 1678 1846; x_wconf 79' lang='lat' dir='ltr'><strong>eques.</strong></span> 
     </span>
     <span class='ocr_line' id='line_1_17' title="bbox 212 1845 1681 1889; baseline 0.001 -11"><span class='ocrx_word' id='word_1_119' title='bbox 212 1846 293 1879; x_wconf 83' lang='lat' dir='ltr'><strong>vid.</strong></span> <span class='ocrx_word' id='word_1_120' title='bbox 311 1846 395 1878; x_wconf 85' lang='lat' dir='ltr'><strong>Not.</strong></span> <span class='ocrx_word' id='word_1_121' title='bbox 418 1846 545 1887; x_wconf 84' lang='lat' dir='ltr'>Rigalt.</span> <span class='ocrx_word' id='word_1_122' title='bbox 568 1850 606 1878; x_wconf 88' lang='lat' dir='ltr'><strong>et</strong></span> <span class='ocrx_word' id='word_1_123' title='bbox 619 1846 738 1878; x_wconf 90' lang='lat' dir='ltr'><strong>Bentl.</strong></span> <span class='ocrx_word' id='word_1_124' title='bbox 761 1845 906 1878; x_wconf 70' lang='lat' dir='ltr'><strong>Schwab.</strong></span> <span class='ocrx_word' id='word_1_125' title='bbox 942 1846 1032 1879; x_wconf 83' lang='lat' dir='ltr'><strong>Quia</strong></span> <span class='ocrx_word' id='word_1_126' title='bbox 1054 1846 1090 1878; x_wconf 92' lang='lat' dir='ltr'><strong>in</strong></span> <span class='ocrx_word' id='word_1_127' title='bbox 1105 1846 1233 1879; x_wconf 86' lang='lat' dir='ltr'><strong>Codice</strong></span> <span class='ocrx_word' id='word_1_128' title='bbox 1254 1846 1381 1878; x_wconf 86' lang='lat' dir='ltr'><strong>Pithoei</strong></span> <span class='ocrx_word' id='word_1_129' title='bbox 1394 1845 1462 1878; x_wconf 83' lang='lat' dir='ltr'><strong>fuit</strong></span> <span class='ocrx_word' id='word_1_130' title='bbox 1474 1846 1681 1889; x_wconf 69' lang='lat' dir='ltr'><strong>laetnoejactis,</strong></span> 
     </span>
     <span class='ocr_line' id='line_1_18' title="bbox 212 1888 1678 1932; baseline 0.001 -11"><span class='ocrx_word' id='word_1_131' title='bbox 212 1899 358 1932; x_wconf 87' lang='lat' dir='ltr'><strong>quarum</strong></span> <span class='ocrx_word' id='word_1_132' title='bbox 387 1889 554 1922; x_wconf 87' lang='lat' dir='ltr'><strong>alterutra</strong></span> <span class='ocrx_word' id='word_1_133' title='bbox 576 1899 643 1922; x_wconf 88' lang='lat' dir='ltr'><strong>vox</strong></span> <span class='ocrx_word' id='word_1_134' title='bbox 667 1888 851 1929; x_wconf 82' lang='lat' dir='ltr'><strong>redundat,</strong></span> <span class='ocrx_word' id='word_1_135' title='bbox 874 1893 911 1921; x_wconf 89' lang='lat' dir='ltr'><strong>et</strong></span> <span class='ocrx_word' id='word_1_136' title='bbox 933 1889 1013 1931; x_wconf 89' lang='lat' dir='ltr'><strong>quia</strong></span> <span class='ocrx_word' id='word_1_137' title='bbox 1028 1889 1119 1921; x_wconf 83' lang='lat' dir='ltr'><strong>loetor</strong></span> <span class='ocrx_word' id='word_1_138' title='bbox 1132 1889 1299 1931; x_wconf 85' lang='lat' dir='ltr'><strong>sequitur,</strong></span> <span class='ocrx_word' id='word_1_139' title='bbox 1317 1889 1411 1931; x_wconf 85' lang='lat' dir='ltr'><strong>prior</strong></span> <span class='ocrx_word' id='word_1_140' title='bbox 1425 1889 1562 1932; x_wconf 82' lang='lat' dir='ltr'><strong>abjecta</strong></span> <span class='ocrx_word' id='word_1_141' title='bbox 1575 1888 1643 1923; x_wconf 85' lang='lat' dir='ltr'><strong>fuit</strong></span> <span class='ocrx_word' id='word_1_142' title='bbox 1658 1900 1678 1922; x_wconf 90' lang='lat' dir='ltr'><strong>a</strong></span> 
     </span>
     <span class='ocr_line' id='line_1_19' title="bbox 211 1930 1678 1975; baseline 0.001 -11"><span class='ocrx_word' id='word_1_143' title='bbox 211 1933 295 1966; x_wconf 81' lang='lat' dir='ltr'><strong>viris</strong></span> <span class='ocrx_word' id='word_1_144' title='bbox 308 1932 420 1965; x_wconf 90' lang='lat' dir='ltr'><strong>doctis</strong></span> <span class='ocrx_word' id='word_1_145' title='bbox 434 1932 627 1975; x_wconf 84' lang='lat' dir='ltr'><strong>(Gronovio</strong></span> <span class='ocrx_word' id='word_1_146' title='bbox 641 1936 678 1964; x_wconf 89' lang='lat' dir='ltr'><strong>et</strong></span> <span class='ocrx_word' id='word_1_147' title='bbox 692 1930 798 1974; x_wconf 84' lang='lat' dir='ltr'><strong>aliis).</strong></span> <span class='ocrx_word' id='word_1_148' title='bbox 841 1932 1024 1966; x_wconf 85' lang='lat' dir='ltr'><strong>Bentleius</strong></span> <span class='ocrx_word' id='word_1_149' title='bbox 1047 1936 1229 1975; x_wconf 88' lang='lat' dir='ltr'><strong>utramque</strong></span> <span class='ocrx_word' id='word_1_150' title='bbox 1256 1932 1408 1964; x_wconf 87' lang='lat' dir='ltr'><strong>retinere</strong></span> <span class='ocrx_word' id='word_1_151' title='bbox 1429 1933 1557 1972; x_wconf 85' lang='lat' dir='ltr'><strong>volens,</strong></span> <span class='ocrx_word' id='word_1_152' title='bbox 1575 1933 1678 1965; x_wconf 83' lang='lat' dir='ltr'><strong>corri-</strong></span> 
     </span>
     <span class='ocr_line' id='line_1_20' title="bbox 211 1974 1678 2018; baseline 0 -10"><span class='ocrx_word' id='word_1_153' title='bbox 211 1976 275 2018; x_wconf 85' lang='lat' dir='ltr'><strong>git,</strong></span> <span class='ocrx_word' id='word_1_154' title='bbox 287 1981 326 2008; x_wconf 89' lang='lat' dir='ltr'><strong>ut</strong></span> <span class='ocrx_word' id='word_1_155' title='bbox 342 1986 363 2008; x_wconf 88' lang='lat' dir='ltr'><strong>a</strong></span> <span class='ocrx_word' id='word_1_156' title='bbox 376 1975 493 2008; x_wconf 83' lang='lat' dir='ltr'><strong>Gudio</strong></span> <span class='ocrx_word' id='word_1_157' title='bbox 509 1976 627 2018; x_wconf 81' lang='lat' dir='ltr'><strong>aliqua</strong></span> <span class='ocrx_word' id='word_1_158' title='bbox 640 1979 739 2017; x_wconf 85' lang='lat' dir='ltr'><strong>parte</strong></span> <span class='ocrx_word' id='word_1_159' title='bbox 754 1975 924 2007; x_wconf 86' lang='lat' dir='ltr'><strong>diversum</strong></span> <span class='ocrx_word' id='word_1_160' title='bbox 941 1974 1115 2017; x_wconf 81' lang='lat' dir='ltr'><strong>proderet,</strong></span> <span class='ocrx_word' id='word_1_161' title='bbox 1135 1975 1215 2007; x_wconf 77' lang='lat' dir='ltr'><strong>ltin</strong></span> <span class='ocrx_word' id='word_1_162' title='bbox 1224 1975 1343 2007; x_wconf 74' lang='lat' dir='ltr'><strong>hostem</strong></span> <span class='ocrx_word' id='word_1_163' title='bbox 1356 1976 1458 2017; x_wconf 74' lang='lat' dir='ltr'><strong>laetus,</strong></span> <span class='ocrx_word' id='word_1_164' title='bbox 1469 1975 1570 2015; x_wconf 72' lang='lat' dir='ltr'><strong>jactis</strong></span> <span class='ocrx_word' id='word_1_165' title='bbox 1582 1976 1678 2017; x_wconf 71' lang='lat' dir='ltr'><strong>hunc,</strong></span> 
     </span>
     <span class='ocr_line' id='line_1_21' title="bbox 209 2018 1678 2061; baseline 0.001 -10"><span class='ocrx_word' id='word_1_166' title='bbox 209 2021 264 2060; x_wconf 69' lang='grc' dir='ltr'><strong>ᾅτ.</strong></span> <span class='ocrx_word' id='word_1_167' title='bbox 277 2020 340 2052; x_wconf 89' lang='lat' dir='ltr'><strong>hac</strong></span> <span class='ocrx_word' id='word_1_168' title='bbox 356 2019 494 2061; x_wconf 86' lang='lat' dir='ltr'><strong>quidem</strong></span> <span class='ocrx_word' id='word_1_169' title='bbox 509 2020 628 2061; x_wconf 87' lang='lat' dir='ltr'><strong>specie</strong></span> <span class='ocrx_word' id='word_1_170' title='bbox 637 2019 671 2050; x_wconf 80' lang='lat' dir='ltr'><strong>in</strong></span> <span class='ocrx_word' id='word_1_171' title='bbox 682 2028 744 2060; x_wconf 84' lang='lat' dir='ltr'><strong>pro</strong></span> <span class='ocrx_word' id='word_1_172' title='bbox 761 2019 802 2050; x_wconf 84' lang='lat' dir='ltr'><strong>ad</strong></span> <span class='ocrx_word' id='word_1_173' title='bbox 813 2018 1012 2059; x_wconf 81' lang='lat' dir='ltr'><strong>restituens,</strong></span> <span class='ocrx_word' id='word_1_174' title='bbox 1031 2018 1112 2060; x_wconf 89' lang='lat' dir='ltr'><strong>quia</strong></span> <span class='ocrx_word' id='word_1_175' title='bbox 1126 2018 1160 2050; x_wconf 84' lang='lat' dir='ltr'><strong>in</strong></span> <span class='ocrx_word' id='word_1_176' title='bbox 1170 2018 1288 2050; x_wconf 76' lang='lat' dir='ltr'><strong>hostem</strong></span> <span class='ocrx_word' id='word_1_177' title='bbox 1299 2018 1347 2051; x_wconf 84' lang='lat' dir='ltr'><strong>ire</strong></span> <span class='ocrx_word' id='word_1_178' title='bbox 1357 2022 1412 2051; x_wconf 84' lang='lat' dir='ltr'><strong>est</strong></span> <span class='ocrx_word' id='word_1_179' title='bbox 1426 2019 1538 2051; x_wconf 84' lang='lat' dir='ltr'><strong>animo</strong></span> <span class='ocrx_word' id='word_1_180' title='bbox 1548 2019 1678 2058; x_wconf 80' lang='lat' dir='ltr'><strong>hostili,</strong></span> 
     </span>
     <span class='ocr_line' id='line_1_22' title="bbox 211 2061 1678 2104; baseline 0 -9"><span class='ocrx_word' id='word_1_181' title='bbox 211 2062 256 2095; x_wconf 84' lang='lat' dir='ltr'><strong>ad</strong></span> <span class='ocrx_word' id='word_1_182' title='bbox 271 2062 477 2103; x_wconf 88' lang='lat' dir='ltr'><strong>nocendum,</strong></span> <span class='ocrx_word' id='word_1_183' title='bbox 493 2062 555 2095; x_wconf 87' lang='lat' dir='ltr'><strong>sed</strong></span> <span class='ocrx_word' id='word_1_184' title='bbox 568 2063 610 2094; x_wconf 82' lang='lat' dir='ltr'><strong>ad</strong></span> <span class='ocrx_word' id='word_1_185' title='bbox 625 2062 744 2094; x_wconf 80' lang='lat' dir='ltr'><strong>hostem</strong></span> <span class='ocrx_word' id='word_1_186' title='bbox 761 2061 868 2094; x_wconf 80' lang='lat' dir='ltr'><strong>etiam</strong></span> <span class='ocrx_word' id='word_1_187' title='bbox 887 2061 984 2102; x_wconf 80' lang='lat' dir='ltr'><strong>redit,</strong></span> <span class='ocrx_word' id='word_1_188' title='bbox 1008 2062 1066 2104; x_wconf 90' lang='lat' dir='ltr'><strong>qui</strong></span> <span class='ocrx_word' id='word_1_189' title='bbox 1083 2061 1118 2093; x_wconf 88' lang='lat' dir='ltr'><strong>in</strong></span> <span class='ocrx_word' id='word_1_190' title='bbox 1140 2062 1286 2104; x_wconf 76' lang='lat' dir='ltr'><strong>gratiam</strong></span> <span class='ocrx_word' id='word_1_191' title='bbox 1307 2061 1480 2094; x_wconf 85' lang='lat' dir='ltr'><strong>rediturus</strong></span> <span class='ocrx_word' id='word_1_192' title='bbox 1499 2066 1563 2095; x_wconf 77' lang='lat' dir='ltr'><strong>est.</strong></span> <span class='ocrx_word' id='word_1_193' title='bbox 1606 2062 1678 2095; x_wconf 85' lang='lat' dir='ltr'><strong>Sed</strong></span> 
     </span>
     <span class='ocr_line' id='line_1_23' title="bbox 210 2104 1677 2148; baseline 0 -10"><span class='ocrx_word' id='word_1_194' title='bbox 210 2115 288 2138; x_wconf 88' lang='lat' dir='ltr'><strong>cum</strong></span> <span class='ocrx_word' id='word_1_195' title='bbox 303 2106 381 2138; x_wconf 84' lang='lat' dir='ltr'><strong>Ter.</strong></span> <span class='ocrx_word' id='word_1_196' title='bbox 396 2105 506 2138; x_wconf 82' lang='lat' dir='ltr'><strong>Andr.</strong></span> <span class='ocrx_word' id='word_1_197' title='bbox 521 2115 548 2138; x_wconf 88' lang='lat'><strong>1.</strong></span> <span class='ocrx_word' id='word_1_198' title='bbox 562 2109 602 2146; x_wconf 66' lang='grc'><strong>,5.</strong></span> <span class='ocrx_word' id='word_1_199' title='bbox 618 2108 671 2138; x_wconf 85' lang='grc'><strong>17.</strong></span> <span class='ocrx_word' id='word_1_200' title='bbox 687 2104 826 2143; x_wconf 85' lang='lat' dir='ltr'><strong>dixerit,</strong></span> <span class='ocrx_word' id='word_1_201' title='bbox 850 2104 944 2137; x_wconf 84' lang='lat' dir='ltr'><strong>‘itur</strong></span> <span class='ocrx_word' id='word_1_202' title='bbox 965 2104 1010 2137; x_wconf 89' lang='lat' dir='ltr'><strong>ad</strong></span> <span class='ocrx_word' id='word_1_203' title='bbox 1034 2107 1115 2145; x_wconf 89' lang='lat' dir='ltr'><strong>me,’</strong></span> <span class='ocrx_word' id='word_1_204' title='bbox 1142 2109 1179 2137; x_wconf 91' lang='lat' dir='ltr'><strong>et</strong></span> <span class='ocrx_word' id='word_1_205' title='bbox 1193 2106 1353 2137; x_wconf 79' lang='lat' dir='ltr'><strong>Donatus</strong></span> <span class='ocrx_word' id='word_1_206' title='bbox 1369 2105 1534 2148; x_wconf 84' lang='lat' dir='ltr'><strong>explicet,</strong></span> <span class='ocrx_word' id='word_1_207' title='bbox 1555 2110 1677 2139; x_wconf 88' lang='lat' dir='ltr'><strong>notare</strong></span> 
     </span>
     <span class='ocr_line' id='line_1_24' title="bbox 210 2146 1677 2191; baseline 0.001 -11"><span class='ocrx_word' id='word_1_208' title='bbox 210 2149 288 2190; x_wconf 84' lang='lat' dir='ltr'><strong>hoc,</strong></span> <span class='ocrx_word' id='word_1_209' title='bbox 305 2154 343 2181; x_wconf 88' lang='lat' dir='ltr'><strong>ut</strong></span> <span class='ocrx_word' id='word_1_210' title='bbox 359 2148 402 2181; x_wconf 91' lang='lat' dir='ltr'><strong>ad</strong></span> <span class='ocrx_word' id='word_1_211' title='bbox 414 2149 562 2189; x_wconf 85' lang='lat' dir='ltr'><strong>hostem,</strong></span> <span class='ocrx_word' id='word_1_212' title='bbox 573 2153 610 2181; x_wconf 93' lang='lat' dir='ltr'><strong>et</strong></span> <span class='ocrx_word' id='word_1_213' title='bbox 622 2148 741 2180; x_wconf 91' lang='lat' dir='ltr'><strong>Plauti</strong></span> <span class='ocrx_word' id='word_1_214' title='bbox 753 2149 828 2180; x_wconf 87' lang='lat' dir='ltr'><strong>loco</strong></span> <span class='ocrx_word' id='word_1_215' title='bbox 841 2146 1023 2181; x_wconf 87' lang='lat' dir='ltr'><strong>confirmet</strong></span> <span class='ocrx_word' id='word_1_216' title='bbox 1036 2158 1046 2187; x_wconf 80' lang='lat'><em>3</em></span> <span class='ocrx_word' id='word_1_217' title='bbox 1061 2152 1098 2180; x_wconf 90' lang='lat' dir='ltr'><strong>et</strong></span> <span class='ocrx_word' id='word_1_218' title='bbox 1110 2148 1241 2190; x_wconf 85' lang='lat' dir='ltr'><strong>Hecyr.</strong></span> <span class='ocrx_word' id='word_1_219' title='bbox 1255 2157 1306 2180; x_wconf 89' lang='lat' dir='ltr'><strong>1v.</strong></span> <span class='ocrx_word' id='word_1_220' title='bbox 1324 2151 1355 2181; x_wconf 87' lang='lat'><strong>1.</strong></span> <span class='ocrx_word' id='word_1_221' title='bbox 1368 2151 1402 2181; x_wconf 85' lang='lat'><strong>6.</strong></span> <span class='ocrx_word' id='word_1_222' title='bbox 1425 2150 1435 2168; x_wconf 90' lang='lat'>‘</span> <span class='ocrx_word' id='word_1_223' title='bbox 1445 2149 1549 2181; x_wconf 90' lang='lat' dir='ltr'><strong>credo</strong></span> <span class='ocrx_word' id='word_1_224' title='bbox 1564 2150 1677 2191; x_wconf 73' lang='lat' dir='ltr'><strong>ipsum</strong></span> 
     </span>
     <span class='ocr_line' id='line_1_25' title="bbox 211 2191 1675 2234; baseline 0 -10"><span class='ocrx_word' id='word_1_225' title='bbox 211 2192 255 2224; x_wconf 84' lang='lat' dir='ltr'><strong>ad</strong></span> <span class='ocrx_word' id='word_1_226' title='bbox 271 2201 325 2224; x_wconf 91' lang='lat' dir='ltr'><strong>me</strong></span> <span class='ocrx_word' id='word_1_227' title='bbox 340 2191 458 2232; x_wconf 87' lang='lat' dir='ltr'><strong>exire‚’</strong></span> <span class='ocrx_word' id='word_1_228' title='bbox 473 2193 642 2232; x_wconf 79' lang='lat' dir='ltr'><strong>Donatus,</strong></span> <span class='ocrx_word' id='word_1_229' title='bbox 656 2191 752 2234; x_wconf 85' lang='lat' dir='ltr'><strong>quasi</strong></span> <span class='ocrx_word' id='word_1_230' title='bbox 768 2191 994 2232; x_wconf 83' lang='lat' dir='ltr'><strong>litigaturum,</strong></span> <span class='ocrx_word' id='word_1_231' title='bbox 1006 2191 1181 2233; x_wconf 78' lang='lat' dir='ltr'><strong>explicet3</strong></span> <span class='ocrx_word' id='word_1_232' title='bbox 1205 2191 1300 2223; x_wconf 86' lang='lat' dir='ltr'><strong>nihili</strong></span> <span class='ocrx_word' id='word_1_233' title='bbox 1312 2192 1448 2224; x_wconf 78' lang='lat' dir='ltr'><strong>esthaec</strong></span> <span class='ocrx_word' id='word_1_234' title='bbox 1460 2191 1675 2225; x_wconf 82' lang='lat' dir='ltr'><strong>observatio:</strong></span> 
     </span>
     <span class='ocr_line' id='line_1_26' title="bbox 209 2233 1675 2276; baseline 0.001 -10"><span class='ocrx_word' id='word_1_235' title='bbox 209 2237 252 2266; x_wconf 81' lang='lat' dir='ltr'><strong>ad</strong></span> <span class='ocrx_word' id='word_1_236' title='bbox 267 2236 357 2267; x_wconf 87' lang='lat' dir='ltr'><strong>enim</strong></span> <span class='ocrx_word' id='word_1_237' title='bbox 372 2240 506 2276; x_wconf 87' lang='lat' dir='ltr'><strong>contra,</strong></span> <span class='ocrx_word' id='word_1_238' title='bbox 523 2235 686 2267; x_wconf 85' lang='lat' dir='ltr'><strong>adversus</strong></span> <span class='ocrx_word' id='word_1_239' title='bbox 699 2239 812 2274; x_wconf 85' lang='lat' dir='ltr'><strong>est‚nt</strong></span> <span class='ocrx_word' id='word_1_240' title='bbox 821 2234 980 2276; x_wconf 83' lang='lat' dir='ltr'><strong>Guyetus</strong></span> <span class='ocrx_word' id='word_1_241' title='bbox 995 2233 1112 2267; x_wconf 88' lang='lat' dir='ltr'><strong>docet.</strong></span> <span class='ocrx_word' id='word_1_242' title='bbox 1135 2233 1219 2268; x_wconf 83' lang='lat' dir='ltr'><strong>vid.</strong></span> <span class='ocrx_word' id='word_1_243' title='bbox 1236 2235 1295 2268; x_wconf 85' lang='lat' dir='ltr'><strong>lib.</strong></span> <span class='ocrx_word' id='word_1_244' title='bbox 1307 2243 1333 2267; x_wconf 80' lang='grc' dir='ltr'><strong>ι.</strong></span> <span class='ocrx_word' id='word_1_245' title='bbox 1345 2234 1416 2268; x_wconf 81' lang='lat' dir='ltr'><strong>fab.</strong></span> <span class='ocrx_word' id='word_1_246' title='bbox 1430 2237 1486 2267; x_wconf 83' lang='lat'><strong>21.</strong></span> <span class='ocrx_word' id='word_1_247' title='bbox 1502 2238 1535 2268; x_wconf 86' lang='lat'><strong>5.</strong></span> <span class='ocrx_word' id='word_1_248' title='bbox 1559 2235 1675 2269; x_wconf 82' lang='lat' dir='ltr'><strong>Quare</strong></span> 
     </span>
     <span class='ocr_line' id='line_1_27' title="bbox 207 2277 1676 2320; baseline 0.001 -10"><span class='ocrx_word' id='word_1_249' title='bbox 207 2279 244 2310; x_wconf 75' lang='lat' dir='ltr'><strong>in</strong></span> <span class='ocrx_word' id='word_1_250' title='bbox 255 2282 291 2310; x_wconf 88' lang='lat' dir='ltr'><strong>et</strong></span> <span class='ocrx_word' id='word_1_251' title='bbox 301 2279 342 2310; x_wconf 82' lang='lat' dir='ltr'><strong>ad</strong></span> <span class='ocrx_word' id='word_1_252' title='bbox 353 2287 447 2320; x_wconf 85' lang='lat' dir='ltr'><strong>saepe</strong></span> <span class='ocrx_word' id='word_1_253' title='bbox 461 2278 605 2310; x_wconf 85' lang='lat' dir='ltr'><strong>eandem</strong></span> <span class='ocrx_word' id='word_1_254' title='bbox 619 2278 685 2310; x_wconf 89' lang='lat' dir='ltr'><strong>vim</strong></span> <span class='ocrx_word' id='word_1_255' title='bbox 700 2277 843 2317; x_wconf 82' lang='lat' dir='ltr'><strong>habent,</strong></span> <span class='ocrx_word' id='word_1_256' title='bbox 855 2282 904 2318; x_wconf 89' lang='lat' dir='ltr'><strong>et,</strong></span> <span class='ocrx_word' id='word_1_257' title='bbox 917 2282 957 2310; x_wconf 91' lang='lat' dir='ltr'><strong>ut</strong></span> <span class='ocrx_word' id='word_1_258' title='bbox 972 2283 1067 2310; x_wconf 85' lang='lat' dir='ltr'><strong>recte</strong></span> <span class='ocrx_word' id='word_1_259' title='bbox 1079 2277 1220 2317; x_wconf 75' lang='lat' dir='ltr'><strong>flarius,</strong></span> <span class='ocrx_word' id='word_1_260' title='bbox 1232 2287 1277 2310; x_wconf 83' lang='lat' dir='ltr'><strong>ex</strong></span> <span class='ocrx_word' id='word_1_261' title='bbox 1293 2277 1381 2310; x_wconf 86' lang='lat' dir='ltr'><strong>serie</strong></span> <span class='ocrx_word' id='word_1_262' title='bbox 1397 2278 1603 2310; x_wconf 81' lang='lat' dir='ltr'><strong>narrationis</strong></span> <span class='ocrx_word' id='word_1_263' title='bbox 1615 2287 1676 2320; x_wconf 77' lang='lat' dir='ltr'><strong>ap-</strong></span> 
     </span>
     <span class='ocr_line' id='line_1_28' title="bbox 209 2320 1676 2363; baseline 0.001 -10"><span class='ocrx_word' id='word_1_264' title='bbox 209 2326 309 2362; x_wconf 86' lang='lat' dir='ltr'><strong>paret</strong></span> <span class='ocrx_word' id='word_1_265' title='bbox 322 2321 403 2353; x_wconf 83' lang='lat' dir='ltr'><strong>satis</strong></span> <span class='ocrx_word' id='word_1_266' title='bbox 414 2321 462 2352; x_wconf 88' lang='lat' dir='ltr'><strong>vis</strong></span> <span class='ocrx_word' id='word_1_267' title='bbox 474 2321 593 2352; x_wconf 88' lang='lat' dir='ltr'><strong>harum</strong></span> <span class='ocrx_word' id='word_1_268' title='bbox 605 2321 896 2362; x_wconf 72' lang='lat' dir='ltr'><strong>praepositionum,</strong></span> <span class='ocrx_word' id='word_1_269' title='bbox 905 2325 942 2352; x_wconf 91' lang='lat' dir='ltr'><strong>et</strong></span> <span class='ocrx_word' id='word_1_270' title='bbox 953 2320 1032 2352; x_wconf 90' lang='lat' dir='ltr'><strong>ideo</strong></span> <span class='ocrx_word' id='word_1_271' title='bbox 1043 2320 1225 2352; x_wconf 84' lang='lat' dir='ltr'><strong>admodum</strong></span> <span class='ocrx_word' id='word_1_272' title='bbox 1237 2321 1428 2359; x_wconf 67' lang='lat' dir='ltr'><strong>temerariae</strong></span> <span class='ocrx_word' id='word_1_273' title='bbox 1440 2325 1520 2354; x_wconf 84' lang='lat' dir='ltr'><strong>sunt</strong></span> <span class='ocrx_word' id='word_1_274' title='bbox 1531 2322 1676 2363; x_wconf 75' lang='lat' dir='ltr'><strong>ejusmo-</strong></span> 
     </span>
     <span class='ocr_line' id='line_1_29' title="bbox 209 2363 1674 2406; baseline 0.001 -11"><span class='ocrx_word' id='word_1_275' title='bbox 209 2364 247 2396; x_wconf 82' lang='lat' dir='ltr'><strong>di</strong></span> <span class='ocrx_word' id='word_1_276' title='bbox 258 2364 503 2396; x_wconf 84' lang='lat' dir='ltr'><strong>correctiones.</strong></span> <span class='ocrx_word' id='word_1_277' title='bbox 534 2364 613 2395; x_wconf 87' lang='lat' dir='ltr'><strong>vid.</strong></span> <span class='ocrx_word' id='word_1_278' title='bbox 631 2368 668 2395; x_wconf 84' lang='lat' dir='ltr'><strong>et</strong></span> <span class='ocrx_word' id='word_1_279' title='bbox 682 2364 840 2396; x_wconf 87' lang='lat' dir='ltr'><strong>Torrent.</strong></span> <span class='ocrx_word' id='word_1_280' title='bbox 855 2363 898 2395; x_wconf 88' lang='lat' dir='ltr'><strong>ad</strong></span> <span class='ocrx_word' id='word_1_281' title='bbox 912 2363 998 2396; x_wconf 90' lang='lat' dir='ltr'><strong>Hor.</strong></span> <span class='ocrx_word' id='word_1_282' title='bbox 1011 2363 1124 2405; x_wconf 85' lang='lat' dir='ltr'><strong>Epod.</strong></span> <span class='ocrx_word' id='word_1_283' title='bbox 1140 2372 1192 2396; x_wconf 81' lang='lat' dir='ltr'><strong>lx.</strong></span> <span class='ocrx_word' id='word_1_284' title='bbox 1210 2366 1262 2396; x_wconf 79' lang='lat'><strong>17.</strong></span> <span class='ocrx_word' id='word_1_285' title='bbox 1280 2368 1318 2396; x_wconf 90' lang='lat' dir='ltr'><strong>et</strong></span> <span class='ocrx_word' id='word_1_286' title='bbox 1330 2364 1555 2397; x_wconf 77' lang='lat' dir='ltr'><strong>Passerat.ad</strong></span> <span class='ocrx_word' id='word_1_287' title='bbox 1564 2364 1674 2406; x_wconf 79' lang='lat' dir='ltr'><strong>Prop-</strong></span> 
     </span>
     <span class='ocr_line' id='line_1_30' title="bbox 209 2405 1700 2449; baseline 0 -9"><span class='ocrx_word' id='word_1_288' title='bbox 209 2418 244 2449; x_wconf 90' lang='lat' dir='ltr'><strong>p.</strong></span> <span class='ocrx_word' id='word_1_289' title='bbox 267 2410 342 2440; x_wconf 82' lang='lat'>422.</span> <span class='ocrx_word' id='word_1_290' title='bbox 369 2407 551 2439; x_wconf 89' lang='lat' dir='ltr'><strong>Muncker.</strong></span> <span class='ocrx_word' id='word_1_291' title='bbox 579 2406 622 2438; x_wconf 92' lang='lat' dir='ltr'><strong>ad</strong></span> <span class='ocrx_word' id='word_1_292' title='bbox 646 2406 777 2448; x_wconf 86' lang='lat' dir='ltr'><strong>Hygin.</strong></span> <span class='ocrx_word' id='word_1_293' title='bbox 799 2406 869 2439; x_wconf 86' lang='lat' dir='ltr'><strong>fab.</strong></span> <span class='ocrx_word' id='word_1_294' title='bbox 892 2408 947 2439; x_wconf 88' lang='grc'><strong>91.</strong></span> <span class='ocrx_word' id='word_1_295' title='bbox 992 2407 1070 2439; x_wconf 86' lang='lat' dir='ltr'><strong>Nec</strong></span> <span class='ocrx_word' id='word_1_296' title='bbox 1095 2405 1206 2439; x_wconf 76' lang='lat' dir='ltr'><strong>Rediit</strong></span> <span class='ocrx_word' id='word_1_297' title='bbox 1231 2407 1443 2449; x_wconf 85' lang='lat' dir='ltr'><strong>mutandum,</strong></span> <span class='ocrx_word' id='word_1_298' title='bbox 1468 2417 1546 2439; x_wconf 84' lang='lat' dir='ltr'><strong>narn</strong></span> <span class='ocrx_word' id='word_1_299' title='bbox 1572 2413 1674 2440; x_wconf 80' lang='lat' dir='ltr'><strong>antea</strong></span> <span class='ocrx_word' id='word_1_300' title='bbox 1698 2408 1700 2410; x_wconf 81' lang='grc'><strong>’</strong></span> 
     </span>
     <span class='ocr_line' id='line_1_31' title="bbox 208 2449 1673 2492; baseline 0 -9"><span class='ocrx_word' id='word_1_301' title='bbox 208 2451 346 2484; x_wconf 85' lang='lat' dir='ltr'><strong>turbato</strong></span> <span class='ocrx_word' id='word_1_302' title='bbox 367 2450 455 2483; x_wconf 83' lang='lat' dir='ltr'><strong>vado</strong></span> <span class='ocrx_word' id='word_1_303' title='bbox 479 2449 684 2482; x_wconf 82' lang='lat' dir='ltr'><strong>discesserat</strong></span> <span class='ocrx_word' id='word_1_304' title='bbox 698 2459 708 2488; x_wconf 92' lang='lat'>;</span> <span class='ocrx_word' id='word_1_305' title='bbox 735 2459 825 2482; x_wconf 86' lang='lat' dir='ltr'><strong>nuuc</strong></span> <span class='ocrx_word' id='word_1_306' title='bbox 841 2449 934 2482; x_wconf 89' lang='lat' dir='ltr'><strong>redit</strong></span> <span class='ocrx_word' id='word_1_307' title='bbox 947 2449 1068 2482; x_wconf 87' lang='lat' dir='ltr'><strong>eodem</strong></span> <span class='ocrx_word' id='word_1_308' title='bbox 1081 2450 1204 2491; x_wconf 86' lang='lat' dir='ltr'><strong>animo,</strong></span> <span class='ocrx_word' id='word_1_309' title='bbox 1219 2459 1285 2492; x_wconf 90' lang='lat' dir='ltr'><strong>quo</strong></span> <span class='ocrx_word' id='word_1_310' title='bbox 1298 2455 1401 2483; x_wconf 84' lang='lat' dir='ltr'><strong>antea</strong></span> <span class='ocrx_word' id='word_1_311' title='bbox 1413 2450 1446 2482; x_wconf 87' lang='lat' dir='ltr'><strong>in</strong></span> <span class='ocrx_word' id='word_1_312' title='bbox 1462 2459 1580 2492; x_wconf 80' lang='lat' dir='ltr'><strong>aprum</strong></span> <span class='ocrx_word' id='word_1_313' title='bbox 1596 2456 1673 2483; x_wconf 84' lang='lat' dir='ltr'><strong>erat</strong></span> 
     </span>
    </p>
   </div>
   <div class='ocr_carea' id='block_1_10' title="bbox 862 2547 1004 2580">
    <p class='ocr_par' dir='ltr' id='par_1_11' title="bbox 862 2547 1004 2580">
     <span class='ocr_line' id='line_1_32' title="bbox 862 2547 1004 2580; baseline 0 0"><span class='ocrx_word' id='word_1_314' title='bbox 862 2547 1004 2580; x_wconf 80' lang='lat' dir='ltr'>NOTAE</span> 
     </span>
    </p>
   </div>
   <div class='ocr_carea' id='block_1_11' title="bbox 206 2623 1672 2874">
    <p class='ocr_par' dir='ltr' id='par_1_12' title="bbox 206 2623 1672 2874">
     <span class='ocr_line' id='line_1_33' title="bbox 248 2623 1672 2670; baseline 0.001 -12"><span class='ocrx_word' id='word_1_315' title='bbox 248 2630 269 2658; x_wconf 81' lang='grc'>4</span> <span class='ocrx_word' id='word_1_316' title='bbox 292 2626 459 2658; x_wconf 76' lang='lat' dir='ltr'><strong>Auxilium</strong></span> <span class='ocrx_word' id='word_1_317' title='bbox 468 2624 563 2666; x_wconf 78' lang='lat' dir='ltr'><strong>petiit</strong></span> <span class='ocrx_word' id='word_1_318' title='bbox 574 2623 723 2665; x_wconf 81' lang='lat' dir='ltr'><strong>hominis]</strong></span> <span class='ocrx_word' id='word_1_319' title='bbox 746 2624 911 2657; x_wconf 90' lang='lat' dir='ltr'><strong>Horatius</strong></span> <span class='ocrx_word' id='word_1_320' title='bbox 967 2626 1058 2667; x_wconf 87' lang='lat' dir='ltr'><strong>apud</strong></span> <span class='ocrx_word' id='word_1_321' title='bbox 1075 2625 1293 2659; x_wconf 78' lang='lat' dir='ltr'><strong>Himerenses</strong></span> <span class='ocrx_word' id='word_1_322' title='bbox 1305 2625 1469 2659; x_wconf 83' lang='lat' dir='ltr'><strong>adversus</strong></span> <span class='ocrx_word' id='word_1_323' title='bbox 1486 2625 1672 2670; x_wconf 80' lang='lat' dir='ltr'><strong>Phalarim,</strong></span> 
     </span>
     <span class='ocr_line' id='line_1_34' title="bbox 207 2674 1669 2721; baseline 0.001 -11"><span class='ocrx_word' id='word_1_324' title='bbox 207 2678 250 2710; x_wconf 84' lang='lat' dir='ltr'><strong>ad</strong></span> <span class='ocrx_word' id='word_1_325' title='bbox 265 2679 410 2710; x_wconf 82' lang='lat' dir='ltr'><strong>Tuscum</strong></span> <span class='ocrx_word' id='word_1_326' title='bbox 433 2676 598 2708; x_wconf 84' lang='lat' dir='ltr'><strong>Aristium</strong></span> <span class='ocrx_word' id='word_1_327' title='bbox 623 2674 772 2708; x_wconf 85' lang='lat' dir='ltr'><strong>fabulam</strong></span> <span class='ocrx_word' id='word_1_328' title='bbox 794 2680 914 2709; x_wconf 86' lang='lat' dir='ltr'><strong>narrat</strong></span> <span class='ocrx_word' id='word_1_329' title='bbox 968 2682 1006 2709; x_wconf 86' lang='lat' dir='ltr'><strong>ut</strong></span> <span class='ocrx_word' id='word_1_330' title='bbox 1022 2677 1130 2710; x_wconf 89' lang='lat' dir='ltr'><strong>tradit</strong></span> <span class='ocrx_word' id='word_1_331' title='bbox 1156 2678 1373 2719; x_wconf 83' lang='lat' dir='ltr'><strong>Aristoteles,</strong></span> <span class='ocrx_word' id='word_1_332' title='bbox 1393 2677 1452 2710; x_wconf 85' lang='lat' dir='ltr'><strong>lib.</strong></span> <span class='ocrx_word' id='word_1_333' title='bbox 1466 2687 1506 2711; x_wconf 79' lang='grc' dir='ltr'><strong>η.</strong></span> <span class='ocrx_word' id='word_1_334' title='bbox 1521 2688 1599 2721; x_wconf 80' lang='lat' dir='ltr'><strong>cap.</strong></span> <span class='ocrx_word' id='word_1_335' title='bbox 1615 2682 1669 2712; x_wconf 79' lang='lat'><strong>20.</strong></span> 
     </span>
     <span class='ocr_line' id='line_1_35' title="bbox 208 2727 1669 2773; baseline -0.002 -10"><span class='ocrx_word' id='word_1_336' title='bbox 208 2732 250 2763; x_wconf 87' lang='lat' dir='ltr'><strong>de</strong></span> <span class='ocrx_word' id='word_1_337' title='bbox 266 2732 365 2773; x_wconf 87' lang='lat' dir='ltr'><strong>Equo</strong></span> <span class='ocrx_word' id='word_1_338' title='bbox 382 2734 418 2763; x_wconf 89' lang='lat' dir='ltr'><strong>et</strong></span> <span class='ocrx_word' id='word_1_339' title='bbox 434 2730 556 2762; x_wconf 84' lang='lat' dir='ltr'><strong>Cervo.</strong></span> <span class='ocrx_word' id='word_1_340' title='bbox 579 2731 588 2747; x_wconf 91' lang='lat'>‘</span> <span class='ocrx_word' id='word_1_341' title='bbox 605 2728 809 2771; x_wconf 79' lang='lat' dir='ltr'><strong>Imploravit</strong></span> <span class='ocrx_word' id='word_1_342' title='bbox 829 2738 912 2770; x_wconf 84' lang='lat' dir='ltr'><strong>opes</strong></span> <span class='ocrx_word' id='word_1_343' title='bbox 967 2727 1068 2760; x_wconf 74' lang='lat' dir='ltr'><strong>Rhet.</strong></span> <span class='ocrx_word' id='word_1_344' title='bbox 1111 2727 1274 2760; x_wconf 85' lang='lat' dir='ltr'><strong>Ceterum</strong></span> <span class='ocrx_word' id='word_1_345' title='bbox 1298 2728 1384 2760; x_wconf 87' lang='lat' dir='ltr'><strong>hanc</strong></span> <span class='ocrx_word' id='word_1_346' title='bbox 1401 2727 1550 2761; x_wconf 70' lang='lat' dir='ltr'><strong>saboiam</strong></span> <span class='ocrx_word' id='word_1_347' title='bbox 1566 2729 1669 2770; x_wconf 87' lang='lat' dir='ltr'><strong>paulo</strong></span> 
     </span>
     <span class='ocr_line' id='line_1_36' title="bbox 207 2778 1668 2823; baseline -0.003 -8"><span class='ocrx_word' id='word_1_348' title='bbox 207 2782 364 2823; x_wconf 87' lang='lat' dir='ltr'><strong>hominis,</strong></span> <span class='ocrx_word' id='word_1_349' title='bbox 393 2781 605 2823; x_wconf 78' lang='lat' dir='ltr'><strong>fraenumque</strong></span> <span class='ocrx_word' id='word_1_350' title='bbox 632 2780 790 2822; x_wconf 65' lang='lat' dir='ltr'><strong>recepit:</strong></span> <span class='ocrx_word' id='word_1_351' title='bbox 834 2779 912 2812; x_wconf 87' lang='lat' dir='ltr'><strong>Hac</strong></span> <span class='ocrx_word' id='word_1_352' title='bbox 966 2778 1067 2811; x_wconf 85' lang='lat' dir='ltr'><strong>aliter</strong></span> <span class='ocrx_word' id='word_1_353' title='bbox 1091 2783 1231 2810; x_wconf 85' lang='lat' dir='ltr'><strong>narrant</strong></span> <span class='ocrx_word' id='word_1_354' title='bbox 1245 2778 1458 2811; x_wconf 87' lang='lat' dir='ltr'><strong>Stesichorus</strong></span> <span class='ocrx_word' id='word_1_355' title='bbox 1487 2778 1668 2813; x_wconf 78' lang='lat' dir='ltr'><strong>Horatius-</strong></span> 
     </span>
     <span class='ocr_line' id='line_1_37' title="bbox 206 2829 1539 2874; baseline -0.001 -10"><span class='ocrx_word' id='word_1_356' title='bbox 206 2831 322 2864; x_wconf 78' lang='lat' dir='ltr'><strong>fabula</strong></span> <span class='ocrx_word' id='word_1_357' title='bbox 359 2832 468 2874; x_wconf 87' lang='lat' dir='ltr'><strong>primo</strong></span> <span class='ocrx_word' id='word_1_358' title='bbox 500 2841 578 2864; x_wconf 83' lang='lat' dir='ltr'><strong>usus</strong></span> <span class='ocrx_word' id='word_1_359' title='bbox 612 2836 666 2863; x_wconf 87' lang='lat' dir='ltr'><strong>est</strong></span> <span class='ocrx_word' id='word_1_360' title='bbox 698 2831 911 2864; x_wconf 85' lang='lat' dir='ltr'><strong>Stesichorus</strong></span> <span class='ocrx_word' id='word_1_361' title='bbox 965 2840 1042 2873; x_wconf 83' lang='lat' dir='ltr'><strong>que,</strong></span> <span class='ocrx_word' id='word_1_362' title='bbox 1060 2829 1120 2863; x_wconf 81' lang='lat' dir='ltr'><strong>sed</strong></span> <span class='ocrx_word' id='word_1_363' title='bbox 1137 2834 1251 2862; x_wconf 81' lang='lat' dir='ltr'><strong>tamen</strong></span> <span class='ocrx_word' id='word_1_364' title='bbox 1272 2839 1325 2862; x_wconf 85' lang='lat' dir='ltr'><strong>res</strong></span> <span class='ocrx_word' id='word_1_365' title='bbox 1339 2829 1458 2862; x_wconf 76' lang='lat' dir='ltr'><strong>eadem</strong></span> <span class='ocrx_word' id='word_1_366' title='bbox 1474 2834 1539 2864; x_wconf 79' lang='lat' dir='ltr'><strong>est.</strong></span> 
     </span>
    </p>
   </div>
  </div>
 </body>
</html>
