1806 3236
295 260 382 305 562

298 372 354 400 tus
370 367 501 410 prolog.
519 366 632 400 Oasin.
647 369 684 398 et
698 365 793 399 Trin,
817 367 897 399 Nev.
941 365 1001 397 Pi·

298 419 422 460 thoeus,
436 419 480 450 V.
498 419 550 450 Cl.
566 421 602 450 et
617 418 671 450 cui
686 417 801 459 hujus,
813 426 917 458 super
932 415 1001 448 alia

269 504 271 506 ,
298 469 417 510 multa,
432 468 609 509 scriptoris
623 477 729 509 opera
743 467 917 508 debemus,
929 466 1000 498 edi-

299 521 410 562 derat,
423 521 496 552 dum
509 520 614 552 vac-ive
624 520 765 561 perleges
771 529 785 558 ‚·
800 527 880 550 sane
901 516 1000 549 bene.

304 571 419 603 Vacive
433 574 548 603 autem
571 574 635 611 est,
661 569 782 611 otiose,
807 568 918 601 animo
942 577 1003 599 va-

299 630 365 653 cuo
389 631 409 653 a
430 621 534 662 curis,
556 623 621 653 &c.
666 620 811 652 Plautus
827 623 863 651 et
874 618 1002 650 Teren-

298 671 367 703 tius
382 674 525 704 utuntur
538 672 584 711 τῷ·
604 668 795 702 ‘Vacivus.'
827 667 1002 709 Exemplis

298 720 517 762 proferendis
539 721 574 753 in
603 729 640 752 re
664 721 758 752 clara
783 718 1000 761 supersedeo.

301 771 419 803 Faber.
464 771 534 803 Per
571 770 787 803 vacationem
817 773 856 802 et
884 769 1002 801 otium.

295 820 442 853 >Retinui
462 821 549 852 hanc
577 820 773 862 lectionem,
789 819 1003 861 approbante

300 870 427 913 Fabro‚
454 871 588 903 etiamsi
603 871 690 903 varie
705 871 749 903 sit
764 870 893 902 editum
911 880 930 901 a
945 869 1003 901 Ri-

301 921 420 962 galtio,
436 921 517 963 quia
531 920 615 953 illud
630 921 716 953 varie
730 921 785 953 hic
808 919 890 981 nibil
905 918 1004 951 facit.

300 970 406 1010 Schef.

344 1023 384 1053 15
408 1021 542 1063 [Bentl.
566 1031 630 1063 pro
657 1021 750 1053 Hune
774 1020 808 1052 in
834 1022 931 1052 textu
947 1028 1005 1061 po·

301 1070 371 1104 suit
384 1072 484 1112 Huic,
498 1072 617 1104 nescio
631 1082 673 1104 an
688 1071 807 1104 dedita
820 1080 939 1113 opera,
961 1080 1004 1103 an

300 1133 363 1165 per
377 1123 553 1157 incuriam.
576 1123 727 1165 Har-ius]

345 1177 386 1206 16
409 1174 551 1216 Imitari,
566 1174 637 1216 &cf-1
659 1175 804 1216 Semper
819 1172 910 1205 enim
924 1172 1004 1213 hoc,

302 1233 404 1266 quam
431 1224 528 1265 illud,
555 1223 689 1256 facilius
714 1222 802 1255 fuit:
824 1222 915 1264 Ῥᾷον
941 1221 1006 1264 ’γὰρ

301 1275 444 1313 μωμῆσαι
470 1273 491 1312 ἣ
517 1275 667 1314 μιμῆσαι.ἷ
722 1274 781 1310 Et,
815 1271 1004 1313 Μωμήσεται

300 1323 350 1356 τὶς
363 1324 479 1356 θᾶσσον
505 1323 525 1362 ἢ
549 1323 724 1364 μιμήσεται.
769 1322 811 1355 Id
837 1326 903 1363 est,
929 1322 1004 1354 Non

301 1377 367 1406 tam
382 1375 535 1415 aemulari,
557 1385 646 1417 quam
665 1374 861 1415 reprendere,
888 1375 935 1405 est
949 1372 1006 1412 fa·

301 1425 360 1457 cul.
404 1425 506 1457 Unde
533 1428 570 1457 et
595 1424 768 1465 Theognis
796 1423 1005 1465 sapientissi-

293 1484 377 1506 -mus
392 1475 483 1516 apud
511 1475 654 1507 Graecos
676 1473 1004 1515 Θυοωοῖοςυερἃὶῑ·

303 1525 483 1564 Mopsum:
496 1525 530 1557 δέ
548 1537 587 1565 με
601 1524 715 1557 πολλοὶ
742 1525 821 1564 ὁμῶς
843 1522 933 1555 κακοὶ
952 1522 1007 1561 ἠδὲ

302 1573 355 1607 καὶ
367 1575 484 1618 ἐσθλοὶ,
506 1578 672 1616 Μιμεῖσθαι
696 1575 723 1607 δ’
747 1575 830 1607 οὔτις
850 1575 914 1606 τῶν
934 1573 1008 1605 ἀσό-

302 1630 370 1667 φων
383 1625 519 1659 δύναται.
548 1627 591 1658 Id
606 1630 673 1668 est,
688 1628 829 1667 carpunt
843 1635 891 1656 me
905 1624 1009 1666 multi,

299 1676 425 1717 pariter
457 1676 607 1718 pravique
631 1675 773 1717 bonique,
798 1674 844 1707 At
866 1677 1009 1705 nostrum

303 1735 343 1758 ex
356 1727 485 1759 rudibus
498 1737 587 1759 nemo
602 1726 746 1758 imitetur
759 1734 844 1766 opus.
868 1724 954 1756 Ritt.

348 1780 389 1809 18
429 1776 622 1816 Transfertis
651 1775 734 1815 mea]
785 1775 853 1807 Ms.
882 1774 1011 1813 feretis.

305 1827 397 1860 Gud.
453 1842 457 1843 ⁷

346 1880 390 1910 20
414 1878 453 1909 In
470 1877 633 1910 literarum
644 1875 708 1918 pL]
749 1874 891 1907 Scribe:
916 1874 1010 1906 Inm-

302 1931 439 1960 temtum
452 1930 595 1970 plausum
618 1928 667 1959 ire
680 1926 831 1958 desidero.
875 1924 919 1957 Id
945 1929 1011 1964 est,

305 1979 530 2012 Indoctorum
552 1972 726 2011 hominum
742 1978 883 2019 plausus
913 1976 1011 2008 nihili

304 2030 406 2064 facio.
434 2033 509 2072 Rig.

348 2082 390 2113 In
404 2083 567 2114 literarum
578 2081 642 2123 pL]
673 2081 711 2113 F.
734 2080 900 2112 literarum
917 2079 961 2120 pl.
975 2078 1011 2110 id

306 2136 372 2171 est,
381 2132 661 2174 approbationem
675 2132 892 2163 literatorum
906 2129 1011 2161 homi-

305 2190 387 2213 num
401 2182 588 2222 promereri
602 2181 716 2222 cupio.
762 2181 870 2214 Quasi
895 2180 1010 2212 dicat:

309 2231 402 2265 Quid
414 2231 457 2263 de
473 2241 528 2263 me
551 2232 684 2272 vulgus,
700 2230 915 2270 illiteratum,
934 2239 1011 2271 pro-

306 2280 437 2322 fanum,
451 2286 488 2314 et
511 2281 697 2322 malignum
708 2281 857 2322 judicet,
871 2280 908 2311 οὐ
922 2286 1011 2322 φρον-

307 2330 357 2363 τὶς
369 2330 575 2373 Ἱπποκλείδῃ.
619 2331 628 2348 ‘
644 2330 712 2362 Odi
738 2329 918 2371 profanum
940 2330 1011 2362 vul-

309 2390 372 2421 gus
389 2385 424 2412 et
441 2390 543 2412 arceo
553 2380 574 2412 :’
598 2383 635 2411 ut
650 2380 699 2411 ait
714 2379 893 2419 Horatius,
909 2383 945 2411 et
969 2389 1013 2410 ex

309 2440 351 2462 eo
367 2431 552 2462 Petronius
566 2429 653 2462 Arb.
697 2429 751 2460 De
767 2429 868 2468 vulgo
882 2429 923 2459 ab
939 2438 1012 2459 eru-

308 2480 390 2512 ditis
402 2480 594 2512 hominibus
606 2478 856 2511 contemnendo
871 2479 1013 2509 nonnul-

308 2531 343 2562 la
358 2530 491 2562 notavit
504 2530 568 2561 aevi
593 2529 701 2561 nostri
723 2528 829 2570 gloria
843 2529 916 2561 Jos.
934 2529 1013 2560 Sca·

308 2579 397 2621 liger
413 2580 446 2611 in
463 2580 552 2611 notis
570 2580 612 2611 ad
629 2579 752 2611 Catull.
768 2578 889 2620 quibus
904 2578 1012 2610 addas

308 2630 391 2662 licet
418 2630 703 2670 Propertianum:
726 2630 736 2647 ‘
749 2627 875 2669 Populi
891 2626 1008 2658 confu-

310 2689 348 2711 sa
362 2680 477 2711 valeto
491 2680 643 2711 Fabula:
659 2689 739 2711 nam
752 2677 887 2711 domina
892 2677 1013 2718 judice

311 2732 405 2761 tutus
421 2728 500 2760 ero.'
523 2729 607 2760 Ritt.

354 2779 393 2810 In
408 2780 571 2810 literarum
583 2779 628 2820 pl.
641 2778 689 2810 ire
703 2777 753 2819 ἀ]
776 2778 826 2810 Ut
840 2776 954 2809 versui
965 2776 1011 2807 la-

308 2827 445 2861 boranti
472 2832 713 2861 succurrerent
728 2828 802 2860 Viri
827 2826 936 2867 ducti,
962 2824 1013 2858 fe-

761 270 904 304 No'rAE
935 263 1200 303 vAmoRUM
1235 270 1285 302 m

1049 373 1129 397 cere
1145 364 1337 397 luite-ratam
1358 363 1524 405 ρῑαιιειιηις
1545 364 1583 395 et
1596 361 1748 415 vemet

1050 424 1184 447 sensum
1198 418 1384 456 mutarunt,
1397 423 1473 457 quae
1498 412 1579 446 mihi
1604 403 1688 446 sniis
1702 415 1750 447 et

1050 465 1193 507 pulchra.
1206 465 1387 506 videntur;
1407 463 1470 497 sed
1484 464 1637 500 ordinem
1652 463 1749 497 verbi

1050 515 1161 556 unius,
1197 515 1469 557 transpositione
1516 525 1536 547 a
1577 508 1751 548 Mouueho

1051 565 1356 598 Grammaticastro
1378 566 1566 607 turbatum,
1597 569 1673 607 aut,
1709 569 1752 597 nt

1053 617 1185 649 Gellius
1206 616 1303 658 dicit,
1325 616 1510 658 posituram
1529 615 1751 649 leviter-mu-

1052 671 1126 701 tare
1141 667 1337 701 debebant:
1370 663 1553 710 legendnm
1578 666 1688 700 euim:
1711 667 1753 699 In

1052 718 1217 751 literarum
1252 718 1301 749 ire
1329 718 1473 759 plausum
1503 711 1653 750 defflere.
1692 717 1754 750 sic

1053 777 1171 801 versus
1205 765 1380 801 constabit
1415 770 1560 810 propter
1583 766 1754 810 geminam

1053 827 1249 851 consonam.
1292 816 1614 859 Literarum‚idest‚
1637 817 1756 851 mera*-

1053 864 1181 911 totuin,
1195 872 1235 900 ut
1248 867 1340 910 apud
1351 867 1433 900 Val
1440 867 1540 901 Max.
1549 866 1611 900 lib.
1622 875 1668 900 ιι.
1679 869 1756 900 mo.

1046 923 1049 925 “
1053 918 1170 961 ‘Ipsae
1193 918 1325 951 medius
1347 917 1446 950 fidius
1465 917 1558 950 mihi
1561 911 1681 950 literne
1697 926 1758 949 sse-

1057 970 1126 1002 culi
1161 969 1271 1002 nostri
1299 968 1564 1011 obstupescere
1570 960 1759 1001 videntur?

1054 1021 1101 1052 Et
1114 1020 1267 1053 Noster:
1289 1018 1394 1053 ‘Noli
1414 1019 1591 1052 molestus
1602 1023 1758 1051 “seom-

1054 1070 1135 1103 nino
1171 1068 1305 1102 literis!
1349 1069 1361 1088 ‘
1385 1068 1457 1101 Ire
1481 1068 1517 1100 in
1553 1066 1760 1115 lechqmas'

1055 1119 1147 1162 apud
1169 1120 1331 1162 Statium,
1355 1123 1393 1152 et
1414 1118 1564 1152 Plinium
1575 1112 1711 1160 Faueg.
1725 1127 1760 1151 c.

1053 1174 1108 1203 55.
1154 1172 1165 1190 ‘
1179 1171 1253 1204 Ibit
1275 1171 1310 1203 in
1335 1170 1465 1204 saecula.
1489 1169 1596 1202 fuisse
1625 1169 1758 1202 Princi-

1054 1221 1155 1263 pem,'
1168 1223 1233 1254 &c.
1275 1221 1387 1254 Tacit·
1402 1219 1470 1254 An.
1482 1222 1630 1254 nvem.
1652 1219 1757 1253 ‘Itur

1053 1272 1158 1304 etiam
1173 1272 1208 1304 in
1223 1272 1398 1314 Principis
1408 1269 1555 1304 laudes?
1593 1270 1654 1303 Sic
1666 1268 1758 1302 Infra

1052 1320 1124 1355 fab.
1136 1323 1266 1364 penult.
1282 1322 1293 1340 ‘
1305 1321 1574 1363 Consurgerein
1593 1320 1759 1362 plausus!

1051 1372 1190 1404 Trebel.
1218 1372 1295 1405 Pol.
1321 1371 1367 1404 de
1389 1371 1569 1404 Salonino:
1582 1371 1603 1389 '⁶
1616 1371 1674 1404 De
1689 1380 1760 1414 quo

1053 1424 1137 1456 nihil
1153 1428 1219 1465 est,
1235 1424 1326 1467 quod
1340 1424 1480 1466 dignum
1503 1424 1541 1456 iu
1548 1423 1763 1457 literaemit·

1054 1474 1172 1508 tatur!
1214 1475 1402 1507 Salmasius
1414 1477 1451 1506 et
1470 1473 1690 1507 easaubonus
1712 1473 1761 1506 le-

1055 1529 1160 1566 gunt.
1183 1525 1313 1566 dignum
1339 1525 1430 1566 quod.
1466 1513 1705 1567 Lucatsuslib.
1715 1529 1763 1555 Χ

1055 1576 1064 1593 ‘
1077 1575 1133 1608 Ite
1147 1575 1280 1608 feroces
1295 1573 1442 1608 Caesaris
1459 1573 1495 1605 in
1504 1563 1698 1618 jugulum?
1712 1572 1760 1606 Et

1056 1635 1159 1657 mox.
1184 1626 1194 1644 ‘
1208 1625 1442 1667 Jugulumque
1463 1623 1500 1655 in
1515 1622 1661 1655 caesaris
1685 1621 1763 1655 ire!

1056 1675 1159 1708 Silius
1174 1675 1256 1709 Ital.
1282 1675 1342 1707 lib.
1354 1683 1413 1707 111.
1436 1674 1447 1692 ⁸
1457 1673 1516 1706 Ire
1531 1681 1597 1717 per
1610 1681 1672 1704 ora
1683 1672 1762 1704 -No-

1057 1735 1135 1758 men
1159 1725 1193 1757 in
1211 1729 1377 1758 aeternum
1401 1722 1521 1766 paucis
1545 1728 1640 1755 meus
1659 1721 1765 1765 ignes

1058 1774 1185 1807 donat!
1210 1775 1296 1807 Gna.

1101 1825 1142 1857 In
1167 1825 1331 1857 literarum
1357 1825 1402 1866 pl.
1424 1824 1473 1856 ire
1494 1822 1546 1865 ὦ]
1593 1822 1762 1855 Exercuit

1059 1884 1198 1918 quoque
1230 1875 1288 1907 hic
1323 1875 1419 1907 locus
1447 1872 1584 1915 ingenis
1610 1872 1762 1905 virorum

1059 1924 1262 1963 doctorum;
1284 1924 1349 1957 sed>
1359 1921 1516 1965 profecto
1530 1929 1632 1955 sanus
1644 1927 1711 1964 est,
1725 1927 1763 1955 et

1059 1975 1154 2017 plani
1169 1985 1297 2008 sensus.
1323 1974 1359 2007 Si
1374 1973 1527 2015 maligni,
1541 1972 1652 2015 inquit
1662 1971 1762 2005 Phae-

1059 2025 1153 2067 drus,
1164 2025 1365 2058 obtrectare
1380 2024 1477 2057 lmnc
1488 2023 1614 2056 librum
1625 2023 1763 2065 volout,

1059 2075 1202 2118 faciant,
1231 2076 1312 2108 dum
1356 2073 1483 2119 imitari
1514 2080 1583 2106 mm
1608 2072 1767 2115 possim.

1060 2127 1147 2158 Mihi
1163 2127 1243 2159 satis
1259 2125 1369 2158 laudis
1384 2129 1450 2167 est,
1464 2119 1657 2165 Panionio,
1671 2123 1764 2166 quod

1061 2177 1122 2210 tibi
1139 2187 1178 2210 ac
1194 2177 1246 2210 tui
1262 2176 1428 2209 similibus
1452 2174 1630 2218 placeam;
1650 2183 1764 2216 neque

1061 2227 1153 2259 aliud
1164 2231 1280 2259 votum
1296 2226 1417 2284 habeo,
1433 2233 1534 2267 quam
1549 2224 1601 2256 ire
1616 2223 1653 2256 iu
1669 2224 1765 2266 plnu-

1060 2287 1134 2310 sum
1160 2278 1354 2318 literarum,
1381 2266 1416 2308 id
1441 2277 1506 2316 est,
1536 2274 1766 2306 literatorum.

1060 2328 1182 2359 Mem.
1225 2327 1356 2359 Versus
1386 2324 1563 2357 obscurus.
1614 2322 1689 2362 Et,
1698 2321 1765 2354 nisi

1061 2387 1115 2410 me
1129 2377 1232 2417 fallit,
1245 2377 1336 2409 inest
1351 2375 1488 2407 macula⁴
1497 2373 1575 2406 huic
1585 2373 1674 2413 loco,
1685 2380 1764 2414 que

1062 2428 1134 2459 sine
1154 2426 1289 2468 judicio
1312 2430 1348 2458 et
1373 2424 1509 2467 ingenio
1547 2431 1670 2464 magno
1694 2422 1764 2453 elui

1060 2478 1258 2519 neutiquam
1284 2478 1412 2517 potest.
1455 2473 1532 2506 Nec
1555 2473 1650 2510 satis,
1681 2470 1763 2512 quid

1062 2528 1158 2568 velit,
1171 2527 1350 2567 intellego,
1376 2533 1440 2557 nec
1456 2531 1572 2555 sensus
1594 2519 1696 2552 fauor
1710 2523 1763 2552 ts-

1061 2588 1152 2610 men.
1196 2577 1338 2618 Absque
1354 2572 1552 2607 curiositate
1564 2579 1642 2602 mea
1655 2568 1763 2610 foret,

1063 2627 1120 2668 qui
1144 2627 1267 2658 ductus
1281 2626 1455 2657 literarum
1473 2621 1631 2663 religiose
1648 2620 1763 2653 obser-

1062 2686 1143 2708 vare
1159 2677 1264 2716 soleo,
1288 2684 1357 2706 non
1386 2681 1525 2705 vererer
1551 2669 1761 2702 rescribere:

1061 2726 1261 2757 Inliteratum
1283 2724 1423 2765 plausum
1444 2731 1499 2754 eur
1523 2721 1597 2763 (vel
1611 2720 1689 2761 m)
1708 2720 1761 2752 de-

1059 2776 1183 2808 sidero.-
1207 2784 1241 2817 q.
1255 2774 1290 2807 d.
1325 2775 1377 2806 'ru
1391 2772 1492 2805 modo
1507 2775 1544 2804 et
1557 2771 1609 2804 tui
1635 2770 1760 2802 similes

1061 2825 1125 2859 viri
1140 2825 1234 2859 docti
1249 2833 1340 2857 meas
1355 2822 1496 2861 fabulas
1512 2820 1691 2868 laudetis:
1715 2818 1758 2852 sb
