1806 3236
656 234 800 267 NOTAE
834 233 1102 267 VAR10RUM
1135 233 1187 264 ΙΝ

697 479 954 523 FABULA
972 494 976 497 ·
1001 481 1169 526 XVII.

248 603 339 644 Ovis,
357 602 469 644 Canis,
482 607 513 636 et
527 603 648 646 Lupus]
673 604 848 637 Camerar.
864 604 908 636 de

203 655 297 686 Cane
323 657 359 686 et
388 653 477 686 Ove.
535 654 613 686 Hac
640 658 756 687 autem
778 654 908 687 Fabula

202 705 324 736 lusisse
349 704 486 737 videtur
503 705 668 738 Phaedrus
691 705 726 738 in
748 706 908 748 Sejanum

203 762 404 800 ceterosque
431 757 618 798 delatores,
637 759 695 802 qui
720 759 820 793 multi
847 760 909 793 sub

202 807 351 840 Tiberio.
382 808 462 849 Rig.

245 861 266 889 1
284 858 455 899 Malefieii]
476 860 569 901 Lege
585 860 728 903 malefici.
751 861 808 893 Sic
820 860 911 893 infra

202 908 263 941 lib.
289 918 341 942 lv.
387 912 397 928 ‘
426 910 587 954 Justique
622 911 814 945 vindicavit
851 922 910 945 ex-

202 959 352 1000 emplum
383 960 531 1002 imperi,'
565 965 605 993 nt
641 961 688 994 ibi
725 962 909 1004 legendum

205 1010 435 1043 ostendemus.
459 1011 573 1044 Heius.

248 1064 269 1092 2
287 1062 520 1103 Calumniator]
547 1062 644 1095 Ordo
660 1067 712 1095 est
729 1063 912 1102 turbatior,

205 1111 411 1152 simpliciter
423 1122 459 1144 se
470 1113 649 1146 italiabet:
674 1113 777 1146 Canis
784 1114 912 1146 calum-

205 1161 320 1193 uiator
349 1172 427 1194 cum
452 1167 591 1204 peteret
617 1174 739 1206 panem
764 1165 808 1196 ab
838 1174 915 1206 ove,

207 1222 335 1253 quem„
353 1223 401 1245 sc.
440 1223 574 1254 panem,
608 1214 838 1247 contenderat
877 1224 913 1246 se

206 1262 453 1304 commodasse,
465 1274 514 1296 sc.
527 1264 593 1296 ovi.
626 1265 842 1297 Calumniator
856 1265 913 1296 ad-

201 1313 336 1354 jective
369 1313 437 1353 hic,
466 1314 525 1355 qui
555 1315 739 1346 calumnias
761 1318 913 1347 exercet.

205 1365 294 1407 Sunt
307 1369 422 1397 autem
440 1365 626 1406 calumnia»,
641 1367 811 1399 Marcello
822 1367 913 1400 Jcto

207 1419 362 1456 auctore,
386 1417 396 1434 ‘
414 1415 654 1458 frustratoriae,
671 1417 819 1461 doloque
846 1427 916 1449 sus-

207 1470 330 1506 ceptae,
361 1470 397 1498 et
427 1467 513 1498 male
548 1466 701 1500 fundatae
738 1468 915 1500 actiones!

208 1517 312 1557 Schef.
357 1517 439 1549 Nic.
457 1517 584 1559 Rigalt.
597 1518 710 1550 Gloss.
722 1518 914 1560 Agrimens.

208 1567 218 1586 ‘
235 1568 422 1599 Calumnia:
449 1568 489 1599 lis
505 1568 683 1610 improba!
733 1569 834 1603 Quod
857 1569 916 1601 de-

208 1618 319 1650 clarat
342 1618 427 1650 locis
449 1618 555 1650 Siculi
573 1619 701 1660 Flacci,
718 1619 863 1662 Aggeni,
879 1624 916 1651 et

208 1668 376 1701 Suetonii.
422 1669 559 1701 Dicitur
580 1670 624 1702 ab
646 1671 786 1713 antiqno
802 1672 916 1703 calvor.

208 1718 284 1750 Lib.
298 1726 480 1751 ccxxxm.
496 1718 533 1751 ff.
550 1719 593 1751 de
609 1721 651 1753 V.
667 1721 702 1752 S.
727 1722 862 1753 Prasch.

253 1768 398 1809 Peteret]
432 1769 581 1802 Judicio.
611 1770 749 1811 Inspice
778 1771 839 1804 lib.
855 1780 916 1803 xv

210 1819 258 1850 D.
275 1819 360 1850 Rem
375 1822 440 1850 rat.
457 1818 534 1851 hab.
559 1819 691 1852 Prasch.

254 1868 356 1904 Quem
370 1863 611 1910 commendasse]
640 1870 677 1902 F.
691 1869 827 1910 legend.
836 1880 916 1902 com-

210 1920 358 1951 modasse.
417 1918 475 1950 Sic
514 1923 551 1950 et
587 1919 679 1960 apud
715 1920 916 1952 Petronium

210 1969 349 2002 videtur
364 1971 547 2010 peccatum
563 1969 737 2001 alibrariis
753 1970 787 2002 in
803 1970 862 2002 illa
873 1970 917 2003 de

209 2019 370 2051 muliebri
385 2018 529 2051 levitate
553 2020 766 2061 lepidissima
780 2019 919 2063 fabella,

211 2080 288 2104 cum
302 2071 535 2112 scripserunt:
559 2072 568 2089 ⁴
582 2072 756 2117 Simulque
766 2077 802 2104 et
815 2073 915 2105 lacri-

212 2131 284 2153 mas
296 2121 559 2155 commendabat
568 2118 724 2164 lugenti?
750 2122 816 2155 Aio
828 2124 918 2155 enim

211 2181 330 2204 verum
345 2182 432 2212 esse,
443 2174 663 2205 commodabat.
706 2175 755 2206 Ut
772 2173 918 2215 praeficae

211 2223 368 2255 lacrimas
378 2233 454 2255 suas
466 2229 503 2255 et
514 2225 688 2265 planctum
699 2235 758 2256 suu
764 2235 794 2256 ni
805 2225 920 2256 alienis

212 2274 353 2305 mortuis
369 2273 528 2305 locabant
548 2273 727 2306 mercede:
755 2275 803 2307 sic
817 2275 919 2307 istam

212 2322 412 2355 fidissimam
443 2324 600 2363 ancillam
630 2325 808 2367 eleganter
834 2325 922 2357 dicit

214 2374 398 2405 Petronius
420 2375 511 2407 herae
534 2385 603 2407 suae
626 2375 771 2407 lacrimas
791 2386 920 2407 commo·

213 2426 319 2456 classe.-
342 2424 377 2456 id
393 2429 456 2465 est,
471 2426 503 2456 in
530 2426 676 2467 gratiam
691 2426 768 2467 ejus
784 2425 920 2458 flevisse

214 2484 294 2514 una,
316 2478 354 2506 ut
375 2475 424 2506 ita
446 2475 551 2516 ipsius
579 2475 787 2507 allevaretur
809 2476 920 2508 dolor.

216 2525 328 2556 Nimis
354 2524 482 2566 frigida
501 2530 554 2558 est
574 2525 707 2557 illorum
731 2525 848 2566 lectio,
864 2526 921 2568 qui

214 2575 413 2616 restituunt,
441 2577 586 2607 lacrimas
610 2576 845 2608 commundabat
874 2578 920 2609 lu-

213 2627 329 2666 gentis.
353 2626 457 2660 Quasi
472 2635 553 2658 vero
566 2630 636 2658 tam
646 2625 752 2658 fuerit
761 2627 921 2668 languida

216 2679 276 2706 aut
292 2674 443 2707 delicata
470 2676 537 2708 ista
562 2679 720 2708 matrona
736 2677 921 2718 Ephesina‚

215 2730 276 2757 aut
305 2725 391 2757 adeo
415 2725 549 2758 defessa
570 2724 695 2767 flendo,
717 2731 756 2757 ut
778 2726 822 2766 ei,
847 2731 920 2759 tan-

216 2785 318 2817 quam
342 2774 529 2809 infantibus
555 2776 643 2808 solet
660 2775 748 2816 fieri,
771 2777 920 2810 iacrimae

959 605 1092 637 ancillae
1125 603 1316 637 ministerio
1357 602 1488 639 fuerint
1530 602 1663 638 abstera

959 654 1094 696 gendae.
1114 650 1122 657 ’
1138 653 1260 697 Apage
1273 655 1331 688 has
1346 655 1505 698 ineptias.
1541 654 1659 690 Quid?

959 706 1050 749 qnod
1077 710 1113 739 et
1137 707 1170 738 in
1200 706 1293 739 libris
1319 705 1413 739 Juris
1439 703 1557 740 Civilis
1584 705 1660 739 haee

961 757 1065 790 verba
1081 757 1264 800 aliquando
1276 766 1455 799 perperam
1471 754 1575 789 fuisse
1583 765 1662 799 per·

960 812 1093 840 mutata
1103 808 1294 840 observavit
1306 807 1468 850 eujacius
1484 811 1521 840 et
1534 804 1662 841 Petrus

961 857 1134 892 Pithoeus
1125 869 1160 890 in
1171 858 1272 891 Notis
1283 858 1324 890 ad
1335 857 1366 890 f·
1368 868 1456 899 agm.
1475 849 1662 890 Modestini

961 909 1023 941 sub
1034 909 1089 941 tit.
1105 912 1156 941 10.
1179 909 1256 941 libri
1272 919 1329 951 qui
1340 908 1540 942 inscribitur
1561 905 1574 927 ⁸
1587 898 1664 954 Bet

961 960 1042 993 Dei.
1044 960 1055 975 ¹
1091 960 1152 992 Sin
1167 960 1317 992 retineas
1336 961 1573 1002 commendasse,
1585 969 1666 993 com-

960 1013 1105 1043 mendare
1117 1015 1181 1052 est,
1204 1009 1400 1053 deponere;
1424 1010 1483 1044 lib.
1504 1019 1611 1044 xxiv.
1627 1015 1665 1045 et

964 1071 1070 1095 xxv1.
1113 1063 1160 1096 D.
1186 1062 1228 1095 de
1256 1061 1375 1104 depos.
1407 1061 1464 1095 lib.
1487 1069 1664 1106 ccxxxvi.

962 1113 1212 1146 commendare.
1247 1113 1291 1145 D.
1315 1113 1359 1145 de
1379 1112 1571 1155 Verbsffig.
1598 1109 1666 1155 ,At

962 1165 1152 1195 commodare
1176 1166 1230 1195 est
1254 1163 1347 1195 idem
1369 1162 1473 1206 quod,
1499 1160 1664 1195 utendum

963 1213 1055 1246 dare.
1099 1213 1295 1256 Repudiata
1309 1217 1362 1246 est
1385 1213 1475 1245 enim
1496 1211 1665 1246 Labeonis

963 1263 1146 1304 sententia,
1170 1263 1227 1306 qui
1243 1263 1370 1306 aliquid
1391 1263 1484 1296 inter
1498 1263 1571 1296 haec
1596 1262 1664 1296 dno

963 1313 1132 1345 interesse
1160 1313 1316 1355 putabat.
1367 1314 1506 1355 Ulpian.
1532 1314 1614 1357 Leg.
1637 1322 1666 1346 1.

964 1364 1007 1395 D.
1023 1364 1198 1396 Commod.
1237 1365 1323 1397 Ritt.

1010 1415 1258 1456 commendasse]
1307 1416 1390 1449 Vet.
1423 1415 1513 1448 Dan.
1539 1415 1667 1449 Charta

967 1465 1066 1503 Quem
1094 1466 1308 1498 commodasse.
1346 1465 1406 1498 sed
1434 1465 1574 1498 frustra.
1602 1466 1667 1498 hac

966 1525 1049 1548 voce
1065 1515 1184 1548 eodem
1200 1525 1302 1548 sensu
1317 1525 1397 1548 usus
1411 1515 1538 1550 Justin.
1550 1524 1665 1552 xxxv.

965 1568 998 1598 2.
1053 1566 1063 1583 ‘
1095 1566 1292 1598 Demetrius
1331 1566 1414 1599 duos
1450 1565 1540 1599 filios
1576 1565 1668 1609 apud

967 1615 1130 1648 Gnidium
1145 1616 1312 1658 hospitem
1326 1627 1437 1657 suum,
1453 1627 1529 1650 cum
1543 1627 1668 1660 magno

968 1667 1040 1698 auri
1067 1666 1233 1708 pondere,
1248 1666 1580 1700 commendaverat
1610 1667 1670 1701 ubi

967 1716 1093 1748 videsis
1119 1717 1234 1758 Ampl.
1264 1717 1447 1759 Bongarsii
1469 1722 1581 1760 notas,
1612 1718 1670 1762 qni

967 1767 1098 1808 aliquot
1120 1767 1287 1825 exemplis
1308 1767 1343 1799 id
1369 1764 1664 1802 confirmat.1Vev.

968 1817 1183 1849 Commodasse
1224 1818 1259 1849 in
1301 1822 1474 1859 postrema
1517 1819 1669 1852 editione

967 1868 1124 1909 Rigaltii‚
1139 1867 1230 1910 quod
1246 1868 1357 1900 Faber
1368 1879 1503 1911 quoque
1514 1869 1666 1914 retinuit¹

967 1923 1003 1951 et
1018 1918 1174 1950 Ursinus.
1210 1919 1332 1961 Neque
1348 1919 1449 1951 aliter
1462 1918 1496 1950 in
1512 1919 1667 1953 Danielis

967 1974 1003 2001 et
1019 1978 1090 2010 reg.
1134 1969 1315 2001 Christinae
1331 1969 1452 2002 codice
1474 1969 1669 2012 legebatur.

968 2019 1062 2052 Ante
1099 2019 1167 2052 fuit
1200 2021 1423 2053 commendasse
1446 2030 1509 2054 ex
1541 2020 1671 2066 Pithoni

969 2070 1101 2112 codice,
1118 2071 1209 2113 quod
1236 2075 1352 2103 tuetur
1378 2071 1568 2104 Neveletus
1593 2071 1670 2104 loco

968 2119 1094 2153 Justin.
1124 2120 1183 2153 lib.
1206 2129 1319 2153 xxxv.
1341 2124 1373 2154 2.
1417 2121 1474 2154 Ita
1501 2121 1604 2163 plane
1634 2124 1672 2154 et

969 2171 1171 2213 Spartianus
1218 2171 1253 2202 in
1289 2171 1482 2204 Pescennio
1515 2181 1592 2213 cap.
1617 2173 1671 2204 10.

970 2223 979 2240 ‘
999 2221 1123 2262 Jussit,
1134 2231 1176 2253 ne
1192 2221 1228 2253 in
1243 2222 1335 2254 zonis
1350 2221 1474 2254 milites
1490 2221 1533 2254 ad
1544 2222 1671 2255 bellum

971 2281 1092 2304 aureos
1101 2272 1155 2303 vel
1163 2277 1343 2314 argenteos
1353 2282 1470 2304 numos
1480 2275 1672 2315 portarent,

971 2322 1031 2355 sed
1042 2322 1177 2364 publice
1186 2322 1487 2356 commendarent?
1511 2323 1671 2365 Denique

971 2383 1133 2414 expresse
1159 2374 1327 2415 Ulpianus
1352 2374 1410 2407 lib.
1422 2381 1597 2406 cnxxxvx.
1628 2372 1671 2405 de

970 2425 1013 2456 V.
1031 2424 1065 2457 S.
1099 2424 1109 2441 ⁴
1128 2424 1360 2465 Commendare,
1382 2425 1467 2456 nihil
1492 2423 1583 2456 aliud
1603 2427 1670 2466 est,

971 2484 1072 2516 quam
1088 2474 1288 2516 deponere.'
1331 2475 1378 2507 Et
1401 2475 1450 2507 sic
1464 2474 1610 2509 Plautus
1635 2473 1671 2505 in

972 2525 1137 2566 Querulo,
1150 2526 1199 2557 sic
1214 2525 1335 2558 Cicero
1345 2525 1390 2557 de
1406 2525 1475 2557 LL.
1491 2533 1533 2556 11.
1547 2533 1623 2566 cap.
1635 2527 1668 2556 9.

972 2580 1189 2616 usurparunt.
1255 2575 1394 2608 Placuit
1432 2585 1566 2618 quoque
1612 2576 1672 2608 illa

971 2626 1075 2658 lectio
1090 2626 1270 2668 interpreti
1286 2625 1400 2668 Gallo,
1411 2626 1467 2668 qui
1479 2636 1543 2668 pro
1555 2626 1672 2660 defen-

971 2676 1065 2707 sione
1082 2676 1187 2716 ipsius
1199 2676 1339 2708 adducit
1351 2677 1460 2708 locum
1477 2678 1616 2710 Senecae
1628 2688 1672 2710 ex

971 2726 1081 2768 Epist.
1090 2734 1206 2758 xxvii.
1217 2726 1276 2758 ubi
1288 2727 1529 2769 Philosophus:
1552 2729 1562 2746 ‘
1574 2730 1673 2762 Bona

971 2786 1064 2808 mens
1078 2786 1142 2809 nec
1157 2777 1423 2820 commendatur,
1444 2788 1509 2812 nec
1524 2779 1671 2813 emitur!
