1806 3236
385 223 591 256 rnatum
625 223 734 255 ran.
766 221 1072 256 AEsorumuM
1106 221 1203 254 mn.
1236 220 1313 254 111.
1343 209 1413 254 10.

160 318 570 367 imminuerent:
591 318 706 363 inquit
729 317 878 352 Asconi-

165 372 254 408 -ἢι
270 372 370 406 verr.
382 381 426 406 n.
450 372 531 413 Rig-

169 440 182 450 *-
197 424 258 458 xm
293 423 466 464 ‘adunaret
508 421 729 462 jurisjurandi
757 421 878 465 fidem]

163 470 208 510 Id
228 479 295 518 est,
322 478 473 508 utsuam
488 473 692 515 religionem
715 473 878 505 subleva·

163 531 232 568 ret,
244 527 376 571 quippe
390 525 515 570 quibus
529 535 598 558 non
614 525 765 568 liqueret
779 535 789 557 ι
811 524 878 557 hoc

161 580 255 614 enlm
279 579 360 612 vult
380 587 502 612 versus
523 586 688 620 sequens:
713 576 806 613 Quod
826 576 877 618 ip-

159 641 213 665 sos
235 640 326 664 srm-
345 629 552 672 implicuisset
572 627 735 661 crimim's:
757 627 793 659 id
809 631 877 668 est,

161 682 245 726 quia
258 685 482 715 versarentur
495 680 593 722 quasi
609 680 645 712 in
660 677 877 721 Labyrintbo

160 733 311 777 quodam
325 731 561 766 inextricabili
575 731 630 764 vel
654 729 876 763 irremeabili.

161 785 255 818 Nam
268 783 313 817 de
332 783 559 827 jnreJnrsndo
574 782 778 825 purgatorio
803 791 877 814 mu-

161 835 242 868 lieri
257 833 462 877 deferendo,
488 838 529 868 nt
553 834 630 876 ipss
643 833 875 866 innocentiam

161 894 227 929 per
247 885 285 919 id
299 895 397 919 snam
423 890 628 926 testaretur,
653 885 803 918 alienum
826 884 875 917 vi-

161 936 279 979 detur,
292 941 334 971 ut
348 937 424 970 ime
439 936 673 970 exaudiamus·
695 935 785 968 Rite.

203 987 552 1032 Jurio'urandifidem]
573 987 690 1023 Jurati
705 987 798 1020 enim
811 986 873 1020 Se-

161 1044 302 1074 notores
318 1043 357 1074 et
373 1039 577 1073 decuriones
599 1038 810 1071 sententiam
823 1037 873 1070 fe-

159 1090 309 1124 rebant:
332 1091 361 1124 si
383 1100 468 1124 vero
491 1098 582 1133 aqua
602 1089 687 1131 ipsis
710 1088 874 1131 baereret,

158 1150 275 1186 neque
298 1141 383 1175 ntis
402 1141 565 1184 liqueret,
589 1140 673 1183 quid
690 1139 762 1172 veri
777 1144 873 1173 esset

156 1193 194 1227 in
209 1202 260 1235 re,
275 1202 344 1236 qua
356 1192 402 1226 de
416 1192 598 1236 agebatur,
614 1196 698 1224 tunc
718 1191 872 1234 Impera-

157 1243 427 1288 torisjndicium
441 1240 688 1287 exquirebant.
709 1243 754 1275 In
767 1252 872 1286 quam

156 1305 231 1330 rem
245 1295 444 1329 testimonia
457 1294 487 1327 si
509 1292 664 1335 afferam,
689 1294 762 1327 otio
787 1293 872 1327 abu·

156 1352 228 1382 tor.
249 1347 364 1380 Fam.
409 1347 511 1380 More
526 1355 589 1379 suo
603 1345 707 1389 fidens
727 1355 792 1388 pro
814 1345 870 1388 iis,

157 1399 218 1443 qui
232 1408 307 1432 eam
323 1397 495 1432 dederent
500 1397 742 1440 jurejurando,
755 1397 791 1430 id
803 1402 870 1438 est,

147 1449 339 1492 jndicibus·
384 1449 520 1487 Quibus
539 1448 574 1481 in
600 1458 706 1482 causa
722 1448 872 1482 obscura

154 1502 298 1535 somnne
326 1499 396 1534 fuit
417 1500 665 1542 juramentum,
688 1499 698 1517 ‘
714 1499 786 1532 Sibi
802 1510 870 1533 non

155 1551 314 1597 liquore:
356 1552 436 1587 Quo
451 1552 656 1593 liberentur,
673 1552 809 1594 judicio
825 1553 870 1586 ad

156 1604 411 1647 Imperatorem
439 1602 616 1636 devoluto.
660 1604 752 1637 Vide
777 1604 867 1638 Geli.

157 1663 236 1689 nv.
254 1657 308 1689 u.
324 1658 362 1688 et
374 1654 588 1688 Brissonium
598 1654 635 1687 in
650 1655 765 1689 Form.
811 1655 871 1689 Ita

155 1717 279 1742 sensus
293 1707 363 1742 erit
373 1719 385 1742 ι
409 1709 597 1743 Petierunt
611 1712 650 1743 ut
658 1709 803 1751 juvaret
818 1720 869 1752 se,

108 1790 112 1794 .
155 1764 297 1803 atqnoa
312 1760 597 1803 pronunciatione
620 1761 805 1795 sententiae
829 1762 870 1794 li-

121 1852 125 1855 *
154 1811 309 1854 beraret,
329 1812 410 1854 quia
430 1810 599 1844 fecissent
619 1811 724 1845 fidem
734 1813 869 1855 jureju-

127 1856 132 1860 ’
154 1861 277 1904 ηιιᾱο,
290 1872 328 1895 se
353 1862 426 1895 litis
451 1862 554 1905 hujus
573 1862 784 1896 decisionem
799 1874 868 1896 non

153 1913 319 1948 invenire.
343 1913 494 1956 Exigere
511 1914 600 1947 banc
614 1915 868 1958 expositionem

155 1974 294 2007 censeo,
320 1965 412 2007 quod
440 1965 526 1998 nihil
547 1970 627 2008 post
641 1966 869 2008 haecJudices

153 2015 366 2057 illi'i'aciant,
393 2016 458 2048 sed
483 2015 661 2058 Augustus
675 2017 767 2049 solus
790 2027 869 2050 cau·

154 2076 229 2100 um
258 2071 460 2109 eognoscat,
488 2073 526 2100 et
552 2068 762 2101 sententiam
790 2079 869 2110 pro-

153 2118 308 2152 nunciet.
349 2118 442 2151 Sane
468 2119 572 2152 etiam
592 2119 763 2162 interpres
785 2119 869 2152 Gal-

154 2170 270 2204 lussic
285 2170 445 2212 accepit:
471 2170 533 2204 Les
552 2170 651 2212 juges
674 2171 869 2213 supplierent

153 2220 368 2264 &Enipei-eur,
392 2223 432 2254 de
451 2222 496 2255 les
509 2222 630 2255 vouloir
640 2223 733 2256 uider
753 2225 774 2255 ὰ
787 2222 868 2256 s'ac-

152 2271 259 2315 Μει-
270 2274 311 2306 de
323 2274 392 2306 leur
404 2273 530 2314 charge.
554 2273 670 2307 Schef.

195 2323 419 2364 Jurisiurondi
435 2324 554 2368 fldem]
578 2325 753 2359 ,Iurabant
775 2326 868 2368 judi-

152 2384 226 2417 ees,
247 2380 432 2419 antequam
465 2376 671 2417 senteutiam
697 2377 867 2411 dicerent.

151 2425 211 2459 Its
237 2431 276 2460 et
304 2427 436 2460 Graeci.
481 2427 599 2460 Valer.
622 2428 656 2460 iu
671 2427 731 2460 fin.
748 2429 806 2463 lib.
822 2438 864 2462 11.

152 2487 184 2510 c.
202 2481 253 2511 10.
277 2478 365 2512 Gna.

193 2533 237 2563 41
261 2530 380 2572 Error]
404 2531 608 2573 Eleganter,
624 2532 714 2565 sicut
735 2533 745 2551 ‘
759 2533 866 2567 Error

151 2580 239 2623 vin:
266 2582 277 2600 ⁴
287 2582 429 2625 pelagi,’
456 2588 495 2615 et
509 2583 667 2617 similium
684 2585 776 2627 apud
788 2585 866 2618 Vir-

152 2633 287 2675 gilium,
299 2633 350 2666 sic
376 2635 386 2652 ⁸
399 2634 507 2669 Error
529 2635 706 2678 criminis,'
725 2637 771 2669 de
795 2647 866 2670 am-

151 2684 336 2726 bignitate,
357 2685 616 2727 incertitudine,
638 2687 865 2723 obscuritate.

153 2734 262 2774 Solus.
307 2735 365 2769 Ita
378 2736 437 2769 lib.
450 2746 500 2771 iv.
517 2737 587 2771 fab.
604 2740 638 2774 4.
660 2739 670 2757 ‘
682 2739 795 2773 Solvit
811 2749 865 2773 er·

153 2794 265 2819 rorem
277 2786 451 2823 omnium-¹

1552 209 1642 254 519

970 319 1015 351 ⁴2
1041 317 1197 351 Tenebras
1217 317 1369 361 dispulit]
1402 317 1642 361 Interpretem

927 368 1009 402 huic
1035 373 1137 411 tropo
1163 369 1319 402 dabimus
1345 368 1556 411 Agspetum,
1571 369 1644 413 qui,

928 420 1036 452 solem
1047 424 1085 452 et
1094 419 1290 462 principem
1301 419 1435 452 interse
1446 418 1644 462 conferens,

928 480 1007 512 cap.
1033 473 1088 503 51.
1119 471 1168 503 ita
1193 472 1315 513 pouit:
1337 471 1377 503 Ὁ
1399 469 1459 511 μὲν
1483 470 1548 514 ’γὰρ
1569 471 1644 503 ὑπο-

926 522 1026 564 χωρεῖ
1035 523 1078 565 τῇ
1091 523 1224 565 διαδοχῇ
1233 523 1292 561 τῆς
1306 521 1426 555 νυκτός.
1452 522 1470 554 ὁ
1483 520 1518 554 δὲ
1528 522 1566 555 οὗ
1581 534 1644 554 πα-

926 575 1116 617 ραχωρεῖτῇ
1129 575 1315 617 wapro-737
1328 576 1391 606 τῶν
1413 575 1530 616 κακῶν,
1554 573 1643 607 ἀλλὰ

925 627 974 666 τῷ
985 626 1066 668 φωτὶ
1076 627 1135 666 τῆς
1149 625 1297 666 ἀληθείας
1310 625 1477 668 ἐξελέγχει
1490 626 1533 659 τὰ
1546 637 1643 667 κρυπ-

925 677 968 710 τὰ
979 679 1038 717 τῆς
1051 677 1181 712 ἀδικίας.
1204 678 1342 711 Prosch.

968 731 1012 762 43
1041 730 1172 763 Fontem
1185 729 1349 772 veritatis]
1372 729 1524 763 Videtur
1544 729 1588 763 ad
1604 730 1644 763 il-

925 780 984 813 lud
1000 780 1193 814 Democriti
1208 782 1401 824 respexisse
1415 792 1426 815 :
1445 782 1498 814 Ἐν
1520 783 1606 824 βυθᾷ
1619 781 1642 822 ἦ

924 830 1066 871 ἀλήθεια.
1091 832 1180 865 Βία.

967 885 1011 915 47
1037 883 1132 920 Quod
1145 883 1175 915 si
1188 883 1383 927 damnanda]
1421 885 1530 927 Lego,
1546 885 1641 922 Quod

922 933 952 965 si
972 936 1039 966 tum
1059 933 1202 974 infanda.
1248 935 1342 967 Nam
1375 935 1386 953 ⁶
1399 929 1643 969 damnandam'

923 985 1116 1027 praecessit.
1160 985 1216 1018 An
1230 986 1423 1022 temnenda?
1464 986 1521 1020 An
1545 997 1642 1030 vero,

925 1036 1018 1073 Quod
1031 1036 1061 1069 si
1073 1036 1284 1071 damnandae?
1315 1038 1410 1071 Gud.

965 1087 1174 1130 Dammnda]
1199 1088 1382 1131 Repetitio
1396 1089 1546 1132 ingrata.
1569 1090 1641 1123 Pn-

923 1142 962 1172 to
975 1139 1079 1181 plane
1096 1140 1275 1182 scripsisse
1293 1141 1462 1173 Nostrum
1475 1141 1556 1174 clani
1569 1145 1640 1175 tan-

921 1193 969 1223 ta.
990 1190 1107 1223 Schef.
1152 1191 1232 1224 Non
1246 1196 1331 1234 puto
1347 1191 1400 1225 bis
1416 1192 1561 1226 eandem
1580 1202 1640 1227 vo-

921 1251 996 1275 cem
1009 1241 1202 1275 Auctorem
1225 1243 1406 1285 repetisse.
1451 1244 1548 1287 Lege
1566 1254 1640 1277 eno-

921 1294 1038 1327 danda.
1095 1293 1202 1327 Auct.
1230 1294 1378 1327 Rhetor.
1406 1294 1451 1327 ad
1481 1295 1639 1329 Herenn.

920 1346 930 1363 ‘
946 1345 1086 1378 Deinde
1099 1346 1286 1378 contrariae
1309 1346 1396 1388 legis
1410 1346 1638 1380 enodabimus

921 1396 1160 1431 voluntatem.'
1219 1397 1312 1430 Geli.
1347 1407 1432 1432 xm.
1469 1401 1523 1432 10.
1561 1400 1572 1417 ‘
1585 1399 1640 1432 Ea

921 1449 1099 1492 praecipue
1136 1449 1312 1482 sententia
1348 1450 1393 1482 nd
1436 1450 1637 1484 enodandos

920 1500 1103 1542 plerosque
1113 1499 1205 1542 juris
1220 1500 1362 1543 laqueos
1376 1501 1561 1534 utebatur.’
1590 1502 1639 1535 Et

920 1560 971 1584 iv.
993 1554 1047 1584 11.
1073 1551 1083 1569 ‘
1100 1550 1260 1583 Enodare
1277 1551 1489 1584 sententias:
1523 1552 1534 1569 ‘
1546 1553 1638 1585 Eno-

920 1602 1024 1635 dator
1039 1601 1158 1643 vocis,’
1170 1602 1318 1635 Salmas.
1329 1602 1374 1634 ad
1384 1603 1533 1640 Tertull.
1544 1603 1637 1637 Pau.

919 1653 1080 1689 Juvenal.
1096 1662 1164 1687 vu.
1182 1654 1193 1672 ‘
1212 1653 1342 1687 Veniet
1360 1653 1404 1686 de
1418 1653 1523 1696 plebe
1539 1658 1637 1697 toga-

920 1709 970 1747 ta,
983 1705 1052 1739 Qui
1058 1704 1149 1747 juris
1165 1703 1276 1737 nodos
1291 1708 1328 1737 et
1341 1703 1457 1747 legum
1472 1705 1636 1748 aenigma-

919 1759 958 1789 ta
988 1755 1123 1789 solvat!
1156 1755 1167 1773 ‘
1181 1755 1276 1789 Nodi
1298 1755 1512 1799 quaestionis’
1540 1757 1637 1791 Gen.

919 1816 1030 1841 xvm.
1046 1810 1079 1841 2.
1103 1807 1218 1841 Heius.

962 1863 1006 1894 49
1042 1860 1213 1894 Subtiliter
1241 1861 1398 1904 limasset]
1435 1861 1637 1896 Lucretiani

919 1912 1067 1946 Codices
1078 1914 1148 1946 Ms.
1160 1913 1219 1946 lib.
1229 1922 1286 1946 111.
1299 1912 1492 1947 ‘Floriferis
1503 1918 1541 1947 ut
1551 1924 1636 1957 spes

920 1964 954 1996 in
985 1964 1129 1997 saltibus
1159 1965 1273 1997 omnia
1301 1964 1450 1997 limant!
1503 1965 1636 1999 Glossae

919 2018 1078 2048 veteres:
1115 2015 1244 2056 (Ζητεΐ,
1266 2016 1435 2056 Limatur,
1460 2015 1636 2058 Rimatur,

918 2065 1037 2099 Terit.'
1057 2067 1192 2099 Vellem
1208 2067 1302 2099 viros
1318 2067 1439 2100 doctos
1458 2067 1532 2101 haec
1555 2068 1635 2102 sub-

919 2116 1013 2149 tilius
1029 2117 1179 2152 limasse.
1208 2118 1285 2159 Rig.

960 2168 1135 2210 Limasset]
1173 2170 1262 2202 Post
1295 2170 1370 2204 haec
1401 2170 1508 2204 verba
1534 2176 1634 2206 recte

917 2231 1052 2255 comma
1075 2223 1280 2264 collocatur,
1309 2229 1434 2257 contra
1457 2235 1557 2268 quam
1580 2230 1632 2267 tu,

917 2272 1144 2312 Rittershusi,
1153 2273 1344 2307 existimas.
1360 2275 1562 2318 Legendum
1576 2287 1634 2309 au-

918 2328 988 2356 tem
1014 2324 1173 2365 ulterius,
1189 2325 1359 2358 rimasset:
1383 2326 1538 2369 antique,
1555 2337 1632 2371 pro,

917 2375 1061 2408 rimatus
1090 2374 1232 2408 fuisset:
1260 2376 1326 2409 hoc
1357 2382 1425 2419 est,
1455 2383 1631 2412 scrutatus

916 2426 1143 2469 quaesivisset,
1160 2431 1250 2460 teste
1274 2428 1399 2461 Nonio.
1443 2429 1634 2465 Confirmat

916 2477 982 2510 hoc
998 2477 1121 2509 Plauti
1134 2478 1230 2510 locus
1246 2478 1403 2513 Trinum.
1415 2485 1484 2514 act.
1499 2491 1522 2514 ι.
1536 2492 1583 2516 sc.
1599 2486 1631 2516 2.

914 2530 925 2547 ‘
941 2528 1044 2564 Quod
1061 2530 1089 2562 si
1106 2532 1308 2572 exquiratur
1332 2541 1442 2575 usque
1461 2533 1505 2566 ab
1520 2534 1632 2578 stirpe

917 2581 1119 2622 auctoritas,
1146 2582 1248 2615 Unde
1280 2583 1443 2626 quicquid
1472 2585 1630 2620 auditum

915 2632 1047 2674 dicant,
1062 2632 1127 2664 nisi
1144 2631 1180 2664 id
1197 2639 1378 2675 appareat,
1397 2635 1631 2677 Femigerato-

916 2685 946 2718 ri
961 2694 1016 2717 res
1031 2685 1076 2717 sit
1092 2694 1170 2717 cum
1184 2684 1310 2718 damno
1321 2690 1359 2717 et
1371 2686 1487 2719 malo!
1503 2686 1630 2731 Schiop.

915 2737 1104 2770 Existimat
1115 2738 1307 2780 Schoppius
1322 2738 1504 2781 legendum
1518 2741 1630 2775 rimas-

914 2792 975 2832 set,
988 2788 1155 2833 ἀρχαϊκῶς,
1178 2799 1254 2834 pro,
1269 2790 1410 2825 rimatus
1426 2796 1539 2834 esset3
1567 2794 1627 2827 sed
