1806 3236
216 205 303 248 474

216 311 271 344 47.
294 310 304 328 ‘
319 309 495 352 Quidquid
508 309 660 343 futurum
671 309 798 350 fuerit.¹

262 360 485 402 Quodcunque]
506 359 623 403 Atque
637 361 689 394 ita
702 362 920 395 scribendum

216 412 307 454 apud
323 412 505 453 Virgilium
532 421 576 444 ex
598 413 828 446 vetustissimo
845 413 920 446 Me·

215 462 316 495 diceo
338 463 471 503 codice,
497 462 593 504 cujus
619 463 802 496 lectionem
823 464 921 497 locus

213 512 271 545 hic
304 512 444 545 Phaedri
473 512 663 546 confirmat.
706 515 818 556 Vulgo
838 515 920 547 Fuc-

215 564 282 596 rint
310 573 504 605 quaecunque.
555 564 624 596 Sed
653 569 690 598 et
712 565 922 599 auctoritate

215 615 401 647 earundem
436 615 711 649 membranarum
755 617 920 650 delendus

214 669 267 698 est
283 675 403 699 versus
421 667 578 708 proxime
594 667 823 701 antecedens:
847 669 858 687 ‘
872 668 921 701 11-

214 716 248 748 le
273 717 350 749 haec
378 716 537 759 deposita
568 718 706 751 tandem
734 717 919 752 formidine

212 767 332 800 fatur!
377 768 496 801 Primo
523 769 732 812 superfluus:
762 771 919 813 sequitur

213 818 303 852 enim
331 820 342 838 ‘
356 819 496 863 Inquit!
528 821 689 854 Secundo
709 820 831 855 falsum
853 827 918 864 est,

211 869 287 903 baec
296 870 447 904 locutum
463 880 537 904 esse
556 871 711 914 deposita
724 872 919 913 formidine3

213 919 317 954 immo
342 931 424 954 vero
449 922 551 963 paulo
571 926 652 964 post
667 922 782 965 poeta,
804 924 814 943 ‘
831 923 921 956 Pro·

213 973 369 1016 sequitur
385 973 568 1014 pavitans?
593 975 680 1007 Gud.

255 1027 299 1057 29
321 1023 425 1066 Seylo]
449 1025 530 1058 Non
551 1025 595 1058 ad
610 1026 743 1068 AEsopi,
756 1026 817 1059 sed
832 1036 918 1068 prae-

212 1075 340 1108 cedens
373 1076 510 1109 exarabo
546 1077 711 1119 pertinet.
770 1078 920 1111 Exorare

210 1127 292 1168 stylo
307 1130 371 1167 est,
385 1126 547 1161 scribere.
589 1126 678 1159 Vide
688 1127 790 1160 mein
802 1128 918 1171 Opus-

212 1177 290 1208 culo
304 1176 475 1209 Peculiari
490 1177 548 1210 De
570 1177 678 1219 Stylo.
699 1178 806 1218 Schef.
850 1180 917 1213 lm-

212 1228 364 1269 moseylo
389 1227 514 1269 AEswi,
536 1227 571 1259 id
598 1232 664 1268 est,
689 1238 818 1270 genere
833 1230 916 1264 scri-

211 1277 327 1310 bendi.
372 1278 458 1312 Quis
484 1278 576 1310 enim
612 1278 747 1320 credat,
780 1279 917 1313 Phaedri

209 1327 334 1361 librum
350 1329 489 1361 tertium
505 1338 582 1362 cum
593 1328 716 1372 AEsopu'r
722 1330 828 1364 tertio
838 1340 916 1364 con-

212 1379 358 1421 gruere?
379 1380 495 1413 Burm.

253 1432 296 1462 30
319 1430 447 1464 Honori
458 1434 490 1464 et
500 1431 636 1473 meritis]
657 1433 710 1464 Ex
725 1432 835 1464 veteri
848 1430 917 1464 for-
930 1464 933 1465 γ

209 1480 316 1522 mula,
351 1491 427 1524 quae
463 1482 499 1514 in
533 1482 815 1524 inscriptionibus
849 1481 916 1515 fre-

211 1540 343 1573 quens..

253 1584 294 1614 31
318 1581 379 1614 Sin
404 1584 509 1614 autem
535 1582 653 1624 minus]
695 1582 758 1615 vir
793 1582 915 1616 doctus

211 1635 344 1665 tentat:
369 1632 442 1673 Sin,
472 1636 576 1666 tamen
591 1634 675 1665 haud
689 1634 803 1666 minus.
845 1633 916 1667 Sed

209 1687 353 1724 propter
382 1692 530 1725 sequens
553 1688 637 1717 certe
663 1684 748 1716 nihil
775 1688 916 1717 mutem.

210 1733 300 1766 Nam
317 1738 353 1766 et
379 1734 560 1775 pulchrum
586 1735 652 1768 hoc
677 1740 714 1768 et
739 1735 915 1777 usitatum,

208 1783 260 1815 sin
286 1787 394 1817 autem
419 1785 534 1817 minus.
569 1786 721 1818 Freinsh.
765 1785 843 1818 vid.
871 1786 913 1819 ad

209 1833 345 1875 Epilog.
358 1834 436 1866 libr.
452 1843 494 1867 11.

252 1886 296 1916 32
319 1885 461 1926 Posteri]
483 1885 604 1919 Senec.
630 1887 696 1928 Ep.
724 1895 805 1920 xxi.
819 1887 829 1905 ⁴
845 1887 915 1920 Ha-

210 1934 300 1967 bebo
315 1936 406 1977 apud
418 1940 575 1978 posteros
589 1937 755 1977 gratiam!

252 1989 294 2018 33
319 1986 510 2019 Fabulamm
532 1988 647 2029 genus]
667 1987 698 2020 Ι.
719 1998 749 2021 e.
775 1987 914 2021 fabuloe.

208 2037 269 2070 Sic
294 2037 479 2071 ‘Jocorum
509 2038 628 2079 genus’
654 2037 747 2070 infra
775 2038 834 2071 lib.
865 2048 914 2071 tv.

210 2091 262 2122 16.
293 2087 416 2120 Senec.
430 2088 576 2129 Hippol.
590 2090 666 2120 338.
687 2088 698 2106 ‘
715 2089 818 2130 Ignes
839 2098 916 2122 sen-

211 2139 253 2172 tit
269 2148 375 2180 genus
391 2138 580 2180 aligerum)
603 2138 712 2178 Schef.

253 2190 586 2224 Fabularmmrait·
573 2201 639 2223 mv.
651 2190 765 2232 genus]
791 2190 832 2224 Id
848 2195 915 2231 est,

208 2240 346 2274 fabulae.
389 2241 440 2274 Ut
454 2241 551 2275 mitio
564 2241 641 2274 libr·
655 2251 695 2274 11
717 2242 915 2283 ‘Exemplis

209 2292 409 2325 continetur
423 2293 541 2334 AEsopi
556 2302 677 2334 genus,
679 2292 742 2324 ’id
767 2296 834 2332 est,
859 2293 914 2325 ΕΡ

209 2353 325 2385 sopus.
370 2343 418 2376 Et
435 2343 522 2376 libro
546 2352 582 2376 v.
609 2343 667 2376 ubi
682 2342 726 2375 de
743 2342 911 2376 tibicine:

205 2394 216 2412 ‘
226 2394 275 2426 Et
287 2393 440 2435 lepidum
455 2403 561 2435 genus
575 2393 778 2426 Desiderari
794 2393 913 2435 coepit,

208 2444 305 2486 cujus
332 2443 495 2485 flatibus,'
515 2447 580 2477 ὅτε.
610 2444 646 2476 id
674 2447 741 2485 est,
776 2443 911 2485 lepidus

209 2495 350 2528 tibicen.
374 2495 452 2535 Rig.

251 2548 295 2579 34
316 2545 434 2587 Brevi]
471 2546 576 2578 Forte
600 2546 760 2579 Breviter.
792 2545 911 2578 Heius.

207 2597 304 2630 Nihil
327 2607 434 2639 opus:
458 2597 508 2629 ita
536 2597 625 2630 enim
653 2602 692 2631 et
720 2597 842 2630 Cicero
866 2597 909 2629 ad

208 2649 304 2682 Fam.
327 2657 386 2680 ιιι.
415 2650 448 2680 8.
476 2649 486 2666 ‘
501 2648 606 2680 Brevi
640 2648 706 2680 tuis
727 2648 836 2680 literis
860 2657 911 2680 re-

207 2700 412 2741 sponderem
423 2698 444 2731 :’
463 2703 499 2731 et
513 2708 563 2732 xv.
579 2702 611 2732 5.
644 2699 654 2718 ‘
668 2699 820 2732 Decrevi
832 2698 911 2732 bre-

209 2750 241 2782 vi
254 2750 296 2782 ad
311 2755 345 2783 te
362 2749 595 2792 perscribere!
623 2750 738 2783 Burni.

675 216 816 248 NOTAE
847 216 1115 251 VARIORUM
1148 219 1201 255 IN

1013 313 1174 358 Servitus]
1195 315 1371 349 Grandius
1383 320 1418 350 et
1427 316 1673 359 significantius

970 364 1020 397 sic
1042 365 1196 406 appellat
1217 366 1389 408 AEsopum.
1431 367 1534 401 Adde
1555 373 1673 404 auten

969 415 1108 449 Suidam
1130 426 1215 450 voce
1227 417 1380 458 Aroma-os,
1396 428 1496 462 quern
1512 419 1568 453 hic
1581 429 1674 453 eom·

969 465 1070 498 mode
1101 467 1292 501 Neveletus
1320 469 1416 503 citat.
1453 470 1560 511 Schqf.
1603 471 1677 503 Ve-¹

970 526 1044 550 rum
1073 517 1211 560 quidem
1240 518 1378 552 videtur
1399 521 1455 553 bic
1479 521 1525 554 de
1545 521 1673 565 AEsopo

970 576 1070 599 servo
1086 567 1190 611 loqui,
1204 569 1262 600 sed
1280 578 1395 603 verum
1412 581 1547 614 quoque
1567 572 1680 605 ³221·erv

971 621 1082 650 tutem
1098 618 1268 660 publicam
1284 619 1347 652 sub
1366 621 1534 663 Tyrannis
1546 622 1557 641 ‘
1570 631 1672 655 omne

969 668 1158 701 studiorum
1184 679 1291 712 genus
1321 671 1436 712 paullo
1467 671 1610 706 liberius
1635 676 1673 706 et

968 720 1120 753 erectius
1147 721 1374 763 periculosum
1395 720 1535 764 facere,'
1559 726 1599 756 ut
1623 723 1673 756 ait

969 771 1061 805 Plin.
1083 772 1149 813 Ep.
1173 781 1223 804 ιν.
1238 775 1272 806 5.
1290 771 1437 814 ideoque
1453 772 1536 806 tali·
1550 771 1672 808 dever-

969 822 1077 855 ticula
1089 832 1269 865 quaerere;
1292 827 1329 855 et
1353 822 1431 855 ideo
1453 815 1670 857 Avunculum

968 872 1143 915 scripsisse
1173 883 1270 905 sunm
1298 873 1432 906 Plinius
1457 872 1550 907 dicit.
1566 868 1672 909 libros

967 927 1047 956 octo
1086 923 1182 956 dubii
1216 924 1392 966 sermonis,
1427 933 1474 956 ne*
1496 923 1673 956 videretur

967 974 1060 1007 ultra
1074 974 1324 1007 Grammaticos
1339 984 1473 1016 sapere.
1497 974 1614 1009 Burni.

1013 1024 1175 1066 oomxia]
1185 1023 1343 1059 Arbitrio
1355 1035 1396 1058 ec
1412 1025 1673 1068 potestatique·

967 1084 1023 1108 nae
1053 1075 1222 1117 subjecta.
1265 1074 1444 1109 Absolute.
1475 1075 1535 1109 lta
1561 1075 1673 1110 *Ani-

967 1135 1058 1158 mum
1082 1125 1276 1158 obnoxium'
1297 1126 1391 1160 dixit
1417 1126 1550 1160 Plinius
1572 1125 1671 1171 prof>-

968 1176 1093 1218 operis,
1117 1180 1155 1208 et
1169 1176 1261 1219 apud
1276 1177 1418 1210 Sueton.
1431 1176 1511 1211 Tib.
1525 1186 1603 1220 cup.
1617 1179 1670 1211 12.

967 1226 978 1244 ‘
994 1226 1190 1260 Obnoxium
1211 1226 1305 1269 egit?
1327 1227 1443 1260 Plaut.
1457 1227 1492 1260 in
1504 1226 1603 1261 Trin.
1618 1236 1667 1261 ιν.

965 1287 1014 1310 sc.
1027 1279 1060 1309 3.
1081 1277 1141 1310 ‘Si
1154 1277 1262 1310 bonus
1286 1283 1353 1318 est,
1376 1277 1544 1310 obnoxius
1569 1277 1669 1311 sum.’

964 1327 1055 1360 Vide
1067 1332 1092 1362 t.
1107 1328 1129 1361 l.
1152 1327 1260 1368 Scbqf.
1303 1329 1359 1361 Sic
1387 1328 1548 1371 loquendi
1568 1328 1671 1362 liber-

964 1383 1071 1411 tatem
1082 1379 1187 1421 (quod
1202 1379 1333 1417 amicus
1348 1389 1442 1412 meus
1454 1384 1493 1413 et
1503 1384 1670 1422 cognatus

965 1430 1208 1463 dilectissimus
1223 1431 1258 1465 J.
1274 1430 1309 1464 J.
1324 1430 1373 1464 K.
1385 1430 1475 1464 Dies.
1489 1429 1534 1463 de
1549 1430 1670 1466 Liber-

966 1486 1039 1515 tate
1073 1482 1256 1516 Senatoria
1288 1483 1559 1518 demonstratum
1594 1482 1671 1524 ivit,

965 1533 1151 1576 attigitque
1177 1533 1330 1575 ampliss.
1358 1533 1482 1566 Rosius
1511 1533 1556 1566 de
1582 1533 1670 1567 Clu·

965 1587 1052 1617 ract.
1080 1583 1191 1616 beatae
1217 1584 1317 1627 Reip.
1337 1584 1367 1626 ς.
1391 1583 1460 1626 17.)
1479 1584 1670 1627 gravissimi

963 1644 1059 1676 saepe
1074 1634 1138 1666 viri
1152 1634 1356 1676 aenigmath,
1377 1634 1512 1675 satyris,
1534 1634 1670 1669 drama·

966 1685 1022 1727 tis,
1037 1685 1187 1718 historiae
1204 1685 1334 1718 veteris
1348 1685 1509 1728 imagine,
1526 1690 1563 1718 et
1578 1686 1670 1718 simi·

964 1737 1052 1770 libus
1074 1736 1176 1770 rebus
1203 1737 1438 1779 explicarunt:
1462 1736 1585 1779 quibus
1609 1744 1669 1769 cx-

963 1789 1113 1829 emplum
1140 1797 1290 1829 praesens
1319 1796 1389 1819 non
1415 1787 1586 1820 immerito
1612 1788 1670 1821 ad·

963 1838 1107 1871 scribas.
1130 1838 1262 1870 Prasch.
1305 1836 1362 1869 Its
1377 1838 1387 1856 ‘
1405 1836 1564 1870 Obnoxia
1578 1837 1671 1870 iufir-

963 1888 1075 1922 mitas’
1088 1888 1254 1922 Quinctil.
1269 1887 1370 1921 Decl.
1388 1896 1458 1920 111.
1474 1891 1511 1919 et
1524 1887 1626 1921 Decl.
1638 1897 1665 1921 ι.

963 1943 996 1973 6.
1021 1942 1030 1958 ‘
1047 1938 1230 1972 Calamitas
1242 1937 1391 1971 obnoxia
1403 1937 1426 1970 :’
1449 1938 1508 1971 ubi
1520 1937 1600 1971 vide
1614 1937 1667 1973 cl.

963 1989 1220 2032 Schultinginm.

1006 2041 1152 2074 Servitus
1182 2039 1330 2081 obnoxia]
1370 2039 1544 2082 Intelligit
1573 2034 1669 2073 AEso·

963 2100 1059 2133 pum,
1074 2090 1132 2133 qui
1146 2090 1287 2122 Xantho
1302 2090 1508 2132 Philosopbo
1523 2090 1668 2124 servitu-

964 2146 1034 2174 tem
1063 2141 1222 2174 serviisse
1245 2141 1385 2181 dicitur,
1412 2151 1482 2174 aere
1496 2142 1604 2184 ipsius
1616 2152 1669 2175 re-
1722 2167 1730 2171 -

963 2192 1110 2226 demtus.
1157 2194 1298 2225 Servum
1338 2196 1452 2225 autem
1485 2192 1668 2234 hominem,

963 2248 1002 2276 ut
1016 2243 1165 2276 Plautus
1182 2243 1306 2276 alicubi
1323 2243 1384 2285 ait,
1399 2243 1528 2286 oculos,
1539 2253 1668 2285 manus,

961 2294 1111 2336 linguam
1123 2294 1250 2327 habere
1262 2293 1496 2327 coutinentem
1507 2298 1646 2336 oportet
1654 2307 1664 2327 z

962 2345 1104 2387 plusque
1131 2344 1219 2377 adeo
1240 2345 1350 2387 ipsum
1373 2345 1474 2386 scire,
1495 2354 1596 2387 quam
1617 2345 1666 2377 lo-

963 2395 1032 2437 qui,
1048 2395 1162 2428 decet.
1187 2396 1253 2428 Est
1268 2399 1382 2428 autem
1397 2395 1472 2428 haec
1487 2405 1560 2428 sors
1573 2405 1665 2428 com-

961 2445 1072 2478 munis
1096 2454 1194 2477 servo
1216 2455 1294 2477 cum
1315 2445 1437 2478 exule:
1460 2444 1504 2477 de
1519 2454 1586 2487 quo
1596 2445 1667 2478 Po·

960 2496 1092 2538 lynices
1106 2495 1198 2538 apud
1214 2494 1412 2536 Euripidem
1433 2494 1666 2536 interrogatus

961 2555 982 2578 a
996 2549 1120 2587 matre,
1144 2544 1181 2577 Τί
1196 2543 1333 2586 φυγάσιν
1351 2544 1389 2577 τὸ
1399 2542 1566 2586 δυσχερέςς
1583 2545 1664 2581 Qua

959 2606 1009 2628 res
1022 2597 1158 2629 maxime
1176 2596 1331 2628 accideret
1355 2595 1482 2628 molesta
1496 2594 1637 2628 exulibus
1646 2594 1664 2628 :1

959 2646 1166 2689 respondet:
1183 2646 1242 2678 Ἓν
1260 2645 1317 2686 μὲν
1327 2644 1490 2686 μέγιστον,
1503 2645 1560 2678 οὒκ
1581 2644 1666 2687 ἔχειν

958 2697 1148 2739 cappaciana:
1171 2698 1267 2739 Illud,
1280 2698 1404 2740 inquit,
1414 2707 1510 2730 unum
1527 2698 1664 2731 omniun

960 2750 1144 2791 maximum,
1168 2750 1248 2791 quod
1270 2747 1364 2781 libere
1390 2748 1474 2790 loqui
1496 2758 1559 2781 non
1577 2747 1662 2782 licet.
