<?xml version="1.0" encoding="UTF-8"?>
<!DOCTYPE html PUBLIC "-//W3C//DTD XHTML 1.0 Transitional//EN"
    "http://www.w3.org/TR/xhtml1/DTD/xhtml1-transitional.dtd">
<html xmlns="http://www.w3.org/1999/xhtml" xml:lang="en" lang="en">
 <head>
  <title>
</title>
<meta http-equiv="Content-Type" content="text/html;charset=utf-8" />
  <meta name='ocr-system' content='tesseract 3.04.00' />
  <meta name='ocr-capabilities' content='ocr_page ocr_carea ocr_par ocr_line ocrx_word'/>
</head>
<body>
  <div class='ocr_page' id='page_1' title='image "./fabualeaesopiae00phaeuoft_0630.png"; bbox 0 0 1806 3236; ppageno 0'>
   <div class='ocr_carea' id='block_1_1' title="bbox 242 353 962 2903">
    <p class='ocr_par' dir='ltr' id='par_1_1' title="bbox 242 353 950 706">
     <span class='ocr_line' id='line_1_1' title="bbox 247 353 948 387; baseline 0.001 -1"><span class='ocrx_word' id='word_1_1' title='bbox 247 354 291 386; x_wconf 83' lang='lat' dir='ltr'><strong>ad</strong></span> <span class='ocrx_word' id='word_1_2' title='bbox 309 353 408 386; x_wconf 88' lang='lat' dir='ltr'><strong>Curt.</strong></span> <span class='ocrx_word' id='word_1_3' title='bbox 420 355 544 386; x_wconf 76' lang='lat' dir='ltr'><strong>v111.4.</strong></span> <span class='ocrx_word' id='word_1_4' title='bbox 562 355 593 385; x_wconf 84' lang='lat'><strong>2.</strong></span> <span class='ocrx_word' id='word_1_5' title='bbox 611 353 746 386; x_wconf 77' lang='lat' dir='ltr'><strong>Prasch.</strong></span> <span class='ocrx_word' id='word_1_6' title='bbox 769 354 826 386; x_wconf 89' lang='lat' dir='ltr'><strong>Sic</strong></span> <span class='ocrx_word' id='word_1_7' title='bbox 837 353 948 387; x_wconf 83' lang='lat' dir='ltr'><strong>Paris.</strong></span> 
     </span>
     <span class='ocr_line' id='line_1_2' title="bbox 247 403 949 447; baseline 0 -10"><span class='ocrx_word' id='word_1_8' title='bbox 247 404 311 445; x_wconf 82' lang='lat' dir='ltr'><strong>uti,</strong></span> <span class='ocrx_word' id='word_1_9' title='bbox 339 404 536 447; x_wconf 80' lang='lat' dir='ltr'><strong>priusquam</strong></span> <span class='ocrx_word' id='word_1_10' title='bbox 566 403 804 446; x_wconf 80' lang='lat' dir='ltr'><strong>inspexissem,</strong></span> <span class='ocrx_word' id='word_1_11' title='bbox 832 405 949 446; x_wconf 74' lang='lat' dir='ltr'><strong>legon-</strong></span> 
     </span>
     <span class='ocr_line' id='line_1_3' title="bbox 245 455 950 498; baseline 0.001 -10"><span class='ocrx_word' id='word_1_12' title='bbox 245 455 328 488; x_wconf 83' lang='lat' dir='ltr'><strong>dum</strong></span> <span class='ocrx_word' id='word_1_13' title='bbox 349 456 573 498; x_wconf 88' lang='lat' dir='ltr'><strong>conjeceram.</strong></span> <span class='ocrx_word' id='word_1_14' title='bbox 618 456 746 488; x_wconf 82' lang='lat' dir='ltr'><strong>Fuerat</strong></span> <span class='ocrx_word' id='word_1_15' title='bbox 770 461 874 489; x_wconf 84' lang='lat' dir='ltr'><strong>antea</strong></span> <span class='ocrx_word' id='word_1_16' title='bbox 895 466 950 489; x_wconf 86' lang='lat' dir='ltr'><strong>na-</strong></span> 
     </span>
     <span class='ocr_line' id='line_1_4' title="bbox 242 506 949 549; baseline 0 -9"><span class='ocrx_word' id='word_1_17' title='bbox 242 508 315 540; x_wconf 72' lang='lat' dir='ltr'><strong>vis.-</strong></span> <span class='ocrx_word' id='word_1_18' title='bbox 349 507 440 549; x_wconf 84' lang='lat' dir='ltr'><strong>quod</strong></span> <span class='ocrx_word' id='word_1_19' title='bbox 471 507 550 548; x_wconf 87' lang='lat' dir='ltr'><strong>quia</strong></span> <span class='ocrx_word' id='word_1_20' title='bbox 585 506 756 541; x_wconf 79' lang='lat' dir='ltr'><strong>efficiebat</strong></span> <span class='ocrx_word' id='word_1_21' title='bbox 782 507 949 540; x_wconf 84' lang='lat' dir='ltr'><strong>rationem</strong></span> 
     </span>
     <span class='ocr_line' id='line_1_5' title="bbox 246 559 950 601; baseline 0 -9"><span class='ocrx_word' id='word_1_22' title='bbox 246 559 468 601; x_wconf 80' lang='lat' dir='ltr'><strong>pendentem,</strong></span> <span class='ocrx_word' id='word_1_23' title='bbox 483 559 667 592; x_wconf 89' lang='lat' dir='ltr'><strong>subvenire</strong></span> <span class='ocrx_word' id='word_1_24' title='bbox 690 565 869 593; x_wconf 82' lang='lat' dir='ltr'><strong>tentarunt</strong></span> <span class='ocrx_word' id='word_1_25' title='bbox 885 561 950 592; x_wconf 87' lang='lat' dir='ltr'><strong>viri</strong></span> 
     </span>
     <span class='ocr_line' id='line_1_6' title="bbox 247 611 949 654; baseline 0.006 -11"><span class='ocrx_word' id='word_1_26' title='bbox 247 611 354 652; x_wconf 90' lang='lat' dir='ltr'><strong>docti,</strong></span> <span class='ocrx_word' id='word_1_27' title='bbox 382 615 422 644; x_wconf 88' lang='lat' dir='ltr'><strong>ut</strong></span> <span class='ocrx_word' id='word_1_28' title='bbox 446 612 561 644; x_wconf 78' lang='lat' dir='ltr'><strong>statim</strong></span> <span class='ocrx_word' id='word_1_29' title='bbox 587 612 780 654; x_wconf 77' lang='lat' dir='ltr'><strong>apparebit.</strong></span> <span class='ocrx_word' id='word_1_30' title='bbox 803 614 949 647; x_wconf 75' lang='lat' dir='ltr'><strong>Freinsh.</strong></span> 
     </span>
     <span class='ocr_line' id='line_1_7' title="bbox 247 662 864 706; baseline 0.006 -12"><span class='ocrx_word' id='word_1_31' title='bbox 247 662 356 695; x_wconf 84' lang='lat' dir='ltr'><strong>Navi.-</strong></span> <span class='ocrx_word' id='word_1_32' title='bbox 380 663 556 705; x_wconf 81' lang='lat' dir='ltr'><strong>Excerpta</strong></span> <span class='ocrx_word' id='word_1_33' title='bbox 570 663 726 706; x_wconf 82' lang='lat' dir='ltr'><strong>Rigaltii.</strong></span> <span class='ocrx_word' id='word_1_34' title='bbox 749 665 864 698; x_wconf 74' lang='lat' dir='ltr'><strong>Heius.</strong></span> 
     </span>
    </p>

    <p class='ocr_par' dir='ltr' id='par_1_2' title="bbox 246 713 951 960">
     <span class='ocr_line' id='line_1_8' title="bbox 288 713 951 756; baseline 0.006 -11"><span class='ocrx_word' id='word_1_35' title='bbox 288 715 310 745; x_wconf 81' lang='lat'>4</span> <span class='ocrx_word' id='word_1_36' title='bbox 341 713 447 756; x_wconf 80' lang='lat' dir='ltr'><strong><em>Inter]</em></strong></span> <span class='ocrx_word' id='word_1_37' title='bbox 480 715 590 747; x_wconf 80' lang='lat' dir='ltr'><strong>Notat</strong></span> <span class='ocrx_word' id='word_1_38' title='bbox 619 715 768 748; x_wconf 84' lang='lat' dir='ltr'><strong>celerem</strong></span> <span class='ocrx_word' id='word_1_39' title='bbox 793 716 951 749; x_wconf 87' lang='lat' dir='ltr'><strong>mutatio-</strong></span> 
     </span>
     <span class='ocr_line' id='line_1_9' title="bbox 247 763 950 809; baseline 0.006 -13"><span class='ocrx_word' id='word_1_40' title='bbox 247 773 338 806; x_wconf 86' lang='lat' dir='ltr'><strong>nem,</strong></span> <span class='ocrx_word' id='word_1_41' title='bbox 371 763 451 797; x_wconf 90' lang='lat' dir='ltr'><strong>dum</strong></span> <span class='ocrx_word' id='word_1_42' title='bbox 487 770 656 807; x_wconf 86' lang='lat' dir='ltr'><strong>metuunt,</strong></span> <span class='ocrx_word' id='word_1_43' title='bbox 684 767 766 800; x_wconf 89' lang='lat' dir='ltr'><strong>dum</strong></span> <span class='ocrx_word' id='word_1_44' title='bbox 802 769 950 809; x_wconf 81' lang='lat' dir='ltr'><strong>plorant.</strong></span> 
     </span>
     <span class='ocr_line' id='line_1_10' title="bbox 248 815 951 861; baseline 0.006 -14"><span class='ocrx_word' id='word_1_45' title='bbox 248 815 340 847; x_wconf 86' lang='lat' dir='ltr'><strong>Flor.</strong></span> <span class='ocrx_word' id='word_1_46' title='bbox 357 824 382 847; x_wconf 84' lang='lat'><strong>1.</strong></span> <span class='ocrx_word' id='word_1_47' title='bbox 405 825 479 858; x_wconf 85' lang='lat' dir='ltr'><strong>cap.</strong></span> <span class='ocrx_word' id='word_1_48' title='bbox 494 819 527 848; x_wconf 82' lang='lat'><strong>6.</strong></span> <span class='ocrx_word' id='word_1_49' title='bbox 552 817 562 835; x_wconf 93' lang='lat'>‘</span> <span class='ocrx_word' id='word_1_50' title='bbox 579 817 671 859; x_wconf 85' lang='lat' dir='ltr'><strong>Ergo</strong></span> <span class='ocrx_word' id='word_1_51' title='bbox 697 818 790 850; x_wconf 88' lang='lat' dir='ltr'><strong>inter</strong></span> <span class='ocrx_word' id='word_1_52' title='bbox 809 819 951 861; x_wconf 86' lang='lat' dir='ltr'><strong>Tarqui-</strong></span> 
     </span>
     <span class='ocr_line' id='line_1_11' title="bbox 246 867 951 903; baseline 0.006 -4"><span class='ocrx_word' id='word_1_53' title='bbox 246 867 294 899; x_wconf 86' lang='lat' dir='ltr'><strong>nii</strong></span> <span class='ocrx_word' id='word_1_54' title='bbox 319 871 464 900; x_wconf 88' lang='lat' dir='ltr'><strong>mortem</strong></span> <span class='ocrx_word' id='word_1_55' title='bbox 478 867 686 902; x_wconf 85' lang='lat' dir='ltr'><strong>substitutus</strong></span> <span class='ocrx_word' id='word_1_56' title='bbox 710 869 746 902; x_wconf 86' lang='lat' dir='ltr'><strong>in</strong></span> <span class='ocrx_word' id='word_1_57' title='bbox 772 871 882 903; x_wconf 87' lang='lat' dir='ltr'><strong>locum</strong></span> <span class='ocrx_word' id='word_1_58' title='bbox 899 879 951 903; x_wconf 86' lang='lat' dir='ltr'><strong>re·</strong></span> 
     </span>
     <span class='ocr_line' id='line_1_12' title="bbox 247 918 451 960; baseline 0.01 -10"><span class='ocrx_word' id='word_1_59' title='bbox 247 918 322 960; x_wconf 67' lang='lat' dir='ltr'><strong>gis!</strong></span> <span class='ocrx_word' id='word_1_60' title='bbox 345 918 451 958; x_wconf 72' lang='lat' dir='ltr'><strong>Sches.</strong></span> 
     </span>
    </p>

    <p class='ocr_par' dir='ltr' id='par_1_3' title="bbox 246 970 956 1618">
     <span class='ocr_line' id='line_1_13' title="bbox 289 970 952 1015; baseline 0.009 -14"><span class='ocrx_word' id='word_1_61' title='bbox 289 973 309 1001; x_wconf 85' lang='grc'><strong><em>5</em></strong></span> <span class='ocrx_word' id='word_1_62' title='bbox 338 970 463 1002; x_wconf 78' lang='lat' dir='ltr'><strong>Faciem</strong></span> <span class='ocrx_word' id='word_1_63' title='bbox 476 972 518 1003; x_wconf 79' lang='lat' dir='ltr'><strong>ad</strong></span> <span class='ocrx_word' id='word_1_64' title='bbox 530 972 685 1014; x_wconf 76' lang='lat' dir='ltr'><strong>serenam]</strong></span> <span class='ocrx_word' id='word_1_65' title='bbox 707 973 878 1015; x_wconf 78' lang='lat' dir='ltr'><strong>Speciem,</strong></span> <span class='ocrx_word' id='word_1_66' title='bbox 893 975 952 1006; x_wconf 84' lang='lat' dir='ltr'><strong>ha-</strong></span> 
     </span>
     <span class='ocr_line' id='line_1_14' title="bbox 248 1021 952 1068; baseline 0.01 -15"><span class='ocrx_word' id='word_1_67' title='bbox 248 1021 369 1054; x_wconf 84' lang='lat' dir='ltr'><strong>bitum.</strong></span> <span class='ocrx_word' id='word_1_68' title='bbox 415 1023 505 1056; x_wconf 88' lang='lat' dir='ltr'><strong>Vide</strong></span> <span class='ocrx_word' id='word_1_69' title='bbox 521 1023 672 1059; x_wconf 88' lang='lat' dir='ltr'><strong>Gellium</strong></span> <span class='ocrx_word' id='word_1_70' title='bbox 700 1034 782 1058; x_wconf 82' lang='lat' dir='ltr'><strong>xm.</strong></span> <span class='ocrx_word' id='word_1_71' title='bbox 798 1036 877 1068; x_wconf 87' lang='lat' dir='ltr'><strong>cap.</strong></span> <span class='ocrx_word' id='word_1_72' title='bbox 898 1029 952 1060; x_wconf 81' lang='lat'><strong>28.</strong></span> 
     </span>
     <span class='ocr_line' id='line_1_15' title="bbox 249 1072 951 1119; baseline 0.01 -16"><span class='ocrx_word' id='word_1_73' title='bbox 249 1072 389 1105; x_wconf 88' lang='lat' dir='ltr'><strong>Curtius</strong></span> <span class='ocrx_word' id='word_1_74' title='bbox 416 1073 490 1106; x_wconf 91' lang='lat' dir='ltr'><strong>Lib.</strong></span> <span class='ocrx_word' id='word_1_75' title='bbox 518 1083 578 1106; x_wconf 84' lang='lat'><strong>111.</strong></span> <span class='ocrx_word' id='word_1_76' title='bbox 594 1078 627 1108; x_wconf 83' lang='grc'><strong>2.</strong></span> <span class='ocrx_word' id='word_1_77' title='bbox 649 1075 659 1093; x_wconf 93' lang='lat'>‘</span> <span class='ocrx_word' id='word_1_78' title='bbox 676 1076 806 1109; x_wconf 80' lang='lat' dir='ltr'><strong>Contra</strong></span> <span class='ocrx_word' id='word_1_79' title='bbox 831 1077 859 1109; x_wconf 88' lang='lat' dir='ltr'><strong>si</strong></span> <span class='ocrx_word' id='word_1_80' title='bbox 875 1078 951 1119; x_wconf 88' lang='lat' dir='ltr'><strong>quis</strong></span> 
     </span>
     <span class='ocr_line' id='line_1_16' title="bbox 246 1122 953 1170; baseline 0.01 -16"><span class='ocrx_word' id='word_1_81' title='bbox 246 1122 356 1156; x_wconf 83' lang='lat' dir='ltr'><strong>aciem</strong></span> <span class='ocrx_word' id='word_1_82' title='bbox 372 1124 602 1158; x_wconf 87' lang='lat' dir='ltr'><strong>Macedonum</strong></span> <span class='ocrx_word' id='word_1_83' title='bbox 617 1126 821 1168; x_wconf 77' lang='lat' dir='ltr'><strong>intueretur,</strong></span> <span class='ocrx_word' id='word_1_84' title='bbox 836 1128 953 1170; x_wconf 80' lang='lat' dir='ltr'><strong>dispar</strong></span> 
     </span>
     <span class='ocr_line' id='line_1_17' title="bbox 247 1174 953 1220; baseline 0.008 -14"><span class='ocrx_word' id='word_1_85' title='bbox 247 1174 354 1208; x_wconf 84' lang='lat' dir='ltr'><strong>facies</strong></span> <span class='ocrx_word' id='word_1_86' title='bbox 369 1175 469 1208; x_wconf 66' lang='lat' dir='ltr'><strong>erat!</strong></span> <span class='ocrx_word' id='word_1_87' title='bbox 513 1176 570 1209; x_wconf 83' lang='lat' dir='ltr'><strong>Ita</strong></span> <span class='ocrx_word' id='word_1_88' title='bbox 584 1178 677 1210; x_wconf 91' lang='lat' dir='ltr'><strong>enim</strong></span> <span class='ocrx_word' id='word_1_89' title='bbox 691 1178 739 1211; x_wconf 88' lang='lat' dir='ltr'><strong>ibi</strong></span> <span class='ocrx_word' id='word_1_90' title='bbox 758 1183 813 1212; x_wconf 83' lang='lat' dir='ltr'><strong>est</strong></span> <span class='ocrx_word' id='word_1_91' title='bbox 837 1180 953 1220; x_wconf 78' lang='lat' dir='ltr'><strong>legen-</strong></span> 
     </span>
     <span class='ocr_line' id='line_1_18' title="bbox 248 1226 953 1271; baseline 0.01 -13"><span class='ocrx_word' id='word_1_92' title='bbox 248 1226 342 1268; x_wconf 90' lang='lat' dir='ltr'><strong>dum,</strong></span> <span class='ocrx_word' id='word_1_93' title='bbox 364 1237 430 1260; x_wconf 89' lang='lat' dir='ltr'><strong>non</strong></span> <span class='ocrx_word' id='word_1_94' title='bbox 456 1226 658 1271; x_wconf 70' lang='lat' dir='ltr'><strong>acies,‘quod</strong></span> <span class='ocrx_word' id='word_1_95' title='bbox 683 1235 857 1264; x_wconf 79' lang='lat' dir='ltr'><strong>servatum</strong></span> <span class='ocrx_word' id='word_1_96' title='bbox 872 1232 953 1265; x_wconf 84' lang='lat' dir='ltr'><strong>hac·</strong></span> 
     </span>
     <span class='ocr_line' id='line_1_19' title="bbox 249 1278 952 1315; baseline 0.007 -5"><span class='ocrx_word' id='word_1_97' title='bbox 249 1282 351 1311; x_wconf 85' lang='lat' dir='ltr'><strong>tenus</strong></span> <span class='ocrx_word' id='word_1_98' title='bbox 373 1278 409 1311; x_wconf 90' lang='lat' dir='ltr'><strong>in</strong></span> <span class='ocrx_word' id='word_1_99' title='bbox 437 1280 594 1312; x_wconf 88' lang='lat' dir='ltr'><strong>omnibus</strong></span> <span class='ocrx_word' id='word_1_100' title='bbox 615 1280 823 1314; x_wconf 84' lang='lat' dir='ltr'><strong>editionibus</strong></span> <span class='ocrx_word' id='word_1_101' title='bbox 837 1282 952 1315; x_wconf 86' lang='lat' dir='ltr'><strong>miror.</strong></span> 
     </span>
     <span class='ocr_line' id='line_1_20' title="bbox 248 1328 954 1375; baseline 0.008 -15"><span class='ocrx_word' id='word_1_102' title='bbox 248 1328 360 1361; x_wconf 87' lang='lat' dir='ltr'><strong>Porro</strong></span> <span class='ocrx_word' id='word_1_103' title='bbox 385 1330 426 1361; x_wconf 86' lang='lat' dir='ltr'><strong>ad</strong></span> <span class='ocrx_word' id='word_1_104' title='bbox 445 1329 564 1368; x_wconf 81' lang='lat' dir='ltr'><strong>faciem</strong></span> <span class='ocrx_word' id='word_1_105' title='bbox 591 1332 708 1364; x_wconf 73' lang='lat' dir='ltr'><strong>mutari</strong></span> <span class='ocrx_word' id='word_1_106' title='bbox 740 1329 885 1375; x_wconf 79' lang='lat' dir='ltr'><strong>dictum,</strong></span> <span class='ocrx_word' id='word_1_107' title='bbox 913 1337 954 1367; x_wconf 88' lang='lat' dir='ltr'><strong>ut</strong></span> 
     </span>
     <span class='ocr_line' id='line_1_21' title="bbox 248 1379 953 1426; baseline 0.007 -15"><span class='ocrx_word' id='word_1_108' title='bbox 248 1379 340 1421; x_wconf 87' lang='lat' dir='ltr'><strong>apud</strong></span> <span class='ocrx_word' id='word_1_109' title='bbox 368 1380 491 1413; x_wconf 87' lang='lat' dir='ltr'><strong>Cicero</strong></span> <span class='ocrx_word' id='word_1_110' title='bbox 513 1381 557 1414; x_wconf 89' lang='lat' dir='ltr'><strong>de</strong></span> <span class='ocrx_word' id='word_1_111' title='bbox 584 1382 646 1414; x_wconf 81' lang='lat' dir='ltr'><strong>Or.</strong></span> <span class='ocrx_word' id='word_1_112' title='bbox 666 1391 724 1414; x_wconf 86' lang='grc' dir='ltr'><strong>ιιι.</strong></span> <span class='ocrx_word' id='word_1_113' title='bbox 756 1384 765 1401; x_wconf 89' lang='lat'>‘</span> <span class='ocrx_word' id='word_1_114' title='bbox 780 1383 892 1426; x_wconf 86' lang='lat' dir='ltr'><strong>quue</strong></span> <span class='ocrx_word' id='word_1_115' title='bbox 909 1384 953 1416; x_wconf 86' lang='lat' dir='ltr'><strong>ad</strong></span> 
     </span>
     <span class='ocr_line' id='line_1_22' title="bbox 248 1432 954 1467; baseline 0.004 -4"><span class='ocrx_word' id='word_1_116' title='bbox 248 1440 383 1464; x_wconf 88' lang='lat' dir='ltr'><strong>omnem</strong></span> <span class='ocrx_word' id='word_1_117' title='bbox 411 1432 580 1464; x_wconf 85' lang='lat' dir='ltr'><strong>rationem</strong></span> <span class='ocrx_word' id='word_1_118' title='bbox 608 1437 761 1466; x_wconf 87' lang='lat' dir='ltr'><strong>mutatur</strong></span> <span class='ocrx_word' id='word_1_119' title='bbox 789 1437 825 1466; x_wconf 90' lang='lat' dir='ltr'><strong>et</strong></span> <span class='ocrx_word' id='word_1_120' title='bbox 850 1435 954 1467; x_wconf 79' lang='lat' dir='ltr'><strong>verti-</strong></span> 
     </span>
     <span class='ocr_line' id='line_1_23' title="bbox 249 1479 955 1526; baseline 0.003 -12"><span class='ocrx_word' id='word_1_121' title='bbox 249 1479 329 1516; x_wconf 87' lang='lat' dir='ltr'><strong>tur.’</strong></span> <span class='ocrx_word' id='word_1_122' title='bbox 353 1481 458 1523; x_wconf 81' lang='lat' dir='ltr'><strong>Sches.</strong></span> <span class='ocrx_word' id='word_1_123' title='bbox 490 1483 651 1516; x_wconf 78' lang='lat' dir='ltr'><strong>Mamert.</strong></span> <span class='ocrx_word' id='word_1_124' title='bbox 667 1484 797 1526; x_wconf 82' lang='lat' dir='ltr'><strong>Paneg.</strong></span> <span class='ocrx_word' id='word_1_125' title='bbox 812 1485 955 1517; x_wconf 83' lang='lat' dir='ltr'><strong>Maxim.</strong></span> 
     </span>
     <span class='ocr_line' id='line_1_24' title="bbox 251 1532 956 1576; baseline 0.006 -12"><span class='ocrx_word' id='word_1_126' title='bbox 251 1541 302 1565; x_wconf 79' lang='lat' dir='ltr'><strong>V1.</strong></span> <span class='ocrx_word' id='word_1_127' title='bbox 335 1532 415 1565; x_wconf 86' lang='lat' dir='ltr'><strong>‘Ne</strong></span> <span class='ocrx_word' id='word_1_128' title='bbox 431 1533 572 1574; x_wconf 79' lang='lat' dir='ltr'><strong>Jupiter</strong></span> <span class='ocrx_word' id='word_1_129' title='bbox 599 1534 734 1576; x_wconf 76' lang='lat' dir='ltr'><strong>quidem</strong></span> <span class='ocrx_word' id='word_1_130' title='bbox 759 1534 832 1576; x_wconf 91' lang='lat' dir='ltr'><strong>ipse</strong></span> <span class='ocrx_word' id='word_1_131' title='bbox 860 1540 956 1568; x_wconf 82' lang='lat' dir='ltr'><strong>tanta</strong></span> 
     </span>
     <span class='ocr_line' id='line_1_25' title="bbox 249 1583 877 1618; baseline 0.003 -2"><span class='ocrx_word' id='word_1_132' title='bbox 249 1583 430 1617; x_wconf 87' lang='lat' dir='ltr'><strong>celeritate</strong></span> <span class='ocrx_word' id='word_1_133' title='bbox 445 1583 566 1618; x_wconf 86' lang='lat' dir='ltr'><strong>faciem</strong></span> <span class='ocrx_word' id='word_1_134' title='bbox 583 1586 659 1617; x_wconf 86' lang='lat' dir='ltr'><strong>coeli</strong></span> <span class='ocrx_word' id='word_1_135' title='bbox 675 1586 725 1617; x_wconf 89' lang='lat' dir='ltr'><strong>sui</strong></span> <span class='ocrx_word' id='word_1_136' title='bbox 743 1585 877 1618; x_wconf 63' lang='lat' dir='ltr'><strong>variat!</strong></span> 
     </span>
    </p>

    <p class='ocr_par' dir='ltr' id='par_1_4' title="bbox 247 1635 960 2540">
     <span class='ocr_line' id='line_1_26' title="bbox 294 1635 955 1679; baseline 0.005 -11"><span class='ocrx_word' id='word_1_137' title='bbox 294 1635 421 1668; x_wconf 80' lang='lat' dir='ltr'><strong>Faciem</strong></span> <span class='ocrx_word' id='word_1_138' title='bbox 435 1637 476 1668; x_wconf 82' lang='lat' dir='ltr'><strong>ad</strong></span> <span class='ocrx_word' id='word_1_139' title='bbox 488 1646 640 1678; x_wconf 82' lang='lat' dir='ltr'><strong>serenam,</strong></span> <span class='ocrx_word' id='word_1_140' title='bbox 657 1637 727 1679; x_wconf 61' lang='lat' dir='ltr'><strong>lfa]</strong></span> <span class='ocrx_word' id='word_1_141' title='bbox 754 1637 863 1670; x_wconf 84' lang='lat' dir='ltr'><strong>Unico</strong></span> <span class='ocrx_word' id='word_1_142' title='bbox 881 1648 955 1671; x_wconf 86' lang='lat' dir='ltr'><strong>ver-</strong></span> 
     </span>
     <span class='ocr_line' id='line_1_27' title="bbox 249 1687 955 1730; baseline 0.004 -12"><span class='ocrx_word' id='word_1_143' title='bbox 249 1696 288 1718; x_wconf 81' lang='lat' dir='ltr'><strong>su</strong></span> <span class='ocrx_word' id='word_1_144' title='bbox 304 1687 526 1729; x_wconf 86' lang='lat' dir='ltr'><strong>transposito,</strong></span> <span class='ocrx_word' id='word_1_145' title='bbox 548 1692 584 1719; x_wconf 90' lang='lat' dir='ltr'><strong>et</strong></span> <span class='ocrx_word' id='word_1_146' title='bbox 599 1697 668 1720; x_wconf 81' lang='lat' dir='ltr'><strong>suae</strong></span> <span class='ocrx_word' id='word_1_147' title='bbox 693 1688 766 1720; x_wconf 88' lang='lat' dir='ltr'><strong>sedi</strong></span> <span class='ocrx_word' id='word_1_148' title='bbox 783 1689 955 1730; x_wconf 82' lang='lat' dir='ltr'><strong>restituto,</strong></span> 
     </span>
     <span class='ocr_line' id='line_1_28' title="bbox 249 1739 954 1782; baseline 0.006 -13"><span class='ocrx_word' id='word_1_149' title='bbox 249 1747 385 1770; x_wconf 73' lang='lat' dir='ltr'><strong>sensum</strong></span> <span class='ocrx_word' id='word_1_150' title='bbox 410 1739 701 1780; x_wconf 62' lang='lat' dir='ltr'><strong>elegantissimum</strong></span> <span class='ocrx_word' id='word_1_151' title='bbox 727 1739 868 1782; x_wconf 86' lang='lat' dir='ltr'><strong>efficies,</strong></span> <span class='ocrx_word' id='word_1_152' title='bbox 898 1751 954 1773; x_wconf 87' lang='lat' dir='ltr'><strong>ve-</strong></span> 
     </span>
     <span class='ocr_line' id='line_1_29' title="bbox 251 1789 955 1832; baseline 0.001 -10"><span class='ocrx_word' id='word_1_153' title='bbox 251 1789 336 1822; x_wconf 89' lang='lat' dir='ltr'><strong>tusti</strong></span> <span class='ocrx_word' id='word_1_154' title='bbox 363 1789 494 1822; x_wconf 84' lang='lat' dir='ltr'><strong>codicis</strong></span> <span class='ocrx_word' id='word_1_155' title='bbox 520 1791 689 1823; x_wconf 85' lang='lat' dir='ltr'><strong>lectiones</strong></span> <span class='ocrx_word' id='word_1_156' title='bbox 715 1791 879 1832; x_wconf 82' lang='lat' dir='ltr'><strong>servabis,</strong></span> <span class='ocrx_word' id='word_1_157' title='bbox 906 1795 955 1830; x_wconf 85' lang='lat' dir='ltr'><strong>et,</strong></span> 
     </span>
     <span class='ocr_line' id='line_1_30' title="bbox 249 1840 956 1882; baseline 0.004 -11"><span class='ocrx_word' id='word_1_158' title='bbox 249 1849 327 1882; x_wconf 81' lang='lat' dir='ltr'><strong>qnae</strong></span> <span class='ocrx_word' id='word_1_159' title='bbox 354 1850 447 1873; x_wconf 90' lang='lat' dir='ltr'><strong>nunc</strong></span> <span class='ocrx_word' id='word_1_160' title='bbox 472 1840 594 1873; x_wconf 83' lang='lat' dir='ltr'><strong>misere</strong></span> <span class='ocrx_word' id='word_1_161' title='bbox 615 1841 747 1874; x_wconf 84' lang='lat' dir='ltr'><strong>divulsa</strong></span> <span class='ocrx_word' id='word_1_162' title='bbox 768 1841 956 1874; x_wconf 82' lang='lat' dir='ltr'><strong>consistere</strong></span> 
     </span>
     <span class='ocr_line' id='line_1_31' title="bbox 247 1891 956 1935; baseline 0.003 -12"><span class='ocrx_word' id='word_1_163' title='bbox 247 1896 288 1923; x_wconf 84' lang='lat' dir='ltr'><strong>et</strong></span> <span class='ocrx_word' id='word_1_164' title='bbox 302 1891 474 1924; x_wconf 84' lang='lat' dir='ltr'><strong>cohaerere</strong></span> <span class='ocrx_word' id='word_1_165' title='bbox 491 1901 558 1924; x_wconf 90' lang='lat' dir='ltr'><strong>non</strong></span> <span class='ocrx_word' id='word_1_166' title='bbox 582 1897 736 1934; x_wconf 81' lang='lat' dir='ltr'><strong>possunt,</strong></span> <span class='ocrx_word' id='word_1_167' title='bbox 752 1897 876 1935; x_wconf 87' lang='lat' dir='ltr'><strong>sponte</strong></span> <span class='ocrx_word' id='word_1_168' title='bbox 896 1903 956 1925; x_wconf 84' lang='lat' dir='ltr'><strong>sua</strong></span> 
     </span>
     <span class='ocr_line' id='line_1_32' title="bbox 250 1942 956 1986; baseline 0.003 -11"><span class='ocrx_word' id='word_1_169' title='bbox 250 1942 360 1976; x_wconf 87' lang='lat' dir='ltr'><strong>fluere</strong></span> <span class='ocrx_word' id='word_1_170' title='bbox 383 1947 421 1976; x_wconf 87' lang='lat' dir='ltr'><strong>et</strong></span> <span class='ocrx_word' id='word_1_171' title='bbox 446 1943 577 1985; x_wconf 85' lang='lat' dir='ltr'><strong>optime</strong></span> <span class='ocrx_word' id='word_1_172' title='bbox 601 1943 789 1986; x_wconf 83' lang='lat' dir='ltr'><strong>procedere</strong></span> <span class='ocrx_word' id='word_1_173' title='bbox 804 1944 956 1977; x_wconf 76' lang='lat' dir='ltr'><strong>senties:</strong></span> 
     </span>
     <span class='ocr_line' id='line_1_33' title="bbox 256 1995 958 2037; baseline 0.001 -10"><span class='ocrx_word' id='word_1_174' title='bbox 256 1995 379 2028; x_wconf 78' lang='lat' dir='ltr'><strong>Vexata</strong></span> <span class='ocrx_word' id='word_1_175' title='bbox 391 1995 484 2027; x_wconf 59' lang='grc' dir='ltr'><strong>κιττία</strong></span> <span class='ocrx_word' id='word_1_176' title='bbox 503 1995 593 2026; x_wconf 82' lang='lat' dir='ltr'><strong>navis</strong></span> <span class='ocrx_word' id='word_1_177' title='bbox 606 1995 852 2037; x_wconf 75' lang='lat' dir='ltr'><strong>tempestatibus,</strong></span> <span class='ocrx_word' id='word_1_178' title='bbox 867 1996 958 2028; x_wconf 80' lang='lat' dir='ltr'><strong>Inter</strong></span> 
     </span>
     <span class='ocr_line' id='line_1_34' title="bbox 250 2047 958 2088; baseline 0.001 -10"><span class='ocrx_word' id='word_1_179' title='bbox 250 2049 406 2078; x_wconf 71' lang='lat' dir='ltr'><strong>rectorum</strong></span> <span class='ocrx_word' id='word_1_180' title='bbox 432 2047 609 2088; x_wconf 78' lang='lat' dir='ltr'><strong>lachrymas</strong></span> <span class='ocrx_word' id='word_1_181' title='bbox 633 2049 665 2078; x_wconf 82' lang='lat' dir='ltr'><strong>et</strong></span> <span class='ocrx_word' id='word_1_182' title='bbox 692 2048 804 2078; x_wconf 81' lang='lat' dir='ltr'><strong>mortis</strong></span> <span class='ocrx_word' id='word_1_183' title='bbox 831 2050 958 2088; x_wconf 84' lang='lat' dir='ltr'><strong>metum,</strong></span> 
     </span>
     <span class='ocr_line' id='line_1_35' title="bbox 252 2097 959 2140; baseline 0 -10"><span class='ocrx_word' id='word_1_184' title='bbox 252 2097 348 2130; x_wconf 77' lang='lat' dir='ltr'><strong>Ferri</strong></span> <span class='ocrx_word' id='word_1_185' title='bbox 368 2097 511 2129; x_wconf 72' lang='lat' dir='ltr'><strong>secundis</strong></span> <span class='ocrx_word' id='word_1_186' title='bbox 527 2101 598 2129; x_wconf 80' lang='lat' dir='ltr'><strong>tuta</strong></span> <span class='ocrx_word' id='word_1_187' title='bbox 623 2097 715 2139; x_wconf 84' lang='lat' dir='ltr'><strong>coepit</strong></span> <span class='ocrx_word' id='word_1_188' title='bbox 733 2097 881 2140; x_wconf 72' lang='lat' dir='ltr'><strong>flatibus,</strong></span> <span class='ocrx_word' id='word_1_189' title='bbox 896 2099 959 2130; x_wconf 88' lang='lat' dir='ltr'><strong>Ni-</strong></span> 
     </span>
     <span class='ocr_line' id='line_1_36' title="bbox 251 2148 959 2191; baseline 0 -10"><span class='ocrx_word' id='word_1_190' title='bbox 251 2149 372 2191; x_wconf 81' lang='lat' dir='ltr'><strong>miaque</strong></span> <span class='ocrx_word' id='word_1_191' title='bbox 393 2152 508 2181; x_wconf 73' lang='lat' dir='ltr'><strong>nautas</strong></span> <span class='ocrx_word' id='word_1_192' title='bbox 528 2148 690 2181; x_wconf 79' lang='lat' dir='ltr'><strong>hilaritate</strong></span> <span class='ocrx_word' id='word_1_193' title='bbox 704 2149 874 2182; x_wconf 74' lang='lat' dir='ltr'><strong>extollere:</strong></span> <span class='ocrx_word' id='word_1_194' title='bbox 899 2149 959 2181; x_wconf 83' lang='lat' dir='ltr'><strong>Fa·</strong></span> 
     </span>
     <span class='ocr_line' id='line_1_37' title="bbox 251 2199 958 2232; baseline 0 0"><span class='ocrx_word' id='word_1_195' title='bbox 251 2200 330 2232; x_wconf 78' lang='lat' dir='ltr'><strong>ciem</strong></span> <span class='ocrx_word' id='word_1_196' title='bbox 357 2201 399 2232; x_wconf 84' lang='lat' dir='ltr'><strong>ad</strong></span> <span class='ocrx_word' id='word_1_197' title='bbox 427 2209 566 2232; x_wconf 78' lang='lat' dir='ltr'><strong>serenam</strong></span> <span class='ocrx_word' id='word_1_198' title='bbox 592 2199 693 2231; x_wconf 81' lang='lat' dir='ltr'><strong>subito</strong></span> <span class='ocrx_word' id='word_1_199' title='bbox 717 2203 859 2232; x_wconf 83' lang='lat' dir='ltr'><strong>mutatur</strong></span> <span class='ocrx_word' id='word_1_200' title='bbox 879 2199 958 2232; x_wconf 81' lang='lat' dir='ltr'><strong>dies.</strong></span> 
     </span>
     <span class='ocr_line' id='line_1_38' title="bbox 252 2249 958 2284; baseline 0 -1"><span class='ocrx_word' id='word_1_201' title='bbox 252 2251 321 2284; x_wconf 82' lang='lat' dir='ltr'><strong>Qui</strong></span> <span class='ocrx_word' id='word_1_202' title='bbox 334 2251 474 2283; x_wconf 89' lang='lat' dir='ltr'><strong>ultimus</strong></span> <span class='ocrx_word' id='word_1_203' title='bbox 497 2259 613 2282; x_wconf 83' lang='lat' dir='ltr'><strong>versus</strong></span> <span class='ocrx_word' id='word_1_204' title='bbox 629 2249 721 2282; x_wconf 87' lang='lat' dir='ltr'><strong>forte</strong></span> <span class='ocrx_word' id='word_1_205' title='bbox 736 2250 901 2283; x_wconf 84' lang='lat' dir='ltr'><strong>scribenti</strong></span> <span class='ocrx_word' id='word_1_206' title='bbox 916 2260 958 2283; x_wconf 86' lang='lat' dir='ltr'><strong>eo</strong></span> 
     </span>
     <span class='ocr_line' id='line_1_39' title="bbox 251 2301 959 2343; baseline -0.001 -9"><span class='ocrx_word' id='word_1_207' title='bbox 251 2302 330 2334; x_wconf 87' lang='lat' dir='ltr'><strong>loco</strong></span> <span class='ocrx_word' id='word_1_208' title='bbox 345 2301 534 2342; x_wconf 80' lang='lat' dir='ltr'><strong>exciderat,</strong></span> <span class='ocrx_word' id='word_1_209' title='bbox 545 2301 625 2343; x_wconf 88' lang='lat' dir='ltr'><strong>quia</strong></span> <span class='ocrx_word' id='word_1_210' title='bbox 637 2310 714 2332; x_wconf 91' lang='lat' dir='ltr'><strong>eum</strong></span> <span class='ocrx_word' id='word_1_211' title='bbox 727 2310 870 2343; x_wconf 86' lang='lat' dir='ltr'><strong>sequens</strong></span> <span class='ocrx_word' id='word_1_212' title='bbox 886 2311 959 2333; x_wconf 84' lang='lat' dir='ltr'><strong>ver·</strong></span> 
     </span>
     <span class='ocr_line' id='line_1_40' title="bbox 252 2351 959 2394; baseline -0.001 -9"><span class='ocrx_word' id='word_1_213' title='bbox 252 2363 309 2386; x_wconf 83' lang='lat' dir='ltr'><strong>sus</strong></span> <span class='ocrx_word' id='word_1_214' title='bbox 323 2353 492 2385; x_wconf 81' lang='lat' dir='ltr'><strong>similibus</strong></span> <span class='ocrx_word' id='word_1_215' title='bbox 515 2352 624 2385; x_wconf 88' lang='lat' dir='ltr'><strong>tribus</strong></span> <span class='ocrx_word' id='word_1_216' title='bbox 640 2351 762 2392; x_wconf 87' lang='lat' dir='ltr'><strong>literis,</strong></span> <span class='ocrx_word' id='word_1_217' title='bbox 780 2353 857 2394; x_wconf 87' lang='lat' dir='ltr'><strong>Fac,</strong></span> <span class='ocrx_word' id='word_1_218' title='bbox 876 2352 959 2384; x_wconf 86' lang='lat' dir='ltr'><strong>inci-</strong></span> 
     </span>
     <span class='ocr_line' id='line_1_41' title="bbox 251 2404 959 2448; baseline -0.001 -10"><span class='ocrx_word' id='word_1_219' title='bbox 251 2406 385 2448; x_wconf 80' lang='lat' dir='ltr'><strong>piebat,</strong></span> <span class='ocrx_word' id='word_1_220' title='bbox 400 2405 580 2447; x_wconf 82' lang='lat' dir='ltr'><strong>postmodo</strong></span> <span class='ocrx_word' id='word_1_221' title='bbox 604 2404 750 2446; x_wconf 84' lang='lat' dir='ltr'><strong>margini</strong></span> <span class='ocrx_word' id='word_1_222' title='bbox 765 2404 959 2447; x_wconf 85' lang='lat' dir='ltr'><strong>adscriptus</strong></span> 
     </span>
     <span class='ocr_line' id='line_1_42' title="bbox 252 2456 960 2498; baseline 0.001 -11"><span class='ocrx_word' id='word_1_223' title='bbox 252 2461 395 2498; x_wconf 80' lang='lat' dir='ltr'><strong>stupore</strong></span> <span class='ocrx_word' id='word_1_224' title='bbox 419 2456 672 2496; x_wconf 84' lang='lat' dir='ltr'><strong>monachorum,</strong></span> <span class='ocrx_word' id='word_1_225' title='bbox 698 2459 735 2487; x_wconf 93' lang='lat' dir='ltr'><strong>et</strong></span> <span class='ocrx_word' id='word_1_226' title='bbox 760 2456 909 2488; x_wconf 76' lang='lat' dir='ltr'><strong>intrusus</strong></span> <span class='ocrx_word' id='word_1_227' title='bbox 924 2456 960 2488; x_wconf 91' lang='lat' dir='ltr'><strong>in</strong></span> 
     </span>
     <span class='ocr_line' id='line_1_43' title="bbox 250 2507 602 2540; baseline 0.003 -1"><span class='ocrx_word' id='word_1_228' title='bbox 250 2507 345 2540; x_wconf 85' lang='lat' dir='ltr'><strong>illam</strong></span> <span class='ocrx_word' id='word_1_229' title='bbox 361 2507 489 2539; x_wconf 80' lang='lat' dir='ltr'><strong>sedem.</strong></span> <span class='ocrx_word' id='word_1_230' title='bbox 515 2507 602 2540; x_wconf 81' lang='lat' dir='ltr'><strong>Gud.</strong></span> 
     </span>
    </p>

    <p class='ocr_par' dir='ltr' id='par_1_5' title="bbox 252 2557 962 2903">
     <span class='ocr_line' id='line_1_44' title="bbox 296 2557 959 2599; baseline 0 -9"><span class='ocrx_word' id='word_1_231' title='bbox 296 2557 409 2590; x_wconf 80' lang='lat' dir='ltr'><strong>Subito</strong></span> <span class='ocrx_word' id='word_1_232' title='bbox 423 2561 565 2590; x_wconf 80' lang='lat' dir='ltr'><strong>mutatur</strong></span> <span class='ocrx_word' id='word_1_233' title='bbox 579 2557 661 2599; x_wconf 83' lang='lat' dir='ltr'><strong>dies]</strong></span> <span class='ocrx_word' id='word_1_234' title='bbox 684 2558 747 2598; x_wconf 84' lang='lat' dir='ltr'><strong>Tu,</strong></span> <span class='ocrx_word' id='word_1_235' title='bbox 762 2557 959 2590; x_wconf 86' lang='lat' dir='ltr'><strong>Rittershu-</strong></span> 
     </span>
     <span class='ocr_line' id='line_1_45' title="bbox 253 2608 961 2648; baseline 0.001 -8"><span class='ocrx_word' id='word_1_236' title='bbox 253 2608 295 2646; x_wconf 84' lang='lat' dir='ltr'><strong>si,</strong></span> <span class='ocrx_word' id='word_1_237' title='bbox 321 2608 519 2641; x_wconf 84' lang='lat' dir='ltr'><strong>anacoluthi</strong></span> <span class='ocrx_word' id='word_1_238' title='bbox 549 2609 679 2640; x_wconf 86' lang='lat' dir='ltr'><strong>veritus</strong></span> <span class='ocrx_word' id='word_1_239' title='bbox 703 2609 822 2648; x_wconf 83' lang='lat' dir='ltr'><strong>mavis,</strong></span> <span class='ocrx_word' id='word_1_240' title='bbox 843 2613 961 2641; x_wconf 82' lang='lat' dir='ltr'><strong>mutato</strong></span> 
     </span>
     <span class='ocr_line' id='line_1_46' title="bbox 252 2659 961 2701; baseline 0.001 -11"><span class='ocrx_word' id='word_1_241' title='bbox 252 2661 316 2691; x_wconf 84' lang='lat' dir='ltr'><strong>die.</strong></span> <span class='ocrx_word' id='word_1_242' title='bbox 361 2659 442 2691; x_wconf 90' lang='lat' dir='ltr'><strong>Non</strong></span> <span class='ocrx_word' id='word_1_243' title='bbox 466 2659 565 2700; x_wconf 88' lang='lat' dir='ltr'><strong>male,</strong></span> <span class='ocrx_word' id='word_1_244' title='bbox 591 2659 657 2691; x_wconf 89' lang='lat' dir='ltr'><strong>nisi</strong></span> <span class='ocrx_word' id='word_1_245' title='bbox 672 2659 762 2701; x_wconf 89' lang='lat' dir='ltr'><strong>quod</strong></span> <span class='ocrx_word' id='word_1_246' title='bbox 786 2659 924 2691; x_wconf 90' lang='lat' dir='ltr'><strong>minime</strong></span> <span class='ocrx_word' id='word_1_247' title='bbox 941 2670 961 2691; x_wconf 88' lang='lat' dir='ltr'><strong>a</strong></span> 
     </span>
     <span class='ocr_line' id='line_1_47' title="bbox 254 2709 961 2751; baseline 0 -10"><span class='ocrx_word' id='word_1_248' title='bbox 254 2710 363 2742; x_wconf 88' lang='lat' dir='ltr'><strong>ductu</strong></span> <span class='ocrx_word' id='word_1_249' title='bbox 387 2709 581 2741; x_wconf 83' lang='lat' dir='ltr'><strong>litterarum</strong></span> <span class='ocrx_word' id='word_1_250' title='bbox 613 2709 753 2741; x_wconf 85' lang='lat' dir='ltr'><strong>devians</strong></span> <span class='ocrx_word' id='word_1_251' title='bbox 773 2710 873 2751; x_wconf 84' lang='lat' dir='ltr'><strong>malo,</strong></span> <span class='ocrx_word' id='word_1_252' title='bbox 895 2720 961 2741; x_wconf 82' lang='lat' dir='ltr'><strong>mu-</strong></span> 
     </span>
     <span class='ocr_line' id='line_1_48' title="bbox 253 2759 962 2798; baseline 0.003 -7"><span class='ocrx_word' id='word_1_253' title='bbox 253 2763 341 2798; x_wconf 73' lang='lat' dir='ltr'><strong>tatus</strong></span> <span class='ocrx_word' id='word_1_254' title='bbox 365 2759 451 2792; x_wconf 79' lang='lat' dir='ltr'><strong>dies.-</strong></span> <span class='ocrx_word' id='word_1_255' title='bbox 486 2760 663 2792; x_wconf 80' lang='lat' dir='ltr'><strong>subintell.</strong></span> <span class='ocrx_word' id='word_1_256' title='bbox 687 2759 777 2793; x_wconf 82' lang='lat' dir='ltr'><strong>fuit:</strong></span> <span class='ocrx_word' id='word_1_257' title='bbox 812 2766 850 2793; x_wconf 92' lang='lat' dir='ltr'><strong>ut</strong></span> <span class='ocrx_word' id='word_1_258' title='bbox 874 2762 962 2793; x_wconf 84' lang='lat' dir='ltr'><strong>solet</strong></span> 
     </span>
     <span class='ocr_line' id='line_1_49' title="bbox 256 2811 961 2844; baseline 0.003 -2"><span class='ocrx_word' id='word_1_259' title='bbox 256 2811 425 2843; x_wconf 78' lang='lat' dir='ltr'><strong>Phaedrus</strong></span> <span class='ocrx_word' id='word_1_260' title='bbox 456 2814 545 2843; x_wconf 82' lang='lat' dir='ltr'><strong>tuns.</strong></span> <span class='ocrx_word' id='word_1_261' title='bbox 584 2811 616 2843; x_wconf 87' lang='lat' dir='ltr'><strong><em>R</em></strong></span> <span class='ocrx_word' id='word_1_262' title='bbox 646 2815 683 2843; x_wconf 88' lang='lat' dir='ltr'><strong>et</strong></span> <span class='ocrx_word' id='word_1_263' title='bbox 710 2811 738 2843; x_wconf 80' lang='lat' dir='ltr'><em>S</em></span> <span class='ocrx_word' id='word_1_264' title='bbox 762 2812 961 2844; x_wconf 78' lang='lat' dir='ltr'><strong>charactere</strong></span> 
     </span>
     <span class='ocr_line' id='line_1_50' title="bbox 257 2861 961 2903; baseline 0.003 -9"><span class='ocrx_word' id='word_1_265' title='bbox 257 2861 519 2903; x_wconf 81' lang='lat' dir='ltr'><strong>Longobardico</strong></span> <span class='ocrx_word' id='word_1_266' title='bbox 533 2861 616 2895; x_wconf 86' lang='lat' dir='ltr'><strong>nihil</strong></span> <span class='ocrx_word' id='word_1_267' title='bbox 631 2862 820 2896; x_wconf 86' lang='lat' dir='ltr'><strong>divortunt.</strong></span> <span class='ocrx_word' id='word_1_268' title='bbox 864 2863 961 2896; x_wconf 86' lang='lat' dir='ltr'><strong>Divi-</strong></span> 
     </span>
    </p>
   </div>
   <div class='ocr_carea' id='block_1_2' title="bbox 701 251 1228 292">
    <p class='ocr_par' dir='ltr' id='par_1_6' title="bbox 701 251 1228 292">
     <span class='ocr_line' id='line_1_51' title="bbox 701 251 1228 292; baseline 0.002 -2"><span class='ocrx_word' id='word_1_269' title='bbox 701 259 846 291; x_wconf 77' lang='lat' dir='ltr'>NOTAE</span> <span class='ocrx_word' id='word_1_270' title='bbox 879 251 1143 292; x_wconf 70' lang='lat' dir='ltr'><strong>vAnioR‘UM</strong></span> <span class='ocrx_word' id='word_1_271' title='bbox 1177 260 1228 291; x_wconf 76' lang='grc' dir='ltr'><strong>ιΝ</strong></span> 
     </span>
    </p>
   </div>
   <div class='ocr_carea' id='block_1_3' title="bbox 995 354 1715 2895">
    <p class='ocr_par' dir='ltr' id='par_1_7' title="bbox 995 354 1706 1217">
     <span class='ocr_line' id='line_1_52' title="bbox 998 354 1701 398; baseline 0.007 -12"><span class='ocrx_word' id='word_1_272' title='bbox 998 354 1121 387; x_wconf 85' lang='lat' dir='ltr'><strong>naham</strong></span> <span class='ocrx_word' id='word_1_273' title='bbox 1137 365 1294 398; x_wconf 81' lang='lat' dir='ltr'><strong>quoque:</strong></span> <span class='ocrx_word' id='word_1_274' title='bbox 1324 355 1429 388; x_wconf 76' lang='lat' dir='ltr'><strong>subito</strong></span> <span class='ocrx_word' id='word_1_275' title='bbox 1441 359 1545 389; x_wconf 71' lang='lat' dir='ltr'><strong>mutat</strong></span> <span class='ocrx_word' id='word_1_276' title='bbox 1565 355 1701 391; x_wconf 56' lang='lat' dir='ltr'><strong>ueste.-</strong></span> 
     </span>
     <span class='ocr_line' id='line_1_53' title="bbox 999 406 1700 448; baseline 0.007 -11"><span class='ocrx_word' id='word_1_277' title='bbox 999 406 1048 438; x_wconf 91' lang='lat' dir='ltr'><strong>Ut</strong></span> <span class='ocrx_word' id='word_1_278' title='bbox 1063 406 1118 438; x_wconf 83' lang='lat' dir='ltr'><strong>vel</strong></span> <span class='ocrx_word' id='word_1_279' title='bbox 1133 411 1311 448; x_wconf 82' lang='lat' dir='ltr'><strong>postquam</strong></span> <span class='ocrx_word' id='word_1_280' title='bbox 1332 407 1405 440; x_wconf 84' lang='lat' dir='ltr'><strong>dies</strong></span> <span class='ocrx_word' id='word_1_281' title='bbox 1428 407 1574 441; x_wconf 79' lang='lat' dir='ltr'><strong>mutavit</strong></span> <span class='ocrx_word' id='word_1_282' title='bbox 1589 407 1634 442; x_wconf 73' lang='lat' dir='ltr'><strong>ad</strong></span> <span class='ocrx_word' id='word_1_283' title='bbox 1647 417 1700 442; x_wconf 70' lang='lat' dir='ltr'><strong>ae·</strong></span> 
     </span>
     <span class='ocr_line' id='line_1_54' title="bbox 999 456 1702 500; baseline 0.006 -12"><span class='ocrx_word' id='word_1_284' title='bbox 999 465 1113 489; x_wconf 85' lang='lat' dir='ltr'><strong>renam</strong></span> <span class='ocrx_word' id='word_1_285' title='bbox 1129 456 1266 490; x_wconf 81' lang='lat' dir='ltr'><strong>faciem.</strong></span> <span class='ocrx_word' id='word_1_286' title='bbox 1289 458 1443 499; x_wconf 74' lang='lat' dir='ltr'><strong>Mutavit,</strong></span> <span class='ocrx_word' id='word_1_287' title='bbox 1458 467 1534 500; x_wconf 84' lang='lat' dir='ltr'><strong>pro,</strong></span> <span class='ocrx_word' id='word_1_288' title='bbox 1550 461 1702 492; x_wconf 71' lang='lat' dir='ltr'><strong>mamus</strong></span> 
     </span>
     <span class='ocr_line' id='line_1_55' title="bbox 1000 507 1703 552; baseline 0.004 -13"><span class='ocrx_word' id='word_1_289' title='bbox 1000 511 1065 548; x_wconf 81' lang='lat' dir='ltr'><strong>est,</strong></span> <span class='ocrx_word' id='word_1_290' title='bbox 1093 507 1189 550; x_wconf 85' lang='lat' dir='ltr'><strong>cujus</strong></span> <span class='ocrx_word' id='word_1_291' title='bbox 1212 508 1310 550; x_wconf 77' lang='lat' dir='ltr'><strong>plura</strong></span> <span class='ocrx_word' id='word_1_292' title='bbox 1334 509 1494 552; x_wconf 81' lang='lat' dir='ltr'><strong>exempla</strong></span> <span class='ocrx_word' id='word_1_293' title='bbox 1515 509 1551 542; x_wconf 90' lang='lat' dir='ltr'><strong>in</strong></span> <span class='ocrx_word' id='word_1_294' title='bbox 1574 509 1703 542; x_wconf 77' lang='lat' dir='ltr'><strong>Verisi-</strong></span> 
     </span>
     <span class='ocr_line' id='line_1_56' title="bbox 999 558 1700 602; baseline 0.004 -12"><span class='ocrx_word' id='word_1_295' title='bbox 999 559 1070 591; x_wconf 89' lang='lat' dir='ltr'><strong>mil.</strong></span> <span class='ocrx_word' id='word_1_296' title='bbox 1095 558 1154 591; x_wconf 92' lang='lat' dir='ltr'><strong>lib.</strong></span> <span class='ocrx_word' id='word_1_297' title='bbox 1180 567 1236 593; x_wconf 81' lang='grc' dir='ltr'><strong>ιιι.</strong></span> <span class='ocrx_word' id='word_1_298' title='bbox 1261 561 1295 591; x_wconf 82' lang='grc'><strong>8.</strong></span> <span class='ocrx_word' id='word_1_299' title='bbox 1326 558 1451 602; x_wconf 73' lang='lat' dir='ltr'><strong>Schiop.</strong></span> <span class='ocrx_word' id='word_1_300' title='bbox 1494 559 1700 602; x_wconf 82' lang='lat' dir='ltr'><strong>Suspectum</strong></span> 
     </span>
     <span class='ocr_line' id='line_1_57' title="bbox 999 609 1703 654; baseline 0.004 -12"><span class='ocrx_word' id='word_1_301' title='bbox 999 609 1114 642; x_wconf 90' lang='lat' dir='ltr'><strong>mendi</strong></span> <span class='ocrx_word' id='word_1_302' title='bbox 1135 610 1246 642; x_wconf 86' lang='lat' dir='ltr'><strong>locum</strong></span> <span class='ocrx_word' id='word_1_303' title='bbox 1261 609 1350 642; x_wconf 79' lang='lat' dir='ltr'><strong>hunc</strong></span> <span class='ocrx_word' id='word_1_304' title='bbox 1363 610 1492 646; x_wconf 69' lang='lat' dir='ltr'><strong>liabent</strong></span> <span class='ocrx_word' id='word_1_305' title='bbox 1516 611 1581 645; x_wconf 81' lang='lat' dir='ltr'><strong>viri</strong></span> <span class='ocrx_word' id='word_1_306' title='bbox 1593 611 1703 654; x_wconf 72' lang='lat' dir='ltr'><strong>docti,</strong></span> 
     </span>
     <span class='ocr_line' id='line_1_58' title="bbox 1000 661 1702 706; baseline 0.006 -14"><span class='ocrx_word' id='word_1_307' title='bbox 1000 665 1036 693; x_wconf 89' lang='lat' dir='ltr'><strong>et</strong></span> <span class='ocrx_word' id='word_1_308' title='bbox 1048 665 1161 693; x_wconf 82' lang='lat' dir='ltr'><strong>recte:</strong></span> <span class='ocrx_word' id='word_1_309' title='bbox 1179 661 1364 704; x_wconf 83' lang='lat' dir='ltr'><strong>placetque</strong></span> <span class='ocrx_word' id='word_1_310' title='bbox 1373 662 1702 706; x_wconf 53' lang='lat' dir='ltr'><strong>emend-nosem-</strong></span> 
     </span>
     <span class='ocr_line' id='line_1_59' title="bbox 1001 706 1702 752; baseline 0.004 -9"><span class='ocrx_word' id='word_1_311' title='bbox 1001 711 1069 752; x_wconf 86' lang='lat' dir='ltr'><strong>pii:</strong></span> <span class='ocrx_word' id='word_1_312' title='bbox 1094 711 1195 743; x_wconf 69' lang='lat' dir='ltr'><strong>subito</strong></span> <span class='ocrx_word' id='word_1_313' title='bbox 1208 714 1308 743; x_wconf 78' lang='lat' dir='ltr'><strong>mutat</strong></span> <span class='ocrx_word' id='word_1_314' title='bbox 1323 714 1359 743; x_wconf 78' lang='lat' dir='ltr'><strong>ut</strong></span> <span class='ocrx_word' id='word_1_315' title='bbox 1372 706 1451 747; x_wconf 67' lang='lat' dir='ltr'><strong>dieu.</strong></span> <span class='ocrx_word' id='word_1_316' title='bbox 1481 711 1571 747; x_wconf 70' lang='lat' dir='ltr'><strong>Mihi</strong></span> <span class='ocrx_word' id='word_1_317' title='bbox 1585 717 1702 750; x_wconf 72' lang='lat' dir='ltr'><strong>umen</strong></span> 
     </span>
     <span class='ocr_line' id='line_1_60' title="bbox 1000 763 1703 798; baseline 0.006 -4"><span class='ocrx_word' id='word_1_318' title='bbox 1000 763 1036 794; x_wconf 87' lang='lat' dir='ltr'><strong>in</strong></span> <span class='ocrx_word' id='word_1_319' title='bbox 1061 767 1209 796; x_wconf 78' lang='lat' dir='ltr'><strong>mentem</strong></span> <span class='ocrx_word' id='word_1_320' title='bbox 1236 763 1410 796; x_wconf 79' lang='lat' dir='ltr'><strong>veniebat:</strong></span> <span class='ocrx_word' id='word_1_321' title='bbox 1443 763 1485 797; x_wconf 74' lang='lat' dir='ltr'><strong>F.</strong></span> <span class='ocrx_word' id='word_1_322' title='bbox 1507 773 1541 797; x_wconf 79' lang='lat' dir='ltr'><strong>a.</strong></span> <span class='ocrx_word' id='word_1_323' title='bbox 1563 772 1703 798; x_wconf 69' lang='lat' dir='ltr'><strong>mnam</strong></span> 
     </span>
     <span class='ocr_line' id='line_1_61' title="bbox 1000 813 1704 848; baseline 0.004 -3"><span class='ocrx_word' id='word_1_324' title='bbox 1000 813 1054 846; x_wconf 80' lang='lat' dir='ltr'><strong>ubi</strong></span> <span class='ocrx_word' id='word_1_325' title='bbox 1068 817 1274 846; x_wconf 76' lang='lat' dir='ltr'><strong>commutatur</strong></span> <span class='ocrx_word' id='word_1_326' title='bbox 1300 814 1378 848; x_wconf 74' lang='lat' dir='ltr'><strong>dies.</strong></span> <span class='ocrx_word' id='word_1_327' title='bbox 1422 813 1613 848; x_wconf 67' lang='lat' dir='ltr'><strong>Arbitrium</strong></span> <span class='ocrx_word' id='word_1_328' title='bbox 1629 818 1704 848; x_wconf 67' lang='lat' dir='ltr'><strong>uto</strong></span> 
     </span>
     <span class='ocr_line' id='line_1_62' title="bbox 1002 866 1705 910; baseline 0.004 -12"><span class='ocrx_word' id='word_1_329' title='bbox 1002 876 1108 908; x_wconf 78' lang='lat' dir='ltr'><strong>penes</strong></span> <span class='ocrx_word' id='word_1_330' title='bbox 1137 866 1332 900; x_wconf 83' lang='lat' dir='ltr'><strong>Lectorem.</strong></span> <span class='ocrx_word' id='word_1_331' title='bbox 1366 867 1488 900; x_wconf 74' lang='lat' dir='ltr'><strong>Mean.</strong></span> <span class='ocrx_word' id='word_1_332' title='bbox 1533 867 1642 910; x_wconf 63' lang='lat' dir='ltr'><strong>Lege,</strong></span> <span class='ocrx_word' id='word_1_333' title='bbox 1667 871 1705 901; x_wconf 60' lang='grc' dir='ltr'><strong>ιβ</strong></span> 
     </span>
     <span class='ocr_line' id='line_1_63' title="bbox 1001 917 1705 953; baseline 0.006 -4"><span class='ocrx_word' id='word_1_334' title='bbox 1001 918 1103 950; x_wconf 72' lang='lat' dir='ltr'><strong>subito</strong></span> <span class='ocrx_word' id='word_1_335' title='bbox 1138 921 1284 950; x_wconf 81' lang='lat' dir='ltr'><strong>mutatur</strong></span> <span class='ocrx_word' id='word_1_336' title='bbox 1314 918 1392 950; x_wconf 73' lang='lat' dir='ltr'><strong>dies.</strong></span> <span class='ocrx_word' id='word_1_337' title='bbox 1429 917 1551 951; x_wconf 69' lang='lat' dir='ltr'><strong>Heius.</strong></span> <span class='ocrx_word' id='word_1_338' title='bbox 1609 918 1705 953; x_wconf 77' lang='lat' dir='ltr'><strong>Nihil</strong></span> 
     </span>
     <span class='ocr_line' id='line_1_64' title="bbox 1001 968 1703 1012; baseline 0.003 -11"><span class='ocrx_word' id='word_1_339' title='bbox 1001 979 1135 1012; x_wconf 85' lang='lat' dir='ltr'><strong>quoque</strong></span> <span class='ocrx_word' id='word_1_340' title='bbox 1165 978 1243 1002; x_wconf 87' lang='lat' dir='ltr'><strong>cum</strong></span> <span class='ocrx_word' id='word_1_341' title='bbox 1271 968 1448 1002; x_wconf 80' lang='lat' dir='ltr'><strong>scheffero</strong></span> <span class='ocrx_word' id='word_1_342' title='bbox 1484 974 1593 1012; x_wconf 77' lang='lat' dir='ltr'><strong>muto,</strong></span> <span class='ocrx_word' id='word_1_343' title='bbox 1625 979 1703 1003; x_wconf 83' lang='lat' dir='ltr'><strong>cum</strong></span> 
     </span>
     <span class='ocr_line' id='line_1_65' title="bbox 1002 1021 1705 1063; baseline 0.004 -12"><span class='ocrx_word' id='word_1_344' title='bbox 1002 1029 1122 1052; x_wconf 77' lang='lat' dir='ltr'><strong>sensus</strong></span> <span class='ocrx_word' id='word_1_345' title='bbox 1138 1021 1221 1053; x_wconf 78' lang='lat' dir='ltr'><strong>satis</strong></span> <span class='ocrx_word' id='word_1_346' title='bbox 1237 1025 1388 1062; x_wconf 82' lang='lat' dir='ltr'><strong>constet,</strong></span> <span class='ocrx_word' id='word_1_347' title='bbox 1413 1030 1525 1063; x_wconf 81' lang='lat' dir='ltr'><strong>neque</strong></span> <span class='ocrx_word' id='word_1_348' title='bbox 1543 1021 1705 1063; x_wconf 14' lang='lat' dir='ltr'><strong>*opos-hie</strong></span> 
     </span>
     <span class='ocr_line' id='line_1_66' title="bbox 1001 1070 1703 1114; baseline 0.003 -12"><span class='ocrx_word' id='word_1_349' title='bbox 1001 1073 1102 1104; x_wconf 77' lang='lat' dir='ltr'><strong>mutae</strong></span> <span class='ocrx_word' id='word_1_350' title='bbox 1132 1081 1207 1113; x_wconf 89' lang='lat' dir='ltr'><strong>pro,</strong></span> <span class='ocrx_word' id='word_1_351' title='bbox 1233 1076 1387 1107; x_wconf 76' lang='lat' dir='ltr'><strong>mutatur</strong></span> <span class='ocrx_word' id='word_1_352' title='bbox 1414 1081 1561 1114; x_wconf 70' lang='lat' dir='ltr'><strong>capere:</strong></span> <span class='ocrx_word' id='word_1_353' title='bbox 1599 1070 1703 1105; x_wconf 76' lang='lat' dir='ltr'><strong>ovid.</strong></span> 
     </span>
     <span class='ocr_line' id='line_1_67' title="bbox 1002 1122 1706 1169; baseline 0.004 -15"><span class='ocrx_word' id='word_1_354' title='bbox 1002 1123 1069 1164; x_wconf 89' lang='lat' dir='ltr'><strong>Ep.</strong></span> <span class='ocrx_word' id='word_1_355' title='bbox 1094 1131 1174 1155; x_wconf 73' lang='lat' dir='ltr'><strong>nx.</strong></span> <span class='ocrx_word' id='word_1_356' title='bbox 1197 1126 1251 1157; x_wconf 90' lang='grc'><strong>77.</strong></span> <span class='ocrx_word' id='word_1_357' title='bbox 1283 1124 1294 1142; x_wconf 88' lang='lat'><strong>‘</strong></span> <span class='ocrx_word' id='word_1_358' title='bbox 1311 1122 1361 1156; x_wconf 89' lang='lat' dir='ltr'><strong>At</strong></span> <span class='ocrx_word' id='word_1_359' title='bbox 1387 1123 1460 1169; x_wconf 64' lang='lat' dir='ltr'><strong>aito</strong></span> <span class='ocrx_word' id='word_1_360' title='bbox 1487 1127 1623 1157; x_wconf 71' lang='lat' dir='ltr'><strong>mutata</strong></span> <span class='ocrx_word' id='word_1_361' title='bbox 1648 1127 1706 1157; x_wconf 73' lang='lat' dir='ltr'><strong>est</strong></span> 
     </span>
     <span class='ocr_line' id='line_1_68' title="bbox 995 1173 1449 1217; baseline 0.004 -11"><span class='ocrx_word' id='word_1_362' title='bbox 995 1174 1122 1216; x_wconf 78' lang='lat' dir='ltr'><strong>jactati</strong></span> <span class='ocrx_word' id='word_1_363' title='bbox 1137 1173 1247 1207; x_wconf 87' lang='lat' dir='ltr'><strong>forma</strong></span> <span class='ocrx_word' id='word_1_364' title='bbox 1262 1173 1449 1217; x_wconf 59' lang='lat' dir='ltr'><strong>profundi?</strong></span> 
     </span>
    </p>

    <p class='ocr_par' dir='ltr' id='par_1_8' title="bbox 1001 1225 1708 1523">
     <span class='ocr_line' id='line_1_69' title="bbox 1045 1225 1703 1269; baseline 0.005 -12"><span class='ocrx_word' id='word_1_365' title='bbox 1045 1225 1197 1258; x_wconf 76' lang='lat' dir='ltr'><strong>Mutatur</strong></span> <span class='ocrx_word' id='word_1_366' title='bbox 1220 1226 1303 1268; x_wconf 75' lang='lat' dir='ltr'><strong>dies]</strong></span> <span class='ocrx_word' id='word_1_367' title='bbox 1332 1227 1418 1269; x_wconf 80' lang='lat' dir='ltr'><strong>Leg.</strong></span> <span class='ocrx_word' id='word_1_368' title='bbox 1431 1225 1536 1260; x_wconf 70' lang='lat' dir='ltr'><strong>subito</strong></span> <span class='ocrx_word' id='word_1_369' title='bbox 1548 1228 1586 1260; x_wconf 69' lang='lat' dir='ltr'><strong>ut</strong></span> <span class='ocrx_word' id='word_1_370' title='bbox 1598 1229 1703 1260; x_wconf 68' lang='lat' dir='ltr'><strong>nna·-</strong></span> 
     </span>
     <span class='ocr_line' id='line_1_70' title="bbox 1001 1278 1706 1319; baseline 0.001 -9"><span class='ocrx_word' id='word_1_371' title='bbox 1001 1280 1076 1316; x_wconf 57' lang='lat' dir='ltr'><strong>tum</strong></span> <span class='ocrx_word' id='word_1_372' title='bbox 1108 1282 1182 1319; x_wconf 85' lang='lat' dir='ltr'><strong>aut,</strong></span> <span class='ocrx_word' id='word_1_373' title='bbox 1206 1278 1311 1311; x_wconf 75' lang='lat' dir='ltr'><strong>subito</strong></span> <span class='ocrx_word' id='word_1_374' title='bbox 1332 1281 1453 1311; x_wconf 74' lang='lat' dir='ltr'><strong>mutato</strong></span> <span class='ocrx_word' id='word_1_375' title='bbox 1475 1279 1538 1312; x_wconf 75' lang='lat' dir='ltr'><strong>die.</strong></span> <span class='ocrx_word' id='word_1_376' title='bbox 1582 1279 1630 1312; x_wconf 76' lang='lat' dir='ltr'><strong>Et</strong></span> <span class='ocrx_word' id='word_1_377' title='bbox 1654 1278 1706 1311; x_wconf 80' lang='lat' dir='ltr'><strong>ita</strong></span> 
     </span>
     <span class='ocr_line' id='line_1_71' title="bbox 1003 1327 1707 1369; baseline 0.001 -10"><span class='ocrx_word' id='word_1_378' title='bbox 1003 1327 1114 1369; x_wconf 87' lang='lat' dir='ltr'><strong>primo</strong></span> <span class='ocrx_word' id='word_1_379' title='bbox 1144 1337 1244 1361; x_wconf 81' lang='lat' dir='ltr'><strong>versu</strong></span> <span class='ocrx_word' id='word_1_380' title='bbox 1273 1329 1401 1361; x_wconf 85' lang='lat' dir='ltr'><strong>veteris</strong></span> <span class='ocrx_word' id='word_1_381' title='bbox 1434 1328 1569 1362; x_wconf 75' lang='lat' dir='ltr'><strong>codicis</strong></span> <span class='ocrx_word' id='word_1_382' title='bbox 1601 1328 1707 1362; x_wconf 77' lang='lat' dir='ltr'><strong>lectio</strong></span> 
     </span>
     <span class='ocr_line' id='line_1_72' title="bbox 1002 1378 1708 1421; baseline 0.001 -11"><span class='ocrx_word' id='word_1_383' title='bbox 1002 1379 1104 1419; x_wconf 79' lang='lat' dir='ltr'><strong>navis,</strong></span> <span class='ocrx_word' id='word_1_384' title='bbox 1117 1378 1174 1411; x_wconf 89' lang='lat' dir='ltr'><strong>ubi</strong></span> <span class='ocrx_word' id='word_1_385' title='bbox 1190 1379 1293 1421; x_wconf 87' lang='lat' dir='ltr'><strong>vulgo</strong></span> <span class='ocrx_word' id='word_1_386' title='bbox 1318 1379 1404 1421; x_wconf 78' lang='lat' dir='ltr'><strong>navi,</strong></span> <span class='ocrx_word' id='word_1_387' title='bbox 1417 1379 1559 1412; x_wconf 88' lang='lat' dir='ltr'><strong>retineri</strong></span> <span class='ocrx_word' id='word_1_388' title='bbox 1579 1383 1708 1421; x_wconf 86' lang='lat' dir='ltr'><strong>potest,</strong></span> 
     </span>
     <span class='ocr_line' id='line_1_73' title="bbox 1004 1429 1708 1473; baseline 0.001 -12"><span class='ocrx_word' id='word_1_389' title='bbox 1004 1433 1041 1461; x_wconf 90' lang='lat' dir='ltr'><strong>et</strong></span> <span class='ocrx_word' id='word_1_390' title='bbox 1055 1430 1234 1472; x_wconf 78' lang='lat' dir='ltr'><strong>sequentia</strong></span> <span class='ocrx_word' id='word_1_391' title='bbox 1250 1430 1373 1471; x_wconf 82' lang='lat' dir='ltr'><strong>omnia,</strong></span> <span class='ocrx_word' id='word_1_392' title='bbox 1388 1440 1465 1473; x_wconf 79' lang='lat' dir='ltr'><strong>quae</strong></span> <span class='ocrx_word' id='word_1_393' title='bbox 1479 1439 1571 1463; x_wconf 85' lang='lat' dir='ltr'><strong>nunc</strong></span> <span class='ocrx_word' id='word_1_394' title='bbox 1590 1429 1708 1463; x_wconf 79' lang='lat' dir='ltr'><strong>hiulca</strong></span> 
     </span>
     <span class='ocr_line' id='line_1_74' title="bbox 1005 1482 1665 1523; baseline 0.003 -10"><span class='ocrx_word' id='word_1_395' title='bbox 1005 1486 1097 1523; x_wconf 88' lang='lat' dir='ltr'><strong>sunt,</strong></span> <span class='ocrx_word' id='word_1_396' title='bbox 1110 1483 1217 1514; x_wconf 85' lang='lat' dir='ltr'><strong>multo</strong></span> <span class='ocrx_word' id='word_1_397' title='bbox 1232 1483 1354 1515; x_wconf 85' lang='lat' dir='ltr'><strong>melius</strong></span> <span class='ocrx_word' id='word_1_398' title='bbox 1367 1482 1554 1516; x_wconf 73' lang='lat' dir='ltr'><strong>cohaerent.</strong></span> <span class='ocrx_word' id='word_1_399' title='bbox 1579 1482 1665 1515; x_wconf 70' lang='lat' dir='ltr'><strong>Gna.</strong></span> 
     </span>
    </p>

    <p class='ocr_par' dir='ltr' id='par_1_9' title="bbox 1003 1533 1708 1670">
     <span class='ocr_line' id='line_1_75' title="bbox 1047 1533 1708 1575; baseline 0.005 -11"><span class='ocrx_word' id='word_1_400' title='bbox 1047 1533 1197 1564; x_wconf 82' lang='lat' dir='ltr'><strong>Mutatur</strong></span> <span class='ocrx_word' id='word_1_401' title='bbox 1211 1534 1292 1575; x_wconf 80' lang='lat' dir='ltr'><strong>dies]</strong></span> <span class='ocrx_word' id='word_1_402' title='bbox 1317 1534 1353 1566; x_wconf 84' lang='lat' dir='ltr'><strong>F.</strong></span> <span class='ocrx_word' id='word_1_403' title='bbox 1367 1537 1487 1566; x_wconf 74' lang='lat' dir='ltr'><strong>mutato</strong></span> <span class='ocrx_word' id='word_1_404' title='bbox 1500 1533 1564 1575; x_wconf 78' lang='lat' dir='ltr'><strong>die,</strong></span> <span class='ocrx_word' id='word_1_405' title='bbox 1588 1538 1625 1566; x_wconf 89' lang='lat' dir='ltr'><strong>et</strong></span> <span class='ocrx_word' id='word_1_406' title='bbox 1644 1534 1708 1567; x_wconf 90' lang='lat' dir='ltr'><strong>tol-</strong></span> 
     </span>
     <span class='ocr_line' id='line_1_76' title="bbox 1004 1583 1708 1626; baseline 0.004 -11"><span class='ocrx_word' id='word_1_407' title='bbox 1004 1583 1107 1616; x_wconf 87' lang='lat' dir='ltr'><strong>lenda</strong></span> <span class='ocrx_word' id='word_1_408' title='bbox 1122 1584 1201 1616; x_wconf 81' lang='lat' dir='ltr'><strong>hinc</strong></span> <span class='ocrx_word' id='word_1_409' title='bbox 1218 1585 1376 1626; x_wconf 74' lang='lat' dir='ltr'><strong>capitalia</strong></span> <span class='ocrx_word' id='word_1_410' title='bbox 1390 1584 1577 1619; x_wconf 86' lang='lat' dir='ltr'><strong>distinctio.</strong></span> <span class='ocrx_word' id='word_1_411' title='bbox 1610 1583 1708 1618; x_wconf 81' lang='lat' dir='ltr'><strong>Alias</strong></span> 
     </span>
     <span class='ocr_line' id='line_1_77' title="bbox 1003 1634 1410 1670; baseline 0.002 -2"><span class='ocrx_word' id='word_1_412' title='bbox 1003 1634 1210 1669; x_wconf 74' lang='grc' dir='ltr'><strong><em>ἀνακόλουθον</em></strong></span> <span class='ocrx_word' id='word_1_413' title='bbox 1220 1636 1300 1668; x_wconf 83' lang='lat' dir='ltr'><strong>erit.</strong></span> <span class='ocrx_word' id='word_1_414' title='bbox 1323 1636 1410 1670; x_wconf 76' lang='lat' dir='ltr'><strong>Rite.</strong></span> 
     </span>
    </p>

    <p class='ocr_par' dir='ltr' id='par_1_10' title="bbox 1004 1685 1708 1770">
     <span class='ocr_line' id='line_1_78' title="bbox 1046 1685 1708 1730; baseline 0.003 -12"><span class='ocrx_word' id='word_1_415' title='bbox 1046 1689 1068 1718; x_wconf 89' lang='grc'>6</span> <span class='ocrx_word' id='word_1_416' title='bbox 1087 1685 1183 1728; x_wconf 79' lang='lat' dir='ltr'><strong>Tuta]</strong></span> <span class='ocrx_word' id='word_1_417' title='bbox 1207 1687 1311 1719; x_wconf 80' lang='lat' dir='ltr'><strong>Forte</strong></span> <span class='ocrx_word' id='word_1_418' title='bbox 1326 1689 1396 1720; x_wconf 71' lang='lat' dir='ltr'><strong>tuta</strong></span> <span class='ocrx_word' id='word_1_419' title='bbox 1409 1691 1458 1730; x_wconf 73' lang='lat' dir='ltr'><strong>ut,</strong></span> <span class='ocrx_word' id='word_1_420' title='bbox 1473 1687 1531 1720; x_wconf 84' lang='lat' dir='ltr'><strong>vel</strong></span> <span class='ocrx_word' id='word_1_421' title='bbox 1544 1687 1595 1720; x_wconf 74' lang='lat' dir='ltr'><strong>uti</strong></span> <span class='ocrx_word' id='word_1_422' title='bbox 1604 1687 1708 1730; x_wconf 76' lang='lat' dir='ltr'><strong>ooepit.</strong></span> 
     </span>
     <span class='ocr_line' id='line_1_79' title="bbox 1004 1737 1124 1770; baseline 0.008 -1"><span class='ocrx_word' id='word_1_423' title='bbox 1004 1737 1124 1770; x_wconf 86' lang='lat' dir='ltr'><strong>Heins.</strong></span> 
     </span>
    </p>

    <p class='ocr_par' dir='ltr' id='par_1_11' title="bbox 1003 1789 1711 1936">
     <span class='ocr_line' id='line_1_80' title="bbox 1047 1789 1710 1831; baseline 0.006 -11"><span class='ocrx_word' id='word_1_424' title='bbox 1047 1791 1067 1821; x_wconf 90' lang='grc'><strong>7</strong></span> <span class='ocrx_word' id='word_1_425' title='bbox 1092 1789 1223 1830; x_wconf 87' lang='lat' dir='ltr'><strong>[Bentl.</strong></span> <span class='ocrx_word' id='word_1_426' title='bbox 1239 1790 1459 1831; x_wconf 85' lang='lat' dir='ltr'><strong>amplectitur</strong></span> <span class='ocrx_word' id='word_1_427' title='bbox 1482 1800 1559 1824; x_wconf 79' lang='lat' dir='ltr'><strong>eam</strong></span> <span class='ocrx_word' id='word_1_428' title='bbox 1572 1790 1710 1824; x_wconf 75' lang='lat' dir='ltr'><strong>Heinsii</strong></span> 
     </span>
     <span class='ocr_line' id='line_1_81' title="bbox 1003 1836 1711 1884; baseline 0.007 -13"><span class='ocrx_word' id='word_1_429' title='bbox 1003 1836 1203 1880; x_wconf 82' lang='lat' dir='ltr'><strong>lectionem,</strong></span> <span class='ocrx_word' id='word_1_430' title='bbox 1232 1851 1334 1883; x_wconf 86' lang='lat' dir='ltr'><strong>quam</strong></span> <span class='ocrx_word' id='word_1_431' title='bbox 1362 1841 1512 1884; x_wconf 81' lang='lat' dir='ltr'><strong>probant</strong></span> <span class='ocrx_word' id='word_1_432' title='bbox 1542 1842 1646 1877; x_wconf 84' lang='lat' dir='ltr'><strong>Both.</strong></span> <span class='ocrx_word' id='word_1_433' title='bbox 1670 1850 1711 1876; x_wconf 78' lang='lat' dir='ltr'><strong>et</strong></span> 
     </span>
     <span class='ocr_line' id='line_1_82' title="bbox 1006 1890 1582 1936; baseline 0.005 -13"><span class='ocrx_word' id='word_1_434' title='bbox 1006 1890 1230 1932; x_wconf 84' lang='lat' dir='ltr'><strong>Cuningham.</strong></span> <span class='ocrx_word' id='word_1_435' title='bbox 1266 1892 1348 1926; x_wconf 85' lang='lat' dir='ltr'><strong>vid.</strong></span> <span class='ocrx_word' id='word_1_436' title='bbox 1370 1893 1449 1925; x_wconf 79' lang='lat' dir='ltr'><strong>Var.</strong></span> <span class='ocrx_word' id='word_1_437' title='bbox 1468 1893 1582 1936; x_wconf 88' lang='lat' dir='ltr'><strong>Lect.]</strong></span> 
     </span>
    </p>

    <p class='ocr_par' dir='ltr' id='par_1_12' title="bbox 1003 1942 1713 2341">
     <span class='ocr_line' id='line_1_83' title="bbox 1051 1942 1711 1986; baseline 0.006 -13"><span class='ocrx_word' id='word_1_438' title='bbox 1051 1942 1227 1984; x_wconf 80' lang='lat' dir='ltr'><strong>Extollere]</strong></span> <span class='ocrx_word' id='word_1_439' title='bbox 1250 1943 1370 1975; x_wconf 81' lang='lat' dir='ltr'><strong>Elatos</strong></span> <span class='ocrx_word' id='word_1_440' title='bbox 1382 1943 1480 1986; x_wconf 71' lang='lat' dir='ltr'><strong>qiiasi</strong></span> <span class='ocrx_word' id='word_1_441' title='bbox 1495 1948 1532 1976; x_wconf 76' lang='lat' dir='ltr'><strong>et</strong></span> <span class='ocrx_word' id='word_1_442' title='bbox 1547 1943 1711 1986; x_wconf 69' lang='lat' dir='ltr'><strong>superbos</strong></span> 
     </span>
     <span class='ocr_line' id='line_1_84' title="bbox 1006 1993 1710 2037; baseline 0.004 -12"><span class='ocrx_word' id='word_1_443' title='bbox 1006 1993 1166 2035; x_wconf 84' lang='lat' dir='ltr'><strong>reddere,</strong></span> <span class='ocrx_word' id='word_1_444' title='bbox 1179 1998 1340 2037; x_wconf 83' lang='lat' dir='ltr'><strong>tanquam</strong></span> <span class='ocrx_word' id='word_1_445' title='bbox 1355 1995 1439 2027; x_wconf 80' lang='lat' dir='ltr'><strong>nihil</strong></span> <span class='ocrx_word' id='word_1_446' title='bbox 1462 1994 1542 2028; x_wconf 81' lang='lat' dir='ltr'><strong>mali</strong></span> <span class='ocrx_word' id='word_1_447' title='bbox 1565 1994 1710 2037; x_wconf 80' lang='lat' dir='ltr'><strong>amplius</strong></span> 
     </span>
     <span class='ocr_line' id='line_1_85' title="bbox 1007 2043 1712 2086; baseline 0.003 -10"><span class='ocrx_word' id='word_1_448' title='bbox 1007 2049 1123 2086; x_wconf 82' lang='lat' dir='ltr'><strong>posset</strong></span> <span class='ocrx_word' id='word_1_449' title='bbox 1142 2044 1314 2077; x_wconf 79' lang='lat' dir='ltr'><strong>accidere.</strong></span> <span class='ocrx_word' id='word_1_450' title='bbox 1359 2044 1416 2077; x_wconf 85' lang='lat' dir='ltr'><strong>Ita</strong></span> <span class='ocrx_word' id='word_1_451' title='bbox 1431 2045 1522 2078; x_wconf 83' lang='lat' dir='ltr'><strong>enim</strong></span> <span class='ocrx_word' id='word_1_452' title='bbox 1536 2043 1578 2078; x_wconf 78' lang='lat' dir='ltr'><strong>fit</strong></span> <span class='ocrx_word' id='word_1_453' title='bbox 1599 2044 1635 2077; x_wconf 88' lang='lat' dir='ltr'><strong>in</strong></span> <span class='ocrx_word' id='word_1_454' title='bbox 1649 2044 1712 2078; x_wconf 66' lang='lat' dir='ltr'><strong>tali</strong></span> 
     </span>
     <span class='ocr_line' id='line_1_86' title="bbox 1008 2095 1713 2138; baseline 0.003 -11"><span class='ocrx_word' id='word_1_455' title='bbox 1008 2095 1144 2138; x_wconf 86' lang='lat' dir='ltr'><strong>gaudio,</strong></span> <span class='ocrx_word' id='word_1_456' title='bbox 1169 2101 1208 2128; x_wconf 90' lang='lat' dir='ltr'><strong>ut</strong></span> <span class='ocrx_word' id='word_1_457' title='bbox 1230 2096 1265 2128; x_wconf 92' lang='lat' dir='ltr'><strong>in</strong></span> <span class='ocrx_word' id='word_1_458' title='bbox 1291 2100 1387 2130; x_wconf 85' lang='lat' dir='ltr'><strong>metu</strong></span> <span class='ocrx_word' id='word_1_459' title='bbox 1412 2101 1535 2129; x_wconf 82' lang='lat' dir='ltr'><strong>contra</strong></span> <span class='ocrx_word' id='word_1_460' title='bbox 1555 2100 1592 2129; x_wconf 88' lang='lat' dir='ltr'><strong>et</strong></span> <span class='ocrx_word' id='word_1_461' title='bbox 1616 2096 1713 2129; x_wconf 84' lang='lat' dir='ltr'><strong>luctu</strong></span> 
     </span>
     <span class='ocr_line' id='line_1_87' title="bbox 1003 2147 1710 2189; baseline 0.001 -11"><span class='ocrx_word' id='word_1_462' title='bbox 1003 2147 1135 2189; x_wconf 80' lang='lat' dir='ltr'><strong>jacent.</strong></span> <span class='ocrx_word' id='word_1_463' title='bbox 1160 2147 1233 2180; x_wconf 90' lang='lat' dir='ltr'><strong>Cic.</strong></span> <span class='ocrx_word' id='word_1_464' title='bbox 1258 2147 1323 2189; x_wconf 88' lang='lat' dir='ltr'><strong>Ep.</strong></span> <span class='ocrx_word' id='word_1_465' title='bbox 1348 2147 1406 2180; x_wconf 86' lang='lat' dir='ltr'><strong>lib.</strong></span> <span class='ocrx_word' id='word_1_466' title='bbox 1423 2155 1458 2180; x_wconf 81' lang='lat' dir='ltr'><strong>x.</strong></span> <span class='ocrx_word' id='word_1_467' title='bbox 1476 2150 1528 2180; x_wconf 78' lang='lat'><strong>12.</strong></span> <span class='ocrx_word' id='word_1_468' title='bbox 1565 2148 1576 2167; x_wconf 81' lang='lat'><strong><em>⁴</em></strong></span> <span class='ocrx_word' id='word_1_469' title='bbox 1591 2147 1710 2180; x_wconf 89' lang='lat' dir='ltr'><strong>Incre-</strong></span> 
     </span>
     <span class='ocr_line' id='line_1_88' title="bbox 1008 2196 1711 2239; baseline 0.004 -11"><span class='ocrx_word' id='word_1_470' title='bbox 1008 2196 1105 2229; x_wconf 86' lang='lat' dir='ltr'><strong>dibili</strong></span> <span class='ocrx_word' id='word_1_471' title='bbox 1122 2197 1245 2239; x_wconf 88' lang='lat' dir='ltr'><strong>gaudio</strong></span> <span class='ocrx_word' id='word_1_472' title='bbox 1261 2207 1334 2230; x_wconf 86' lang='lat' dir='ltr'><strong>sum</strong></span> <span class='ocrx_word' id='word_1_473' title='bbox 1349 2197 1485 2230; x_wconf 67' lang='lat' dir='ltr'><strong>elatus!</strong></span> <span class='ocrx_word' id='word_1_474' title='bbox 1507 2197 1612 2237; x_wconf 65' lang='lat' dir='ltr'><strong>Schqs.</strong></span> <span class='ocrx_word' id='word_1_475' title='bbox 1633 2198 1711 2232; x_wconf 77' lang='lat' dir='ltr'><strong>Val.</strong></span> 
     </span>
     <span class='ocr_line' id='line_1_89' title="bbox 1009 2249 1713 2283; baseline 0.003 -3"><span class='ocrx_word' id='word_1_476' title='bbox 1009 2249 1101 2281; x_wconf 85' lang='lat' dir='ltr'><strong>Flac.</strong></span> <span class='ocrx_word' id='word_1_477' title='bbox 1117 2258 1169 2281; x_wconf 85' lang='grc' dir='ltr'><strong>ιν.</strong></span> <span class='ocrx_word' id='word_1_478' title='bbox 1183 2251 1215 2281; x_wconf 86' lang='grc'><strong>4.</strong></span> <span class='ocrx_word' id='word_1_479' title='bbox 1246 2249 1257 2267; x_wconf 87' lang='lat'>‘</span> <span class='ocrx_word' id='word_1_480' title='bbox 1272 2249 1321 2281; x_wconf 87' lang='lat' dir='ltr'><strong>Ut</strong></span> <span class='ocrx_word' id='word_1_481' title='bbox 1335 2259 1425 2281; x_wconf 87' lang='lat' dir='ltr'><strong>nova</strong></span> <span class='ocrx_word' id='word_1_482' title='bbox 1445 2258 1536 2282; x_wconf 86' lang='lat' dir='ltr'><strong>nunc</strong></span> <span class='ocrx_word' id='word_1_483' title='bbox 1553 2249 1661 2282; x_wconf 83' lang='lat' dir='ltr'><strong>tacito</strong></span> <span class='ocrx_word' id='word_1_484' title='bbox 1677 2254 1713 2283; x_wconf 80' lang='lat' dir='ltr'><strong>tc</strong></span> 
     </span>
     <span class='ocr_line' id='line_1_90' title="bbox 1009 2299 1455 2341; baseline 0.002 -9"><span class='ocrx_word' id='word_1_485' title='bbox 1009 2303 1151 2341; x_wconf 86' lang='lat' dir='ltr'><strong>pectore</strong></span> <span class='ocrx_word' id='word_1_486' title='bbox 1167 2299 1292 2341; x_wconf 81' lang='lat' dir='ltr'><strong>gaudia</strong></span> <span class='ocrx_word' id='word_1_487' title='bbox 1306 2299 1455 2333; x_wconf 86' lang='lat' dir='ltr'><strong>tollunt.’</strong></span> 
     </span>
    </p>

    <p class='ocr_par' dir='ltr' id='par_1_13' title="bbox 1008 2351 1712 2598">
     <span class='ocr_line' id='line_1_91' title="bbox 1052 2351 1712 2394; baseline 0.003 -10"><span class='ocrx_word' id='word_1_488' title='bbox 1052 2354 1074 2384; x_wconf 85' lang='lat'>8</span> <span class='ocrx_word' id='word_1_489' title='bbox 1108 2351 1227 2384; x_wconf 82' lang='lat' dir='ltr'><strong>Factus</strong></span> <span class='ocrx_word' id='word_1_490' title='bbox 1246 2352 1384 2394; x_wconf 76' lang='lat' dir='ltr'><strong>periculo</strong></span> <span class='ocrx_word' id='word_1_491' title='bbox 1407 2351 1489 2393; x_wconf 83' lang='lat' dir='ltr'><strong>tum]</strong></span> <span class='ocrx_word' id='word_1_492' title='bbox 1523 2352 1593 2384; x_wconf 92' lang='lat' dir='ltr'><strong>Dio</strong></span> <span class='ocrx_word' id='word_1_493' title='bbox 1614 2361 1712 2387; x_wconf 79' lang='lat' dir='ltr'><strong>an.</strong></span> 
     </span>
     <span class='ocr_line' id='line_1_92' title="bbox 1008 2401 1712 2445; baseline 0.001 -11"><span class='ocrx_word' id='word_1_494' title='bbox 1008 2403 1106 2435; x_wconf 76' lang='grc' dir='ltr'>Τοῦτο</span> <span class='ocrx_word' id='word_1_495' title='bbox 1119 2401 1181 2445; x_wconf 74' lang='grc' dir='ltr'><strong>γάρ</strong></span> <span class='ocrx_word' id='word_1_496' title='bbox 1194 2414 1240 2435; x_wconf 74' lang='grc' dir='ltr'><strong>τις</strong></span> <span class='ocrx_word' id='word_1_497' title='bbox 1262 2402 1355 2443; x_wconf 80' lang='grc' dir='ltr'><strong><em>μόνον</em></strong></span> <span class='ocrx_word' id='word_1_498' title='bbox 1366 2404 1430 2435; x_wconf 77' lang='grc' dir='ltr'><strong>τῶν</strong></span> <span class='ocrx_word' id='word_1_499' title='bbox 1451 2405 1553 2435; x_wconf 77' lang='grc' dir='ltr'>κακῶν</span> <span class='ocrx_word' id='word_1_500' title='bbox 1565 2401 1712 2437; x_wconf 65' lang='grc' dir='ltr'><strong>ἀπόναιο</strong></span> 
     </span>
     <span class='ocr_line' id='line_1_93' title="bbox 1008 2452 1711 2495; baseline 0.001 -10"><span class='ocrx_word' id='word_1_501' title='bbox 1008 2452 1046 2485; x_wconf 77' lang='grc' dir='ltr'><strong>τὸ</strong></span> <span class='ocrx_word' id='word_1_502' title='bbox 1060 2452 1156 2493; x_wconf 80' lang='grc' dir='ltr'>μηδὲν</span> <span class='ocrx_word' id='word_1_503' title='bbox 1171 2452 1252 2486; x_wconf 70' lang='grc' dir='ltr'><strong>αὖθις</strong></span> <span class='ocrx_word' id='word_1_504' title='bbox 1265 2453 1368 2494; x_wconf 80' lang='grc' dir='ltr'><strong>ὅμοιον</strong></span> <span class='ocrx_word' id='word_1_505' title='bbox 1391 2453 1480 2495; x_wconf 78' lang='grc' dir='ltr'><strong>σφίσι</strong></span> <span class='ocrx_word' id='word_1_506' title='bbox 1493 2455 1600 2487; x_wconf 77' lang='grc' dir='ltr'>παθεῖν</span> <span class='ocrx_word' id='word_1_507' title='bbox 1610 2452 1711 2495; x_wconf 69' lang='grc' dir='ltr'><strong><em>φνλά-</em></strong></span> 
     </span>
     <span class='ocr_line' id='line_1_94' title="bbox 1008 2505 1712 2548; baseline 0.006 -13"><span class='ocrx_word' id='word_1_508' title='bbox 1008 2506 1128 2544; x_wconf 75' lang='grc' dir='ltr'><strong>ξασθαι.</strong></span> <span class='ocrx_word' id='word_1_509' title='bbox 1158 2505 1238 2538; x_wconf 77' lang='lat' dir='ltr'><strong>vid.</strong></span> <span class='ocrx_word' id='word_1_510' title='bbox 1254 2505 1430 2539; x_wconf 84' lang='lat' dir='ltr'><strong>Ouosand.</strong></span> <span class='ocrx_word' id='word_1_511' title='bbox 1442 2505 1549 2538; x_wconf 76' lang='lat' dir='ltr'><strong>strat.</strong></span> <span class='ocrx_word' id='word_1_512' title='bbox 1565 2515 1642 2548; x_wconf 82' lang='lat' dir='ltr'><strong>cap.</strong></span> <span class='ocrx_word' id='word_1_513' title='bbox 1656 2507 1712 2539; x_wconf 73' lang='lat'><strong>36.</strong></span> 
     </span>
     <span class='ocr_line' id='line_1_95' title="bbox 1010 2558 1090 2598; baseline 0.013 -9"><span class='ocrx_word' id='word_1_514' title='bbox 1010 2558 1090 2598; x_wconf 79' lang='lat' dir='ltr'><strong>Rig.</strong></span> 
     </span>
    </p>

    <p class='ocr_par' dir='ltr' id='par_1_14' title="bbox 1055 2607 1647 2649">
     <span class='ocr_line' id='line_1_96' title="bbox 1055 2607 1647 2649; baseline 0.002 -10"><span class='ocrx_word' id='word_1_515' title='bbox 1055 2608 1214 2649; x_wconf 79' lang='lat' dir='ltr'><strong>Pericula]</strong></span> <span class='ocrx_word' id='word_1_516' title='bbox 1235 2608 1303 2640; x_wconf 87' lang='lat' dir='ltr'><strong>Ms.</strong></span> <span class='ocrx_word' id='word_1_517' title='bbox 1316 2608 1457 2649; x_wconf 75' lang='lat' dir='ltr'><strong>periculo</strong></span> <span class='ocrx_word' id='word_1_518' title='bbox 1469 2607 1521 2640; x_wconf 76' lang='lat' dir='ltr'><strong>sis.</strong></span> <span class='ocrx_word' id='word_1_519' title='bbox 1553 2607 1647 2641; x_wconf 81' lang='lat' dir='ltr'><strong>Gud.</strong></span> 
     </span>
    </p>

    <p class='ocr_par' dir='ltr' id='par_1_15' title="bbox 1010 2658 1715 2895">
     <span class='ocr_line' id='line_1_97' title="bbox 1056 2658 1714 2701; baseline 0.005 -12"><span class='ocrx_word' id='word_1_520' title='bbox 1056 2658 1212 2699; x_wconf 76' lang='lat' dir='ltr'><strong>Pericula]</strong></span> <span class='ocrx_word' id='word_1_521' title='bbox 1238 2659 1274 2690; x_wconf 89' lang='lat' dir='ltr'><strong>F.</strong></span> <span class='ocrx_word' id='word_1_522' title='bbox 1287 2660 1415 2700; x_wconf 81' lang='lat' dir='ltr'><strong>periclo,</strong></span> <span class='ocrx_word' id='word_1_523' title='bbox 1437 2663 1604 2701; x_wconf 83' lang='lat' dir='ltr'><strong>utsupra.</strong></span> <span class='ocrx_word' id='word_1_524' title='bbox 1650 2661 1714 2693; x_wconf 83' lang='lat' dir='ltr'><strong>Est</strong></span> 
     </span>
     <span class='ocr_line' id='line_1_98' title="bbox 1010 2709 1715 2750; baseline -0.001 -9"><span class='ocrx_word' id='word_1_525' title='bbox 1010 2714 1124 2741; x_wconf 87' lang='lat' dir='ltr'><strong>autem</strong></span> <span class='ocrx_word' id='word_1_526' title='bbox 1149 2709 1214 2741; x_wconf 87' lang='lat' dir='ltr'><strong>hoc</strong></span> <span class='ocrx_word' id='word_1_527' title='bbox 1228 2710 1438 2742; x_wconf 82' lang='lat' dir='ltr'><strong>sententiose</strong></span> <span class='ocrx_word' id='word_1_528' title='bbox 1464 2710 1607 2750; x_wconf 82' lang='lat' dir='ltr'><strong>dictum,</strong></span> <span class='ocrx_word' id='word_1_529' title='bbox 1633 2711 1715 2743; x_wconf 73' lang='lat' dir='ltr'><strong>allu-</strong></span> 
     </span>
     <span class='ocr_line' id='line_1_99' title="bbox 1010 2759 1712 2802; baseline 0.003 -11"><span class='ocrx_word' id='word_1_530' title='bbox 1010 2760 1095 2791; x_wconf 84' lang='lat' dir='ltr'><strong>dens</strong></span> <span class='ocrx_word' id='word_1_531' title='bbox 1119 2759 1164 2791; x_wconf 85' lang='lat' dir='ltr'><strong>ad</strong></span> <span class='ocrx_word' id='word_1_532' title='bbox 1185 2760 1277 2792; x_wconf 87' lang='lat' dir='ltr'><strong>-illud</strong></span> <span class='ocrx_word' id='word_1_533' title='bbox 1299 2761 1536 2802; x_wconf 83' lang='lat' dir='ltr'><strong>proverbiale:</strong></span> <span class='ocrx_word' id='word_1_534' title='bbox 1574 2761 1712 2801; x_wconf 73' lang='grc' dir='ltr'><strong>Πληγεὶς</strong></span> 
     </span>
     <span class='ocr_line' id='line_1_100' title="bbox 1010 2809 1711 2855; baseline 0.004 -12"><span class='ocrx_word' id='word_1_535' title='bbox 1010 2809 1115 2843; x_wconf 71' lang='grc' dir='ltr'><strong>ἁλιεὺς</strong></span> <span class='ocrx_word' id='word_1_536' title='bbox 1136 2809 1307 2850; x_wconf 57' lang='lat' dir='ltr'><strong>atomorum,</strong></span> <span class='ocrx_word' id='word_1_537' title='bbox 1333 2812 1478 2844; x_wconf 75' lang='lat' dir='ltr'><strong>Piscator</strong></span> <span class='ocrx_word' id='word_1_538' title='bbox 1498 2813 1580 2847; x_wconf 71' lang='lat' dir='ltr'><strong>ictu</strong></span> <span class='ocrx_word' id='word_1_539' title='bbox 1600 2813 1711 2855; x_wconf 72' lang='lat' dir='ltr'><strong>sapiet.</strong></span> 
     </span>
     <span class='ocr_line' id='line_1_101' title="bbox 1013 2862 1102 2895; baseline 0 -1"><span class='ocrx_word' id='word_1_540' title='bbox 1013 2862 1102 2895; x_wconf 85' lang='lat' dir='ltr'><strong>Ritt.</strong></span> 
     </span>
    </p>
   </div>
  </div>
 </body>
</html>
