1806 3236
411 222 674 256 Rssossssus
710 223 998 256 nmmouum
1046 223 1267 256 pnAEnm.
1502 213 1591 258 ’743

166 349 222 360 -—
238 323 382 369 mes
409 325 460 366 de
487 325 642 366 thdre
671 338 721 366 en
749 325 863 366 Latin
882 331 923 365 et
940 338 992 364 en
1012 325 1208 379 Franpois,
1242 338 1347 376 avec,
1369 324 1440 364 des
1464 324 1592 370 Notes

113 393 350 446 historiquu
367 395 412 432 et
425 390 611 444 critiques
627 392 719 444 (par
737 388 964 431 'Lallemant
983 390 1036 431 de
1067 391 1270 444 Maupas.)
1288 392 1323 431 A
1340 389 1472 440 anle,
1492 389 1591 431 chez

111 451 214 502 Jea'n
232 453 583 511 Schweffghaeuser.
606 463 643 498 8.

169 527 273 570 17⁷2
293 521 475 575 Repetit·
492 521 608 562 Com.
629 521 770 561 Franc.
802 520 1064 562 Mattusohka
1083 520 1224 561 versio.
1252 519 1527 561 Wratislaviae.
1550 527 1590 562 8.

113 603 206 631 cum
225 593 336 628 textu
351 587 440 626 Lat.

171 658 274 702 1775
294 653 428 705 Esope
442 662 492 692 en
504 651 607 692 belle
619 651 799 699 humeur,
813 663 867 690 ou
884 651 1014 691 l'Elite
1028 650 1077 690 de
1095 664 1156 690 ses
1176 650 1316 698 sabla,
1335 650 1525 691 enrichies
1540 649 1593 690 de

112 719 272 774 figures,
291 717 343 759 de
361 717 539 758 discours
556 727 724 756 moraux
750 721 792 756 et
809 715 860 756 de
880 716 1099 770 quatrains‚
1120 715 1350 768 auxquelles
1377 729 1430 755 on
1448 729 1473 755 a
1480 715 1592 767 joint

110 785 168 826 les
185 785 276 838 plus
293 783 416 824 belles
433 782 560 823 fables
578 780 631 821 de
649 781 820 830 Phhdre,
841 782 893 822 de
911 781 1053 836 Pilpai,
1073 787 1113 822 et
1133 781 1185 821 de
1212 781 1293 821 Mr.
1314 780 1364 820 de
1386 780 1426 820 la
1444 781 1592 828 Motte,

110 864 206 891 avec
224 850 282 890 les
301 848 468 889 Devoirs
493 847 546 888 de
574 846 776 888 Phonnete
806 848 990 896 Homme,
1008 850 1086 887 &c.
1119 859 1223 900 pour
1242 846 1365 886 servir
1384 845 1593 886 d'instruc-

112 916 216 957 tions
235 929 313 956 anx
340 927 559 969 personnes
588 913 659 966 qni
689 918 761 954 ont
788 912 813 952 ὲ
843 913 951 954 vivre
975 913 1074 954 dans
1105 913 1142 952 le
1171 911 1296 964 grand
1325 910 1486 960 monde,
1516 923 1593 964 par

112 973 277 1023 Cha'rles
292 981 478 1021 Mouton.
509 980 547 1019 A
563 977 810 1031 Hambourg,
829 978 928 1019 chez
954 979 993 1019 la
1012 991 1139 1019 veuve
1158 975 1326 1018 Herold.
1351 981 1414 1018 12.
1435 990 1472 1017 c.
1490 989 1591 1017 vers.

114 1049 276 1159 &38
297 1111 374 1152 Les
389 1109 478 1163 plus
504 1110 629 1150 belles
657 1109 798 1151 Fables
816 1078 1003 1163 d'Esnpe,
1037 1108 1088 1150 de
1108 1109 1278 1158 Phkdre,
1312 1114 1353 1150 et
1370 1107 1443 1150 des
1462 1111 1593 1148 auu-es

47 1173 51 1176 ⁴
113 1180 300 1227 Autem-s.
331 1177 368 1216 A
389 1174 702 1229 eoppenhague.
723 1181 762 1217 8.
825 1185 829 1187 ·

171 1247 276 1289 1780
295 1239 431 1293 AEsopi
459 1238 706 1280 auserlesene
726 1239 891 1287 Fabeln,
919 1239 993 1279 mit
1011 1238 1277 1293 beygefiigten
1309 1239 1490 1280 Moralen
1510 1238 1592 1279 und

113 1309 257 1349 venen
270 1320 282 1353 ;
300 1303 547 1358 desgleichen
566 1303 632 1344 die
645 1305 783 1344 besten
801 1304 950 1344 Fabeln
965 1303 1036 1344 des
1049 1304 1240 1345 Phaedrus
1253 1304 1334 1344 und
1347 1304 1594 1357 Philelphus.

112 1371 310 1420 Deutsch,
329 1368 515 1410 Polnisch
525 1368 606 1409 und
623 1367 918 1410 Franzoesisch.
935 1370 1165 1419 Warschau,
1181 1371 1220 1411 in
1235 1370 1306 1411 der
1318 1369 1594 1411 Groellischen

115 1437 343 1489 Handlung.
365 1441 405 1477 8.

171 1509 272 1550 1781
294 1502 427 1554 Esope
445 1513 495 1541 en
513 1499 614 1540 belle
629 1500 810 1547 hument,
835 1502 913 1539 διο.
931 1512 1003 1552 par
1022 1499 1188 1541 Chal-les
1202 1501 1388 1541 Mouton.
1420 1502 1458 1540 A
1476 1500 1596 1540 Ham·

114 1571 254 1622 bourg.
277 1573 342 1608 12.
360 1579 398 1606 c.
415 1564 685 1618 figg.--Conf.
705 1578 772 1605 an.
797 1570 916 1613 1775.

171 1639 275 1682 1795
295 1630 502 1680 Phaedrus,
522 1631 607 1671 Lat.
628 1638 670 1671 et
698 1631 807 1671 Gau.
826 1644 865 1671 c.
885 1630 1002 1683 praef.
1036 1631 1097 1671 M.
1117 1631 1162 1672 F.
1184 1630 1362 1683 Soergel.
1382 1631 1536 1671 Cassel.
1554 1636 1592 1672 8.

111 1697 286 1740 -Confi
304 1711 370 1738 an.
395 1701 512 1744 1771.

171 1762 278 1811 1796
290 1762 378 1803 Lat.
396 1767 439 1802 et
457 1760 565 1802 Gall.
584 1760 798 1814 interprete
817 1762 858 1802 J.
878 1762 926 1802 B.
939 1761 1048 1802 Gaii.
1067 1760 1238 1802 Parisiis.
1267 1760 1452 1802 8.—Vid.
1473 1751 1595 1813 supra

114 1829 209 1872 edd.
229 1829 270 1869 h.
288 1841 328 1868 a.

169 1900 273 1936 1805
294 1892 436 1933 Fables
461 1891 512 1932 de
530 1891 700 1941 thdre,
719 1891 948 1932 traduction
970 1891 1154 1932 nouvelle
1183 1905 1279 1932 avec
1299 1891 1368 1932 des
1387 1897 1502 1932 notes
1519 1904 1595 1945 par

112 1962 162 2001 A.
184 1960 229 2000 L.
250 1957 363 1999 Paul.
383 1958 511 2011 Lyon.
531 1961 593 1997 12.
955 1950 960 1956 “

172 2023 277 2066 1806
295 2024 372 2064 Les
391 2021 532 2063 Fables
551 2020 602 2060 de
621 2019 792 2068 thdre,
812 2020 1002 2060 traduites
1021 2034 1071 2061 en
1092 2021 1292 2075 Franpois,
1312 2034 1410 2062 avec
1429 2022 1467 2062 le
1487 2026 1594 2068 texte

112 2090 138 2131 ὲ
157 2090 261 2132 cote.
283 2091 320 2130 A
337 2088 462 2136 Paris,
482 2087 583 2128 chez
604 2084 731 2126 Didot
750 2085 879 2125 l'ainfi.
904 2091 969 2126 18.
990 2091 1015 2126 2
1035 2086 1131 2126 voll.
1152 2096 1189 2126 c.
1210 2092 1298 2127 110.
1320 2085 1414 2139 figg.

171 2161 277 2203 1809
295 2155 370 2195 Les
387 2153 525 2194 rables
542 2152 593 2192 de
608 2149 779 2198 Phsdre,
809 2149 975 2190 divisfies
993 2162 1043 2189 en
1063 2156 1202 2202 quatre
1222 2151 1338 2191 livres
1362 2151 1505 2204 6gaux,
1524 2165 1593 2192 en—

111 2220 256 2262 richies
274 2220 327 2261 de
357 2224 472 2260 notes
491 2223 531 2258 et
549 2216 740 2257 traduites
756 2228 804 2255 en
816 2215 1013 2269 Ἑῐαηςοίε,
1034 2214 1343 2256 οοηΐοηιιέιιιευῐ
1363 2215 1387 2255 ἢ
1417 2215 1592 2257 Γόᾶίῐίοιι

113 2286 252 2328 Latine
289 2285 446 2326 donnes
482 2297 531 2324 en
560 2282 698 2323 faveur
723 2281 792 2321 des
820 2280 1016 2327 studium,
1035 2293 1110 2333 par
1126 2282 1166 2322 J.
1187 2282 1244 2322 G.
1264 2282 1526 2324 Boinvilliers.
1554 2288 1592 2323 A

112 2351 240 2401 Paris,
259 2351 358 2392 chez
376 2348 573 2390 Delalain.
597 2347 834 2390 12.-Conf.
855 2346 959 2388 Edd.
979 2346 1138 2387 Phaedri
1157 2346 1198 2387 h.
1218 2359 1256 2388 a.

168 2446 203 2458 ..
220 2446 232 2458 .
249 2446 259 2457 .
276 2416 485 2465 Phaedrus,
506 2427 531 2454 a
550 2414 692 2455 Franc.
710 2412 805 2453 Nau
841 2413 883 2452 in
902 2412 1087 2453 carminis
1117 2425 1241 2466 genus
1260 2411 1461 2461 redactus,
1481 2411 1591 2466 quod

114 2482 223 2522 Gaui
252 2486 399 2522 vocant
427 2479 697 2528 Vaudevilles,
728 2477 860 2518 editus
888 2478 971 2519 sine
1003 2477 1201 2519 mentione
1234 2477 1328 2518 anni
1346 2483 1388 2518 et
1404 2477 1498 2526 loci,
1516 2476 1593 2527 sub

115 2546 254 2589 titulo:
284 2546 425 2590 Fables
445 2545 495 2586 de
515 2544 668 2585 thdre
687 2550 731 2585 et
743 2543 794 2584 de
812 2543 851 2584 la
869 2543 1072 2594 Fontaine,
1092 2543 1210 2584 mises
1229 2555 1279 2583 en
1298 2542 1565 2583 Vaudeviues.

723 2671 996 2713 ANGLICAE.

174 2757 278 2808 1689
298 2758 548 2813 Mythologia
578 2757 723 2808 ethica,
742 2771 788 2799 or
816 2758 926 2799 three
947 2756 1154 2798 Centuries
1173 2757 1221 2798 of
1234 2756 1420 2810 AEsopian
1452 2754 1593 2796 rables
