1806 3236
202 206 288 250 ΜΕ

202 312 260 344 Ita
275 312 361 355 legit
374 314 496 347 Barth.
509 313 601 346 Adv.
614 323 704 347 xxx.
720 318 773 348 20.
809 315 905 350 Male

199 362 374 404 Rigaltius
389 364 496 396 edidit
510 364 578 396 hoc.
607 364 730 398 Heius.

243 415 310 446 Pro
333 415 414 456 vita]
467 415 631 456 Exagitat
665 415 755 448 hunc
790 416 904 462 locun]

199 464 402 507 Schoppius,
435 465 470 497 in
506 464 634 498 Infam.
663 466 760 499 velut
790 467 912 501 minus

200 520 292 547 esset
302 515 458 549 Latinus.
472 515 601 548 Verum
612 515 753 551 frustra.
779 517 902 551 Cicero

199 564 242 597 de
259 565 373 598 reditu
387 576 449 598 suo
473 565 516 598 ad
533 566 631 600 Quir.
650 576 727 609 cap.
743 570 775 601 7.
809 568 819 586 ‘
836 568 904 601 De-

196 616 302 658 nique
317 616 391 659 ipse
408 617 452 649 ad
468 621 659 650 extremum
675 628 739 660 pro
750 628 827 651 mea
841 629 902 652 vos

195 669 308 702 salute
319 678 387 702 non
396 669 529 712 rogavit
539 670 660 709 solum,
670 680 788 703 verum
800 671 903 704 etiam

195 719 391 752 obsecravit
403 719 427 753 τ’
465 730 565 763 quem
576 721 688 753 locum
711 722 904 755 liberaliter

195 771 369 813 suggessit
381 771 475 804 Nob.
487 771 662 805 Heinsius.
686 773 754 806 Qui
769 777 806 805 et
821 774 904 807 Ovi-

195 821 288 854 dium
300 822 349 854 sic
360 821 454 864 loqui
465 822 554 855 Met.
567 832 614 855 vx.
630 833 681 855 vs.
696 826 772 856 301.
788 828 901 857 osten-

193 873 258 907 dit.
295 873 483 906 Petronius
515 884 593 917 cap.
610 877 665 907 31·.
702 876 712 893 ‘
737 876 901 910 Occurrit

192 925 290 958 nobis
305 925 397 957 idem
413 934 544 966 servus,
560 935 623 967 pro
639 935 707 968 quo
728 927 900 968 rogaveri-

194 975 292 1009 mus?
339 976 386 1008 Et
415 986 494 1018 cap.
508 979 563 1010 49.
596 976 607 994 ‘
620 977 730 1010 Nemo
745 982 899 1011 nostrum

193 1037 256 1069 pro
280 1027 341 1060 illo
362 1028 520 1070 rogabit)
555 1029 641 1062 Fab.
656 1030 758 1063 Deci.
774 1039 841 1064 xn.
863 1031 899 1063 in

191 1079 271 1112 fine.
294 1078 304 1098 ‘
319 1079 464 1122 Scimus,
476 1084 511 1112 te
520 1090 588 1112 non
596 1091 718 1123 rogare
730 1091 793 1124 pro
805 1082 899 1117 vita?

192 1130 301 1170 Schef.
345 1131 473 1164 Justin.
502 1141 612 1164 xvm.
638 1135 672 1170 (i.
726 1131 743 1152 ‘'
767 1133 898 1166 Pacem

189 1183 346 1215 Deorum
357 1182 522 1225 sanguine
529 1193 647 1216 eorum
658 1190 897 1226 exposcentes,

190 1243 253 1274 pro
270 1234 506 1276 quorum'vita
531 1234 588 1266 Dii
612 1235 724 1276 rogari
750 1236 897 1269 maxime

189 1284 301 1317 solent
314 1284 336 1316 :’
360 1289 397 1317 et
413 1284 475 1316 lib.
493 1293 563 1318 xn.
583 1288 615 1318 4.
646 1286 656 1303 ‘
673 1286 744 1318 Pro
767 1287 897 1320 civibus

188 1335 314 1368 orare!
352 1336 448 1368 Suet.
470 1334 560 1377 Aug.
583 1345 666 1370 xm.
704 1337 714 1355 ‘
732 1338 801 1370 Pro
825 1338 897 1371 vita

188 1387 373 1429 rogantes?
416 1386 496 1420 Vid.
512 1391 550 1419 et
566 1387 670 1420 Ovid.
686 1388 798 1430 Epist.
815 1397 894 1423 XX1.

186 1441 241 1471 61.
280 1437 458 1471 Differunt
483 1447 583 1470 vero:
606 1448 674 1471 rem
696 1449 808 1480 rogare
830 1445 896 1482 est,

187 1492 309 1530 petere
342 1499 443 1531 quam
474 1499 541 1521 non
570 1489 754 1531 habemus3
779 1501 837 1533 pro
860 1502 895 1524 re

185 1549 300 1580 rogare
324 1543 388 1580 est,
404 1541 553 1583 precari,
574 1545 613 1573 ut
637 1541 732 1574 nobis
756 1551 894 1575 servare

187 1591 304 1624 liceat.
343 1592 352 1609 ‘
370 1591 442 1624 Pro
455 1592 526 1624 vita
539 1593 637 1635 queri
648 1592 658 1607 ²
685 1593 790 1626 etiam
806 1594 895 1627 dixit

188 1643 329 1676 Quinct.
343 1643 498 1676 Declam.
513 1653 591 1684 xlv.
629 1645 743 1676 Burm-

229 1695 296 1727 Pro
311 1695 378 1727 vita
389 1695 519 1736 rogant]
542 1695 610 1727 Ms.
621 1698 786 1737 prumptm
804 1694 894 1728 forte

183 1745 355 1787 promerita
379 1748 505 1785 rogant.
557 1745 750 1787 Utrumque
779 1750 894 1778 autern

185 1796 349 1828 Latinum
372 1800 437 1837 est,
450 1805 508 1837 pro
521 1795 588 1827 vitu
601 1805 714 1835 rogare
736 1800 773 1828 et
794 1796 894 1828 vitam

186 1856 312 1890 rogare,
349 1847 410 1880 sed
449 1846 588 1881 diversa.
632 1846 891 1888 significatione.

668 219 811 252 NOTAE
843 220 1119 257 VARIORUM'
1146 226 1199 257 IN

957 318 1086 360 Rogare
1109 321 1208 354 vitam
1244 321 1313 355 dici
1343 328 1485 365 possunt
1519 326 1582 369 ini,
1603 328 1664 372 qui

957 369 1108 403 nondum
1133 369 1293 405 fruuntur
1316 373 1398 416 illa;
1432 380 1492 408 aut
1521 379 1664 419 mortui,

957 419 1016 462 qui
1044 420 1149 454 vitam
1171 423 1382 465 amiserunt3
1415 425 1476 458 sed
1499 427 1665 471 homines,

959 470 1016 512 qui
1045 471 1156 506 adhuc
1185 474 1221 506 in
1246 475 1318 508 vita
1344 480 1436 519 sunt,
1465 479 1593 512 rectius
1615 479 1667 513 di·
1698 515 1700 517 ,
1762 498 1767 502 ’

957 525 1081 554 cuntur
1099 533 1159 565 pro
1182 524 1250 557 vita
1275 536 1400 568 rogare,
1425 529 1602 563 constituti
1627 531 1664 564 in

957 572 1075 604 mortis
1088 573 1253 614 periculo.
1276 576 1435 616 Rogamus
1447 587 1495 620 ea,
1506 589 1581 622 quoe
1594 589 1662 614 non

956 621 1133 665 habemus,
1155 628 1192 656 et
1205 635 1352 666 rogamus
1371 637 1431 669 pro
1449 628 1504 670 iis,
1526 639 1615 673 qnae
1625 631 1662 664 in

956 681 1059 704 manu
1087 678 1204 707 nostra
1228 679 1328 717 sunt3
1356 677 1386 709 si
1413 680 1606 714 commode
1623 685 1662 715 et

957 723 1098 765 pulchre
1113 716 1276 768 valemus,
1299 737 1413 768 rogare
1435 730 1583 765 solemus
1598 742 1660 775 pro

954 775 1080 814 salum,-
1103 776 1131 808 si
1146 777 1265 811 morbo
1287 779 1494 822 laboremus,
1512 792 1660 824 mgnum

954 826 1121 860 sanitatem
1141 832 1174 861 et
1196 829 1350 869 salutem5
1369 841 1429 873 pro
1451 832 1518 865 vica
1537 843 1607 877 sua,
1623 834 1659 867 id

954 882 1020 919 est,
1033 888 1095 920 pro
1111 889 1161 920 se,
1178 891 1241 923 pro
1255 891 1403 924 persona
1416 893 1490 916 sua.
1516 884 1639 917 Gud-

997 931 1038 961 17
1066 930 1108 962 Et
1131 930 1204 973 illa]
1247 933 1404 975 Mallem,
1426 933 1473 967 At
1493 934 1562 977 illa,
1582 944 1660 969 cum

953 979 1000 1012 N.
1012 980 1170 1015 Heinsio.
1196 981 1302 1021 Schef.

995 1032 1149 1075 Memzm']
1177 1033 1260 1067 Scil.
1276 1043 1405 1069 eorum.
1441 1036 1498 1070 Sic
1513 1036 1591 1071 infr.
1605 1047 1658 1072 xv.

953 1091 1029 1124 cap.
1050 1086 1104 1116 25.
1143 1084 1251 1125 Schef.
1305 1086 1479 1130 Frequens
1504 1088 1658 1131 ellipsis:

951 1132 1030 1165 infr.
1060 1143 1119 1167 ιιι.
1148 1138 1180 1168 7.
1233 1136 1400 1178 ‘Eruci-e,
1427 1148 1502 1181 quae
1526 1139 1659 1182 laudas,

952 1184 1072 1216 canis!
1106 1186 1186 1219 Vid.
1213 1187 1366 1220 Gronov,
1390 1188 1434 1220 ad
1459 1189 1534 1222 Liv.
1549 1198 1656 1224 xxlv.

951 1237 1004 1268 38.
1040 1237 1173 1279 Dausq.
1189 1237 1232 1270 ad
1243 1238 1287 1272 Q.
1299 1231 1372 1270 Cal.
1385 1248 1442 1272 111.
1459 1248 1538 1281 pag.
1554 1243 1608 1273 80.
1620 1245 1656 1274 et

950 1287 993 1319 P.
1020 1283 1120 1319 Febr.
1153 1288 1196 1320 ad
1224 1288 1278 1321 tit.
1301 1287 1338 1321 ff.
1367 1288 1412 1328 de
1438 1289 1537 1332 Orig.
1558 1291 1655 1327 Jnris

948 1346 1028 1379 pag.
1043 1340 1096 1371 35.
1112 1342 1149 1371 et
1159 1338 1252 1373 alios.
1281 1340 1396 1374 Bur-m.

993 1391 1034 1421 18
1060 1389 1124 1426 Qui
1135 1399 1248 1430 panem
1261 1391 1400 1433 dederit]
1425 1393 1494 1427 Ms.
1505 1394 1658 1435 petierat.

948 1439 1041 1473 Gud.

996 1492 1054 1523 Vos
1067 1491 1177 1525 timere
1184 1492 1345 1535 absistite]
1356 1493 1399 1526 Id
1415 1497 1485 1536 est,
1494 1490 1654 1529 desinite.

947 1541 1116 1583 Exemplo
1140 1542 1277 1585 Virgilii
1299 1544 1376 1576 AEn.
1401 1553 1450 1578 v1.
1483 1545 1494 1563 ‘
1510 1543 1656 1579 Absisto

947 1593 1100 1626 moveri!
1135 1594 1181 1626 Et
1194 1594 1393 1627 Columellae
1403 1595 1542 1628 librxu.
1556 1606 1587 1630 c.
1599 1599 1653 1630 19.

947 1643 957 1662 ‘
971 1644 1047 1677 Nec
1059 1645 1203 1678 absistat
1212 1645 1246 1677 id
1261 1644 1404 1678 facere!
1426 1646 1535 1679 Simili
1543 1646 1654 1680 forma

949 1696 1030 1728 alibi
1041 1695 1131 1728 dixit
1139 1696 1261 1738 Virgil.
1285 1699 1293 1715 ‘
1302 1696 1444 1729 Absiste
1454 1698 1654 1739 precando‚¹

947 1746 981 1778 id
999 1751 1064 1786 est,
1080 1747 1224 1788 precari,
1247 1747 1420 1780 AEn.vl11.
1456 1747 1503 1779 Et
1525 1747 1656 1789 Livius,

946 1798 956 1816 ‘
973 1795 1154 1830 Absistere
1165 1797 1375 1841 obsidendo‚'
1390 1797 1424 1830 id
1441 1801 1506 1842 est,
1519 1797 1654 1833 obside

946 1857 997 1883 re.
1035 1847 1109 1884 Rit.

722 2194 979 2239 FABULA
1021 2196 1112 2240 HL

226 2362 244 2391 l
287 2360 354 2391 Usu
387 2360 524 2403 peritus]
574 2360 718 2393 Theocr.
748 2360 805 2393 Id.
827 2361 888 2399 κβ’.

185 2407 283 2442 Οὗτος
299 2409 424 2453 ἄριστος
432 2411 539 2444 ’Early
553 2410 767 2454 ὀνειροκρίτης,
779 2413 796 2444 ὁ
810 2410 890 2445 διδά-

184 2459 301 2493 σκαλός
313 2461 381 2493 ἐστι
393 2463 462 2505 παρ’
478 2461 501 2504 ᾧ
512 2463 592 2496 νοῦς.
621 2463 665 2495 In
674 2462 766 2495 notis
780 2464 888 2505 Tyro-

181 2512 235 2544 nis
271 2523 351 2555 pag.
377 2516 433 2546 41.
476 2519 573 2547 recte
610 2524 675 2556 pro
708 2517 887 2556 usurpatus,

181 2562 353 2596 Gruterus
382 2564 524 2597 rescribi
558 2565 671 2607 jubet,
699 2566 888 2607 usuperitus,

181 2622 250 2645 una
275 2613 494 2656 quasi-voce.
541 2616 613 2649 Jul.
631 2615 718 2648 Caes.
741 2615 785 2648 de
809 2614 885 2648 Bel.

182 2663 282 2696 Civil.
299 2674 359 2697 ιιι.
374 2668 428 2698 93.
467 2666 476 2684 ‘
493 2666 624 2699 Milites
636 2676 700 2698 usu
714 2666 831 2708 periti,
845 2675 887 2699 ac

183 2715 414 2756 superioribus
432 2708 563 2759 'pugnis
593 2716 804 2750 exercitatiz’
842 2717 886 2749 ad

183 2775 259 2806 quae
286 2767 390 2799 verba
415 2768 481 2800 alia
502 2777 612 2810 nuper
641 2768 798 2810 exempla
827 2767 886 2800 ad-

182 2815 280 2849 duxit
297 2817 416 2852 Lamb.
451 2819 535 2862 Bos,
558 2829 680 2862 magno
703 2828 811 2862 nuper
824 2818 884 2853 bo-

939 2371 1061 2396 narum
1091 2362 1269 2395 literarum
1299 2362 1423 2395 damno
1451 2360 1651 2406 defunctu,-

939 2414 976 2446 in
1004 2413 1242 2447 Animadvers.
1281 2413 1323 2446 a'd
1349 2414 1385 2447 J.
1411 2414 1539 2446 Caesar.
1568 2423 1648 2455 pag.

939 2467 994 2497 25.
1016 2464 1026 2482 ‘
1043 2464 1250 2506 Prudentes,
1271 2464 1418 2506 peritos,
1436 2469 1472 2496 et
1487 2463 1644 2496 usu-doc-

940 2514 1019 2554 tos,’
1046 2515 1224 2558 conjungit
1247 2515 1364 2561 Livius
1385 2514 1445 2547 lib.
1462 2523 1560 2547 me.
1589 2517 1644 2548 22.

941 2566 1057 2599 Burm.

988 2617 1053 2649 Usu
1064 2617 1185 2658 peritus
1195 2617 1314 2649 hariolo
1325 2616 1473 2658 velocior]
1494 2616 1644 2650 Prover-

939 2667 1031 2699 bium
1044 2667 1127 2700 alibi
1139 2677 1159 2700 a
1175 2677 1228 2700 me
1243 2677 1310 2700 non
1319 2668 1459 2709 lectum,
1472 2667 1563 2709 quod
1574 2677 1644 2700 me-

939 2718 1105 2751 minerim.
1149 2719 1274 2752 Sensus
1296 2729 1358 2760 per
1385 2729 1422 2751 se
1445 2718 1648 2753 manifestus

940 2774 1014 2804 est:
1040 2763 1203 2805 Quamvis
1217 2770 1400 2812 prudentia
1414 2780 1550 2813 quoque
1567 2781 1645 2805 ver-

938 2825 1032 2855 setur
1044 2821 1138 2855 circa
1153 2831 1207 2855 res
1220 2820 1367 2865 futuras,
1378 2825 1414 2855 et
1425 2821 1554 2856 nitatur
1563 2832 1645 2857 con-
