1806 3236
269 219 358 263 498

273 326 378 363 Quam
394 323 511 357 tarde?
537 324 648 366 inquit.
681 323 750 364 An,
766 324 870 360 Quam
891 324 980 355 tarde

269 378 311 417 is,
327 374 454 418 inquit?
476 375 544 408 Sed
567 375 701 407 retineo
727 373 841 416 potius
864 373 982 415 vulga-

272 432 354 468 tam,
393 427 546 458 imitatus
577 425 753 458 Tibullum
781 426 880 466 Eleg.
903 434 928 457 1.
951 427 981 458 1.

271 479 281 496 ‘
299 478 373 510 Aut
389 477 526 514 stimulo
550 476 667 509 tardos
689 476 902 519 increpuisse
921 475 981 509 bo-

272 528 357 561 ves?
412 527 602 570 Eleganter
635 530 751 559 autem
780 531 816 559 et
844 526 984 568 proprie*

270 579 424 625 loquitur
435 579 491 611 hic
505 579 683 611 Pliaedrus.
727 578 820 611 Hinc
831 577 983 610 homines

272 631 429 675 stupidos
455 632 466 650 ‘
482 630 615 664 Mulos'
639 630 819 663 vocabant.
864 629 982 663 catul-

270 677 387 715 lus'in
413 682 549 715 Lesbiae
575 691 645 715 suae
673 681 831 714 maritum
862 680 981 722 Epigr.

270 742 429 768 lxxxxv·
452 732 462 751 ‘
476 733 586 774 Mule,
602 732 684 764 nihil
699 730 831 764 sentis?
864 729 982 772 Atque

273 784 352 817 hinc
368 783 592 826 corrigendus
605 782 787 815 Terentius
805 780 981 822 Eunucho,

271 840 342 870 act.
358 845 416 869 111.
442 845 491 868 sc.
505 838 536 867 1.
558 835 568 852 ‘
580 835 705 867 Thras.
729 833 805 865 Imo
821 832 870 865 sic
883 832 982 865 bomo

274 891 329 919 est
342 895 593 929 perpaucorum
608 884 793 918 hominum.
822 882 981 917 Gnatho:

271 938 347 971 Iino
374 938 538 970 malorum
562 936 723 977 arbitror,
746 935 774 967 si
796 938 912 967 tecum
934 933 982 965 vi—

271 989 321 1020 vit
334 988 355 1022 :’
380 989 446 1028 vel,
472 991 511 1020 ut
533 987 610 1019 aliae
626 986 811 1026 editiones,
827 985 894 1017 Imo
913 985 983 1017 nul-

271 1039 382 1071 lorum.
406 1038 526 1072 Scribe
542 1037 691 1079 omnino,
705 1036 806 1069 Immo
821 1037 984 1076 mulorum,

272 1090 363 1132 quod
379 1095 434 1123 est
449 1099 492 1122 ex
507 1090 676 1122 asinorum
694 1087 824 1129 stirpe:
850 1087 935 1119 salse
947 1092 984 1118 et

272 1140 402 1181 lepide.
445 1140 535 1172 Illud
560 1140 711 1171 malorum
736 1138 839 1180 genio
861 1142 897 1170 et
913 1138 983 1169 sale

272 1191 484 1224 Terentiano
500 1195 611 1231 caret,
628 1194 663 1222 et
679 1189 758 1221 nive
774 1187 910 1221 Gallica
924 1187 984 1220 fri-

275 1241 398 1282 gidius.
444 1241 539 1273 Hinc
565 1240 732 1272 Phaedrus
747 1240 791 1272 dc
817 1240 909 1272 mula
923 1248 981 1280 op·

273 1292 358 1333 pido
375 1292 544 1324 concinne
559 1291 676 1324 addit:
703 1291 804 1327 Quam
827 1290 920 1322 tarda
942 1298 985 1330 es,

274 1342 378 1383 plane
396 1345 435 1373 ut
458 1341 685 1374 Terentianus
702 1341 807 1382 Syrus
823 1339 983 1372 Chreme-

276 1393 321 1425 tis
337 1397 511 1435 stuporem
526 1392 720 1434 objurgans,
740 1392 749 1409 ‘
767 1390 858 1423 Hui!
882 1399 983 1433 quam

277 1443 398 1476 tardus
423 1442 481 1485 es,‘
508 1443 620 1486 inquit
649 1442 777 1475 Heaut.
801 1450 852 1473 1v.
879 1449 927 1473 sc.
950 1443 983 1474 4.

276 1495 327 1527 Ut
342 1495 424 1527 vero
440 1494 531 1536 apud
544 1493 756 1533 Terentium,
777 1493 787 1510 ‘
802 1492 983 1524 Hominem

275 1547 442 1578 mulorum
457 1544 479 1585 ς’
503 1545 552 1577 sic
567 1544 657 1587 apud
668 1544 843 1583 Plautum,
865 1541 986 1575 ‘Asini

277 1595 458 1630 homines.’
498 1596 583 1628 Gaul.

320 1647 395 1679 Non
410 1646 473 1688 via]
498 1646 700 1687 Suspicatur
721 1644 826 1677 nobil.
848 1644 986 1687 amplis-

275 1696 448 1739 simosque
476 1696 641 1728 Dominus
668 1696 714 1728 N.
730 1695 906 1734 Heinsius,
925 1705 987 1726 non

276 1747 368 1789 quis.-
391 1746 581 1779 commode.
626 1746 741 1780 Credo
757 1750 870 1779 tamen
887 1755 986 1788 posse

276 1802 369 1830 stare
385 1797 569 1830 lectionem
586 1801 774 1837 receptam.
819 1796 865 1828 Et
880 1795 985 1838 respi-

278 1848 328 1881 cit
342 1847 380 1879 τὸ
395 1849 442 1880 vis
457 1848 636 1888 eleganter
655 1846 855 1889 tarditatem
882 1844 985 1878 affec-

278 1903 387 1931 tatam
415 1908 479 1941 per
513 1898 695 1939 ignaviam,
724 1906 823 1939 quam
853 1896 987 1938 potissi-

276 1959 369 1982 mum
395 1949 451 1981 hic
477 1952 578 1991 putat
593 1946 840 1989 castigandam,
855 1951 988 1988 contra,

277 2010 377 2043 quam
402 1998 457 2042 fit,
482 1999 510 2031 si
534 2007 698 2041 ponamus
724 1997 807 2040 quis,
827 2007 904 2030 cum
919 2006 987 2030 non

277 2060 441 2093 queamus
452 2060 545 2092 saepe
559 2059 621 2092 per
636 2048 884 2082 infirmitatem.
916 2047 987 2081 Ad-

277 2101 334 2142 de,
350 2111 426 2143 quae
444 2100 488 2133 de
503 2100 566 2132 hac
590 2110 627 2133 re
655 2099 783 2132 tradidi
807 2098 868 2131 lib.
884 2108 908 2131 1.
925 2098 987 2131 Rei

276 2151 433 2184 Vehicul.
463 2161 540 2193 cap.
566 2153 618 2182 1⁷.
659 2159 740 2192 pag.
769 2151 845 2182 223.
880 2148 986 2188 Schef.

277 2203 360 2235 Vid.
374 2203 417 2235 ad
433 2202 492 2236 lib.
508 2211 533 2234 ι.
551 2201 620 2234 fab.
634 2203 687 2233 29.

321 2254 396 2287 Non
428 2253 478 2285 vis
513 2252 608 2285 citius
641 2250 808 2293 progredi]
856 2249 987 2282 Notum

280 2304 419 2336 schema
435 2301 682 2343 interrogando
690 2300 827 2343 jubere.
864 2299 986 2341 Virgil.

276 2355 286 2373 ‘
304 2355 384 2387 Non
414 2364 510 2386 arma
539 2351 737 2393 expedient,
771 2355 914 2392 totaque
943 2360 987 2382 ex
1014 2345 1017 2352 ’

278 2405 364 2438 urbe
379 2407 564 2446 sequentur
577 2401 599 2434 ?'
635 2401 833 2440 Terentius,
851 2400 937 2431 Eun.
951 2409 985 2432 v.

279 2465 330 2488 sc.
357 2458 389 2488 1.
412 2455 516 2487 ‘Non
544 2457 582 2485 tu
610 2452 722 2484 isthuc
747 2450 828 2482 mihi
853 2450 988 2482 dictura

281 2510 403 2549 aperte
419 2516 468 2546 e5‚
480 2502 643 2547 quicquid
659 2506 712 2534 est
722 2501 745 2534 ?'
772 2501 858 2533 Gud.

324 2559 344 2589 3
384 2555 478 2596 Vide]
517 2553 728 2593 Notandum,
766 2552 917 2584 ultimam
953 2551 987 2583 in

285 2606 365 2639 Vide
380 2606 436 2638 hic
450 2605 588 2646 corripi.
613 2604 698 2636 Gud.

330 2657 424 2698 Vide]
455 2656 525 2689 Hic
541 2655 667 2697 corripi
684 2655 836 2687 ultimam
853 2653 986 2686 Gudius

282 2712 393 2749 notat,
408 2708 499 2750 quod
517 2712 554 2740 ut
577 2706 649 2738 fieri
673 2715 772 2747 posse
795 2714 862 2737 non
885 2713 987 2745 nega-

282 2769 371 2799 mus,
387 2759 552 2790 malumus
570 2763 683 2789 tamen
697 2756 763 2796 hic,
791 2754 868 2788 Vide
881 2755 988 2786 dolone

282 2819 319 2842 ne
335 2810 443 2843 collum
457 2819 593 2850 pungam
608 2809 676 2841 tibi.
721 2809 834 2848 Fungo
850 2807 938 2839 enim
951 2810 988 2838 et

730 228 873 261 uo'rAE
906 213 1172 262 vAmonu'M
1206 229 1257 261 m

1030 323 1197 357 Rimicius
1218 323 1343 356 habet:
1368 327 1404 356 et
1429 321 1515 355 illud
1539 332 1576 355 ne
1592 327 1734 366 propter

1029 375 1182 408 ultimam
1206 375 1370 418 syllabam
1394 376 1451 408 τοῦ
1470 376 1578 408 dolone
1590 375 1736 417 excidit,

1030 430 1068 457 et
1091 429 1210 467 postea
1226 426 1482 468 transpositum.
1525 425 1633 458 Plura
1655 426 1736 458 olim

1031 476 1075 510 ad
1091 477 1168 510 Val.
1183 477 1276 510 Flac.
1289 486 1325 514 v.
1340 480 1416 510 595,
1432 477 1597 509 dicemus.
1622 477 1737 518 Burni.

1079 528 1156 561 Vide
1169 537 1208 560 ne
1216 529 1323 561 dolone
1336 528 1460 570 cauum,
1469 527 1539 570 ἔγω]
1561 526 1656 561 Scite
1667 527 1736 560 Do·

1029 579 1129 610 eonem
1144 583 1249 611 vocat
1270 588 1396 612 muscae
1423 577 1671 622 proboscidem,
1692 583 1737 612 ex

1032 638 1101 671 qua
1115 629 1200 662 dens
1216 630 1401 672 prominet,
1415 640 1482 674 quo
1495 629 1587 664 irata
1602 631 1738 676 pungit.

1032 679 1200 712 Lucianus
1223 680 1357 712 Muscae
1373 680 1457 713 Enc.
1475 677 1641 721 Ἀμύνηαι
1666 678 1736 724 μέν·

1029 741 1079 762 τοι
1093 729 1129 762 οὗ
1154 728 1236 763 κατὰ
1256 728 1295 761 τὸ
1310 728 1502 773 opperimur,
1526 729 1567 764 ὥς
1588 730 1672 773 σφὴξ
1685 731 1738 765 καὶ

1029 779 1173 822 μέλιττα,
1195 780 1280 814 ἀλλὰ
1293 780 1339 821 τῷ
1363 778 1507 822 στόματι,
1521 780 1574 815 καὶ
1598 782 1640 827 τῇ
1664 793 1738 824 προ-

1030 831 1163 873 βοσκίδι,
1177 831 1217 871 ἣν
1226 831 1308 865 κατὰ
1317 831 1360 865 τὰ
1373 832 1453 866 αὐτὰ
1461 833 1528 866 τοῖς
1541 830 1674 877 Mam
1685 833 1739 875 καὶ

1031 883 1111 923 αὕτη
1126 883 1246 926 ἔχουσα
1262 882 1441 927 προνομεύει
1461 895 1511 923 τε,
1534 881 1588 916 καὶ
1610 882 1739 924 ἔκλεψ’-

1031 934 1171 973 βάνεται,
1193 934 1245 968 καὶ
1254 935 1426 989 Ξροσφῦσα
1440 933 1583 976 κατέχει,
1603 926 1739 974 κοτυλη-1

1031 986 1094 1019 δόνι
1115 986 1202 1023 κατὰ
1218 986 1258 1019 τὸ
1272 985 1367 1029 ἄκρον
1382 985 1508 1019 ἐοικυῖα.
1531 985 1567 1019 ἐκ
1587 984 1623 1019 ἃ
1644 985 1739 1026 afri-515

1031 1037 1120 1071 ὀδοὺς
1146 1038 1326 1081 προκύπτει,
1346 1035 1370 1080 ᾧ
1391 1037 1556 1079 umnam,
1576 1036 1658 1071 πίνει
1681 1037 1741 1070 ’τοῦ

1032 1088 1174 1129 αἵματος.
1199 1089 1277 1131 Rig.

1074 1138 1210 1180 Dolone]
1246 1139 1432 1180 Eleganter
1461 1141 1500 1170 et
1525 1146 1589 1181 per
1614 1135 1739 1170 fastum

1032 1190 1075 1222 de
1087 1190 1206 1223 aculeo
1220 1199 1281 1222 suo
1293 1189 1342 1222 sic
1356 1188 1515 1232 loquitur.
1542 1189 1634 1222 Nam
1649 1189 1740 1221 dolon

1032 1242 1170 1284 proprie
1187 1240 1336 1284 gladius,
1351 1244 1411 1273 aut
1425 1239 1541 1283 cuspis
1563 1237 1679 1273 ferrea
1705 1239 1739 1273 in

1031 1291 1151 1324 baculo
1167 1290 1359 1331 recondita,
1381 1294 1421 1322 ut
1443 1299 1487 1322 ex
1512 1290 1635 1323 Servio
1660 1299 1740 1333 cog-

1031 1342 1215 1375 noscimus.
1251 1342 1298 1374 Et
1314 1340 1404 1373 solet
1418 1349 1536 1373 musca
1549 1349 1647 1373 suum
1661 1349 1739 1374 acu-

1030 1394 1121 1427 leum
1137 1394 1187 1426 sic
1203 1393 1342 1427 abdere.
1363 1393 1471 1434 Schef.
1604 1388 1609 1393 ’

1075 1444 1210 1487 Dolone]
1226 1445 1330 1478 Dolon
1345 1443 1427 1491 quid
1442 1442 1582 1486 sit,jttm
1597 1446 1715 1475 notum
1729 1453 1738 1475 z

1033 1504 1157 1537 nempe
1182 1495 1313 1536 lignum
1340 1494 1374 1526 in
1403 1504 1470 1537 quo
1495 1492 1666 1538 gladiolus
1690 1493 1740 1525 la-

1034 1550 1127 1578 teat:
1153 1547 1208 1578 vel
1223 1545 1349 1587 ξιφίδιον
1370 1545 1403 1578 ἐν
1417 1543 1498 1587 ξύλῳ
1511 1541 1740 1586 &tennenwi-

1034 1609 1098 1630 νον.
1126 1597 1184 1629 Sic
1200 1598 1307 1630 utitur
1322 1596 1501 1639 Alphenus
1514 1595 1574 1628 lib.
1588 1604 1651 1629 Lu.
1667 1595 1698 1639 ς.
1709 1597 1740 1628 1.

1034 1648 1083 1680 D.
1099 1647 1143 1680 ad
1159 1648 1181 1680 l.
1197 1647 1312 1690 Aquil.
1353 1647 1412 1680 Sic
1435 1646 1518 1689 Ulp.
1541 1646 1562 1679 Ι.
1577 1655 1601 1680 1.
1615 1646 1688 1688 §.70
1704 1649 1741 1678 et

1035 1698 1252 1740 generaliter.
1285 1697 1331 1730 D.
1365 1697 1402 1730 Si
1428 1695 1598 1740 quadrup.
1636 1705 1740 1738 paup.

1035 1748 1102 1782 fec.
1119 1748 1185 1781 dic.
1205 1748 1266 1782 Sic
1279 1747 1423 1781 Suetou.
1437 1747 1472 1779 in
1487 1745 1633 1780 Claudio
1644 1755 1675 1779 c.
1689 1747 1741 1779 13.

1036 1799 1120 1831 Ritt.

1080 1847 1219 1890 Dolone]
1238 1847 1424 1881 Salmasius
1453 1846 1496 1879 ad
1523 1855 1617 1880 oram
1639 1845 1739 1879 libri:

1035 1899 1045 1916 ‘
1060 1898 1210 1939 aculione,
1252 1899 1318 1931 hoc
1348 1903 1414 1939 est,
1448 1898 1602 1931 walcone.
1646 1897 1740 1930 Dolo.
1800 1919 1806 1925 ‹

1037 1948 1149 1981 Gloss.
1169 1948 1251 1981 Div.
1279 1958 1305 1981 1.
1342 1948 1470 1990 Dolone,
1497 1948 1598 1988 qus,
1626 1946 1660 1978 id
1676 1953 1742 1987 est,

1035 2003 1139 2041 spata,
1153 1998 1254 2039 fuste.
1292 1999 1442 2042 Dotem,
1463 1999 1526 2032 teta
1538 1997 1740 2037 abscondita?

1038 2049 1130 2083 Gud.

1079 2102 1098 2130 5
1122 2098 1207 2132 Sella
1218 2099 1338 2142 prime]
1367 2098 1480 2132 Anon.
1506 2098 1575 2132 fab.
1591 2100 1645 2132 37.
1667 2098 1743 2132 red-

1037 2149 1144 2183 didit:
1167 2151 1177 2168 ‘
1190 2150 1302 2184 Quem
1317 2150 1465 2184 sustinet
1481 2148 1576 2182 axis!
1619 2149 1742 2192 Neque

1036 2202 1093 2234 hic
1109 2211 1189 2244 pars
1211 2211 1274 2244 pro
1290 2206 1390 2244 parte
1406 2201 1567 2244 ponitur:
1595 2199 1656 2233 sed
1670 2199 1743 2232 axis

1037 2252 1148 2295 primo
1173 2251 1301 2286 dicitur
1325 2261 1390 2294 pro
1416 2255 1492 2284 tota
1519 2249 1646 2291 rheda;
1665 2249 1741 2282 haec

1037 2312 1101 2345 pro
1111 2307 1211 2344 parte
1222 2302 1292 2344 illa,
1302 2311 1378 2345 quae
1389 2301 1546 2333 Vitruvio
1558 2304 1611 2332 est
1629 2299 1741 2343 {eap-

1038 2365 1094 2387 sus
1118 2354 1258 2387 rhedae.'
1281 2353 1414 2386 Prason.
1457 2351 1629 2394 Intelligit
1651 2352 1741 2384 auri-

1038 2415 1126 2446 gam.
1157 2406 1270 2437 Prima
1285 2405 1360 2437 sella
1376 2408 1444 2445 est,
1459 2412 1633 2436 scamnum
1645 2404 1740 2445 equis

1037 2455 1242 2497 proximum,
1267 2455 1301 2486 in
1327 2464 1395 2497 quo
1418 2452 1557 2495 propria
1570 2452 1669 2485 sedes
1683 2462 1740 2484 au-

1038 2506 1195 2547 rigarum.
1238 2505 1325 2538 Dixi
1353 2503 1507 2546 pluribus
1534 2503 1568 2535 in
1598 2503 1652 2534 De
1687 2503 1740 2535 Re

1035 2555 1247 2587 Vehiculari.
1269 2552 1375 2592 Sches.
1419 2553 1498 2585 Hoc
1511 2552 1612 2593 primo
1621 2555 1741 2584 temone

1037 2604 1127 2637 dixit
1163 2605 1325 2646 Propert.
1350 2612 1391 2636 11.
1418 2606 1451 2635 8.
1485 2604 1496 2621 ‘
1519 2602 1739 2644 Spectaclum

1036 2655 1111 2697 ipsa
1125 2655 1248 2687 sedens
1264 2655 1373 2696 primo
1389 2658 1525 2685 temone
1541 2651 1729 2694 pependit?

1078 2709 1099 2738 6
1121 2705 1379 2747 Jugumflagello
1393 2704 1561 2745 temperat]
1586 2703 1739 2736 Insolen-

1037 2756 1102 2788 tior
1116 2750 1207 2787 'mihi
1232 2755 1368 2788 videtur
1389 2756 1461 2787 haec
1486 2755 1625 2796 locutio,
1640 2755 1738 2798 cujus

1037 2807 1166 2839 nullum
1193 2806 1383 2848 exemplum
1411 2804 1644 2846 novizjugum
1670 2804 1739 2837 dici
