1806 3236
239 226 326 269 402

240 331 380 372 elegans
402 335 438 363 et
462 331 591 364 usitata
616 331 759 371 locutio,
783 340 852 363 non
876 331 950 364 mei.

239 381 380 413 Terent.
397 381 527 413 Heaut.
543 381 632 423 prol.
642 383 696 414 41.
711 381 721 400 ‘
735 381 819 413 Mea
830 390 951 414 caussa

242 441 396 464 caussam
426 431 514 463 hanc
537 432 669 473 justam
698 441 775 464 esse
801 432 948 464 animum

241 481 398 513 inducite
412 481 433 513 ι’
458 486 496 513 et
510 485 577 514 act.
593 491 627 514 v.
651 491 700 514 sc.
717 485 749 514 5.
772 482 782 499 ‘
798 483 883 524 Syro
897 483 950 525 ig-

241 541 362 563 noscas
378 533 468 572 volo,
493 541 568 574 quae
596 541 674 564 mea
700 541 819 565 caussa
839 531 949 567 fecit.’

243 582 349 614 Ovid.
377 582 490 623 Epist.
517 591 580 615 xx.
609 585 683 614 108.
720 582 731 601 ‘
749 584 804 615 Ne
830 582 950 615 videar

242 642 365 665 caussa
386 631 477 665 falsa
499 641 640 666 monere
666 633 764 666 mea!
809 633 950 667 Servius

243 682 424 724 distinguit
440 683 531 716 inter
546 693 655 716 caussa
670 686 739 725 tua,
765 688 803 717 et
817 685 879 726 tui,
905 684 950 717 ad

243 733 344 775 Vir-g.
359 733 437 766 AEn.
452 743 520 768 xu.
535 737 590 767 29.
606 734 702 777 cujus
719 735 892 768 sententia
906 745 951 769 an

243 793 330 817 vera
346 784 404 826 sit,
418 794 487 817 non
501 784 642 819 definio.
664 786 780 818 Burm.

284 834 435 868 Facerem
447 835 477 867 εἰ
491 846 600 868 caussa
615 846 696 877 mea,
709 839 840 877 gratum
854 836 949 879 esset]

242 886 311 918 Ms.
328 886 482 926 facerem,
505 891 541 919 et
557 888 679 929 primae
696 887 782 920 edit.
806 887 950 920 Salmas.

234 936 360 976 faceres
384 937 414 970 si
438 947 547 970 caussa
573 947 654 979 mea,
684 937 823 970 Gratum
851 941 951 977 esset,-

242 991 378 1029 gratum
405 992 512 1030 esset,
537 987 698 1020 nimirum
727 988 794 1021 hoc
823 987 951 1021 benefi-

242 1039 334 1071 cium
348 1038 439 1082 quod
455 1039 580 1081 jactas.
625 1039 730 1071 Forte
756 1039 859 1073 etiam
882 1040 950 1082 legi

242 1094 373 1131 posset,
390 1089 542 1135 facerem,
563 1090 592 1122 εἰ
616 1100 724 1122 caussa
743 1100 811 1123 mea
825 1094 952 1123 uratum

240 1143 298 1184 [F.
311 1144 458 1176 Gratum
484 1154 511 1176 s.
530 1144 674 1186 Ratum]
695 1148 772 1177 esset
783 1155 795 1182 ,·
817 1149 879 1178 aut
894 1147 951 1184 sa-

242 1204 327 1227 cer-es
341 1195 369 1227 si
385 1205 479 1227 causa
493 1205 574 1235 mea,
590 1196 708 1227 Ratum
723 1199 814 1228 esset.
860 1195 950 1228 Vide

244 1254 347 1285 porro
364 1246 400 1278 in
424 1245 512 1278 hanc
537 1246 743 1278 sententiam
767 1245 889 1279 Senec.
907 1246 951 1279 de

243 1295 399 1328 Benefic.
415 1295 477 1328 lib.
492 1304 544 1328 vt.
559 1298 612 1328 12.
647 1296 733 1328 Gud.

286 1350 305 1378 5
333 1347 470 1379 Gratum
483 1348 577 1388 esset]
600 1346 747 1388 Gallice,
759 1347 802 1379 Je
817 1346 881 1379 t'en
896 1357 951 1379 au-

242 1397 307 1429 reis
329 1397 513 1438 obligatior.
557 1397 614 1429 Ita
642 1397 824 1429 Terentius
850 1397 952 1430 intel-

244 1447 413 1489 ligendus,
435 1448 446 1466 ‘
463 1448 553 1479 Dum
570 1452 704 1489 gratum
722 1457 797 1480 esse
814 1447 952 1490 potuit‚’

243 1501 308 1531 διε.
339 1499 453 1532 Faber.
496 1498 554 1531 Sic
581 1498 699 1531 Graeci
719 1498 827 1539 Ἴσημι
848 1498 951 1542 χάριν.

245 1548 417 1581 Isocrates
455 1549 626 1589 panegyr.
672 1549 778 1582 Axen.
846 1549 952 1583 Ovid.

245 1599 356 1640 Epist.
372 1607 448 1630 xvt.
477 1601 531 1630 13.
554 1598 564 1615 ‘
580 1597 791 1631 Jamdudum
815 1603 951 1641 gratum

245 1653 312 1691 est,
326 1649 415 1691 quod
428 1648 576 1691 epistola
588 1653 707 1681 nostra
721 1654 866 1691 recepta
878 1649 953 1683 est!

245 1701 302 1732 Ita
324 1701 334 1719 ‘
352 1700 500 1734 Gratum
515 1698 667 1739 habe1·e,’
682 1699 772 1741 quod
787 1699 842 1731 hic
857 1699 952 1732 Ano-

244 1759 338 1791 nym.
363 1748 531 1782 Nielantii
554 1749 673 1789 habet,
696 1753 749 1781 est
774 1750 867 1791 apud
883 1751 952 1783 Te-

245 1804 336 1832 rent.
352 1799 454 1831 Adel.
471 1808 513 1831 11.
537 1801 569 1831 4.
584 1802 616 1830 6·
650 1798 778 1832 Justin.
797 1808 903 1832 xxix.
918 1804 953 1833 2Χ

245 1851 255 1869 ‘
273 1849 417 1883 Gratius
441 1849 647 1882 habiturus!
694 1849 776 1883 Vid.
800 1851 952 1884 Broukh.

245 1901 288 1933 ad
301 1900 415 1933 Tibul.
431 1910 482 1933 rv.
505 1903 556 1933 10.
580 1903 628 1937 et,
654 1910 757 1942 quem
771 1900 953 1935 advocavit

246 1952 352 1984 etiam
368 1952 660 1993 Hoogstratauus‚
683 1951 804 1985 Οτι-ων.
829 1952 872 1984 ad
899 1953 953 1985 Ci-

245 2012 315 2034 cer.
331 2012 394 2044 pro
408 2003 531 2035 Milon.
547 2004 600 2034 35.
622 2002 738 2035 Burm-

288 2053 448 2095 Supplici]
485 2051 741 2094 significanter,
754 2056 866 2085 motus
882 2054 952 2086 tuis

245 2103 432 2145 precibus;
466 2106 504 2134 et
530 2102 610 2144 quia
633 2102 839 2143 suppliciter
864 2112 954 2135 oras.

245 2153 303 2185 Ita
332 2153 343 2171 ‘
361 2153 571 2194 supplicem'
596 2156 740 2194 usurpat
764 2152 862 2186 Curt.
892 2153 954 2186 lib.

245 2214 303 2238 ιιι.
319 2207 352 2237 2.
369 2207 423 2237 17.
447 2203 557 2243 Schef.

288 2258 310 2287 6
330 2254 471 2287 Laboras
482 2254 533 2295 ut]
555 2254 763 2296 Propterea,
778 2258 830 2286 ut.
846 2252 955 2287 Abso-

246 2306 320 2337 lute
346 2305 488 2339 laborare
512 2305 569 2338 hic
594 2308 661 2345 est,
688 2314 824 2347 quoquo
851 2305 952 2338 modo

245 2344 460 2397 negotiosffln
475 2364 564 2387 esse.
609 2355 664 2387 Ita
680 2355 754 2387 Cic.
771 2355 838 2396 Ep.
856 2355 950 2388 Fam.

244 2415 280 2437 v.
296 2408 329 2438 2.
352 2405 363 2423 ‘
378 2406 439 2437 Me
456 2410 495 2438 ut
521 2405 586 2438 tibi
612 2405 852 2437 amicissimum
878 2416 952 2438 esse

243 2457 466 2498 intelligeres,
481 2456 655 2489 laboravi?
686 2456 789 2488 Tusc.
803 2466 853 2489 ιν.
867 2457 877 2474 ‘
892 2457 953 2489 La-

243 2507 342 2547 boro,
372 2511 411 2538 ut
437 2506 604 2539 assentiar
629 2506 805 2547 Epicuro.'
847 2507 950 2540 Adde

243 2556 333 2589 infra
349 2556 408 2589 lib.
423 2566 480 2590 ιιι.
497 2559 550 2590 12.
574 2556 681 2594 Schel'.

289 2607 458 2648 Reliquiis]
488 2607 608 2639 Pane:
643 2610 682 2638 ut
709 2605 815 2638 habet
842 2605 952 2640 Anon-

243 2657 315 2691 fab.
342 2659 398 2690 40.
434 2658 567 2689 Prason.
634 2656 898 2688 Observandum
930 2667 951 2689 a

245 2708 406 2740 studiosis
443 2708 555 2741 Latini
598 2707 761 2740 sermonis
804 2708 949 2749 reliquia,

244 2769 332 2790 orum
342 2769 356 2797 ,·
378 2759 547 2800 quomodo
561 2766 741 2799 usurpasse
755 2757 835 2789 olim
850 2758 951 2788 Plau-

246 2813 316 2841 tum
332 2808 367 2841 in
393 2809 508 2842 Milite
525 2807 683 2842 Glorioso
710 2817 753 2840 ex
780 2807 949 2841 veteribus

706 237 849 268 NOTAE
882 236 1148 270 vARloRUM
1181 237 1233 269 IN

1001 329 1096 363 libris
1110 334 1264 363 constat:
1300 330 1310 349 ‘
1327 329 1378 363 At
1394 329 1528 371 pedites
1544 329 1609 362 tibi
1625 329 1706 363 reli·

1000 381 1081 423 quia
1103 385 1215 423 erant,
1237 382 1264 414 si
1291 379 1470 413 viverent?
1522 379 1580 413 Ita
1604 384 1643 413 et
1662 379 1708 413 τὰ

999 432 1009 449 ‘
1028 431 1203 473 Cupedia’
1230 435 1268 465 et
1290 433 1298 450 ‘
1314 430 1505 473 anediae,’
1526 431 1537 449 ⁴
1555 430 1706 473 Decipu-

999 481 1086 513 lum'
1104 487 1141 515 et
1155 482 1166 500 ‘
1179 481 1376 524 Decipula‚'
1388 481 1479 524 apud
1493 481 1706 515 Mattianum

1000 532 1177 574 Capellam
1191 536 1229 566 et
1249 531 1444 574 Apuleium.
1468 531 1582 565 Faber.
1627 532 1705 565 Coe-

1000 592 1134 624 narurn,
1150 582 1265 626 qualia
1278 582 1442 616 decidunt
1456 593 1501 616 ex
1516 593 1606 626 pane
1619 583 1708 617 aliis·

1000 645 1068 678 que
1082 635 1169 668 cibis
1193 636 1229 668 in
1244 639 1386 676 terram,
1410 634 1634 679 maribusque
1649 644 1707 669 ee·

1001 685 1115 718 dunt:
1147 695 1215 718 non
1245 685 1329 718 satis
1352 685 1525 719 intellexit
1547 685 1706 720 Gallicus

1001 736 1191 779 Interpres.
1251 737 1332 774 Qua
1358 735 1447 778 sunt]
1482 736 1575 778 Ergo
1602 739 1641 769 et
1659 733 1706 769 ”m

1000 792 1122 821 neutro
1158 797 1287 830 genere
1317 786 1450 829 reliquia
1482 790 1705 829 usurpantur,

1001 838 1171 881 quomodo
1182 843 1218 871 et
1229 838 1363 880 deliquia
1374 837 1530 871 dicimus.
1558 837 1706 879 Plautus

999 889 1035 922 in
1051 889 1126 922 Mil.
1143 888 1223 922 Act.
1239 898 1264 922 1.
1278 889 1336 922 Sc.
1351 893 1384 922 1.
1404 893 1414 906 ⁸
1428 888 1478 921 At
1490 887 1627 930 pedites
1641 887 1707 922 tibi

999 939 1147 983 reliquia
1161 945 1273 982 erant,
1297 940 1326 972 si
1349 938 1527 972 viverent!
1571 938 1629 972 lta
1649 939 1708 972 ba-

1001 990 1085 1024 bent
1110 995 1248 1024 veteres
1276 990 1458 1031 editiones,
1482 988 1588 1023 etiam
1613 989 1706 1032 Gry·

1000 1042 1139 1084 phiana,
1161 1052 1236 1080 non¹
1251 1042 1415 1084 reliquioex
1437 1041 1528 1084 quod
1554 1051 1576 1074 a
1593 1040 1710 1074 sciolis

1000 1093 1137 1127 videtur
1145 1093 1273 1127 factum
1282 1093 1316 1126 in
1325 1091 1581 1126 recentioribus.
1602 1091 1710 1133 Senes.

1000 1145 1097 1187 Lege
1116 1146 1256 1186 relieuis,
1285 1145 1373 1182 Quas
1393 1147 1467 1176 sunt
1489 1143 1604 1177 rosari-
1648 1143 1708 1176 Sic

999 1195 1068 1229 fab.
1091 1199 1146 1230 40,
1183 1197 1194 1215 ‘
1210 1197 1311 1229 Tales
1339 1205 1417 1228 cum
1447 1194 1518 1227 sint
1545 1193 1710 1226 relicum?

1001 1246 1118 1278 Heins-
1162 1246 1264 1280 Quod
1276 1249 1313 1278 et
1327 1244 1554 1285 Camerarius,
1565 1242 1623 1286 qui
1633 1242 1708 1276 edi-

1001 1295 1066 1334 dit,
1090 1295 1156 1332 Qui
1170 1296 1342 1327 arn-edendo
1356 1293 1507 1336 reliquias
1521 1293 1622 1325 vietus
1633 1293 1707 1331 mei,

1000 1345 1190 1378 confirmat.
1234 1346 1292 1377 Sic
1306 1346 1448 1377 Petron.
1465 1352 1582 1376 vau.
1604 1343 1615 1362 ⁴
1630 1343 1708 1376 Nisi

1001 1396 1162 1439 reliquias
1175 1396 1292 1438 pueris
1304 1395 1482 1428 diviserit.’
1517 1394 1564 1427 Τὰ
1574 1394 1709 1437 περισσὰ

1002 1446 1150 1479 Graecis.
1195 1445 1275 1479 Vid.
1300 1445 1439 1480 Brodae.
1462 1444 1506 1478 ad
1523 1444 1629 1479 Anth.
1643 1444 1707 1478 lib.

1002 1505 1044 1528 ιι.
1058 1499 1112 1529 31.
1130 1506 1164 1538 p.
1179 1499 1255 1529 226.
1279 1497 1393 1528 Burm-

1047 1548 1214 1590 Reliquiis,
1229 1548 1313 1590 quw]
1350 1548 1458 1589 Nota,
1475 1545 1656 1590 Reliquim
1671 1552 1709 1580 et

1002 1598 1127 1641 plurali
1143 1598 1292 1640 Reliquia
1306 1597 1409 1630 etiam
1429 1597 1565 1630 Neutro
1581 1607 1708 1640 genere

1002 1659 1024 1680 a
1038 1649 1168 1681 Latinis
1183 1649 1269 1690 dici,
1285 1652 1323 1681 ut
1336 1650 1347 1668 ‘
1362 1646 1593 1687 Alimonium:
1614 1648 1625 1667 ‘
1638 1648 1710 1680 De-

1001 1698 1166 1741 liquium!
1219 1699 1277 1731 Sic
1307 1698 1318 1717 ‘
1334 1698 1584 1740 Muscipulum’
1605 1698 1710 1740 infra,

1002 1748 1060 1780 lib.
1087 1757 1139 1781 ιν.
1169 1748 1240 1781 fab.
1266 1752 1298 1782 l.
1343 1749 1422 1781 Nisi
1450 1748 1614 1792 dicamus,
1642 1760 1705 1793 pro

1004 1798 1084 1835 Quoe
1099 1798 1281 1840 legendum
1299 1798 1395 1834 Quas.
1421 1798 1511 1831 Ritt.

1046 1847 1215 1890 Reliquiis,
1241 1848 1330 1884 Quas
1353 1851 1425 1880 sunt
1448 1847 1568 1890 rosuri]
1587 1849 1706 1882 schef-

1002 1896 1095 1930 ferus
1111 1902 1149 1930 et
1163 1897 1221 1929 alii
1248 1901 1384 1938 putant,
1407 1897 1457 1930 sic
1481 1901 1615 1930 veteres
1631 1898 1706 1931 dix-

1002 1948 1069 1980 isse
1090 1947 1100 1966 ‘
1118 1947 1295 1990 Reliquias
1310 1952 1348 1980 ut
1362 1948 1372 1966 ‘
1387 1947 1581 1990 Deliquia3'
1603 1953 1642 1982 et
1656 1949 1708 1982 ita

1002 1998 1038 2030 in
1062 1997 1179 2031 Plaut.
1204 1997 1280 2030 Mil.
1295 1996 1417 2031 Act-1.
1445 1998 1498 2030 Sc.
1515 2001 1548 2030 1.
1573 1997 1609 2031 in
1634 1998 1707 2032 edi·
1766 2033 1772 2040 ,

1003 2048 1096 2080 tione
1121 2048 1270 2090 Gryphii
1291 2052 1328 2080 et
1353 2047 1428 2080 aliis
1444 2047 1616 2081 veteribus
1637 2047 1708 2080 edi-

1002 2098 1150 2131 tionibus
1165 2097 1281 2139 fuisse,
1306 2099 1396 2141 quod
1409 2098 1622 2132 recentiores
1637 2108 1708 2132 rnu-

1003 2153 1131 2182 tarunt.
1175 2148 1241 2180 Sed
1258 2157 1323 2190 ego
1344 2148 1460 2181 malim
1485 2148 1633 2182 retinere
1651 2149 1709 2182 hie

1000 2199 1141 2241 reliquis.
1197 2203 1206 2217 ⁶
1223 2198 1388 2242 Reliqua'
1426 2199 1518 2232 enim
1544 2199 1708 2233 dicuntur

1001 2250 1107 2292 idem,
1130 2249 1221 2292 quod
1249 2249 1476 2292 ‘Reliquiae3'
1507 2254 1547 2282 nt
1572 2250 1707 2284 Graecis

1001 2300 1151 2333 Λοίπαδες
1166 2305 1201 2332 et
1215 2299 1334 2332 Λοιπὰι
1369 2300 1419 2332 sic
1436 2300 1567 2332 Latinis
1587 2300 1598 2318 ⁴
1615 2300 1709 2333 Reli-

1002 2353 1110 2394 quiae'
1134 2355 1171 2383 et
1192 2351 1202 2369 ‘
1222 2349 1392 2393 Reliqua!
1434 2350 1549 2383 Gloss.
1570 2350 1581 2368 ‘
1594 2349 1706 2392 Λοιπιὶ,

1002 2402 1160 2444 Reliqua,
1175 2399 1424 2443 Reliquorum?
1462 2400 1578 2442 Spart.
1592 2400 1705 2433 Hadr-

1000 2453 1010 2471 ‘
1026 2454 1080 2486 Ex
1104 2453 1241 2495 reliquis
1266 2452 1442 2494 ingentem
1465 2460 1629 2484 summam
1651 2461 1704 2484 re·

1001 2504 1114 2538 misit?
1171 2505 1228 2538 Ita
1257 2505 1373 2538 Valet.
1403 2505 1499 2537 Max.
1527 2503 1589 2537 lib.
1614 2513 1641 2537 1.
1669 2508 1705 2537 6.

1002 2555 1090 2587 dixit
1110 2557 1120 2573 ‘
1138 2555 1320 2597 Reliquum
1335 2553 1469 2587 carnis!
1512 2554 1648 2597 Neque,
1673 2555 1705 2587 si

1000 2606 1131 2647 reliquis
1167 2606 1315 2646 legatur,
1351 2604 1524 2637 laborabit
1558 2614 1703 2644 versus;

1001 2664 1079 2688 uam
1103 2655 1291 2696 dupliciter
1315 2654 1347 2686 ei
1370 2654 1525 2687 succurri
1548 2655 1700 2696 poterit:

1000 2715 1027 2738 1.
1044 2710 1082 2737 ut
1098 2705 1206 2746 prima
1221 2705 1257 2736 in
1275 2705 1405 2746 reliquis
1419 2705 1643 2746 producatur,
1665 2710 1702 2739 et

1000 2755 1170 2788 scribatur
1183 2755 1334 2796 relliquis,
1358 2758 1396 2786 ut
1417 2755 1554 2796 quidam
1580 2755 1614 2787 in
1629 2754 1699 2788 fab.

1000 2808 1062 2842 ult.
1076 2807 1109 2843 11.
1125 2808 1146 2840 l.
1162 2806 1307 2850 faciunt,
1323 2811 1359 2840 et
1373 2807 1494 2849 passim
1509 2807 1601 2851 apud
1617 2808 1700 2842 alios
