1806 3236
222 227 309 272 418

222 337 297 367 tum
314 337 442 367 torrem
455 333 657 369 Chorinaeus
679 334 723 368 ab
739 345 799 368 ara
814 334 929 368 Corri-

224 384 303 427 pit,’
316 386 382 418 &c.
405 385 548 418 Petron.
564 386 637 418 Sat.
660 386 670 405 ⁴
688 384 745 419 Ab
762 385 830 418 aris
844 385 930 418 alius

225 434 387 468 accendit
402 434 518 475 faces,'
532 437 597 469 &c.
621 435 701 477 Εἰς.

268 485 439 519 Ardentem
446 485 569 527 facem]
603 486 696 519 Puto
713 486 858 520 otiosum
875 486 931 519 vel

224 534 380 579 παρέλκον
393 546 467 568 esse
483 536 673 579 epitheton.
714 537 830 580 Magis
845 536 932 570 mire

225 587 389 628 Propert.
405 586 449 619 de
464 586 613 620 Amore:
647 591 657 607 ⁴
673 588 764 621 Nam
787 587 849 621 tibi
865 597 932 620 non

225 637 362 680 tepidas
387 637 543 684 subdidit
571 638 630 671 ille
654 638 774 672 faces?
806 639 932 681 Schiop.

225 689 333 730 Puto,
347 689 458 732 inquit
480 688 698 732 Schioppius,
718 690 861 723 otiosum
878 690 934 722 vel

225 737 381 782 παρέλκειν
396 749 470 773 esse
485 740 689 782 epithetum.
716 739 784 773 Sed
800 739 934 773 fallitur

225 793 353 825 iterum
391 792 573 835 Olympius
610 793 933 835 grammaticorum3

220 842 286 882 sax
311 843 399 875 euim
427 843 474 875 nil
501 843 594 875 aliud
621 848 687 884 est,
705 853 807 886 quam
830 841 932 875 fustis

225 892 356 925 incisus
383 897 420 925 et
449 893 498 926 ita
522 899 754 937 comparatus,
780 898 819 926 ut
840 893 934 926 flam-

226 955 332 987 mam,
345 946 373 979 si
389 946 438 979 ita
453 957 534 979 usus
558 948 725 989 postulet,
748 948 934 990 concipere

227 997 349 1039 possit.
393 997 523 1030 Saltem
548 997 742 1031 meminisse
766 998 855 1030 illius
875 997 934 1030 de-

227 1049 363 1090 buerat,
380 1050 472 1093 quod
500 1061 520 1082 a
533 1050 632 1092 Virg.
647 1051 682 1082 in
697 1060 723 1083 1.
746 1050 935 1091 Georgico-

227 1111 304 1134 rum
327 1101 491 1142 scriptum
518 1105 591 1134 est:
627 1101 638 1119 ‘
655 1102 828 1144 Ferroque
844 1099 936 1133 faces

227 1150 377 1193 inspicat
393 1151 520 1184 acuto.’
554 1152 735 1194 Ejusmodi
751 1152 843 1194 ligna
858 1151 935 1183 olim

228 1202 321 1243 apud
344 1202 488 1235 Graecos
511 1202 628 1245 ’γράβια
650 1203 876 1243 vocabantur,
898 1207 938 1236 ut

229 1252 386 1285 ostendit
413 1253 506 1295 apud
529 1253 736 1286 Athenaeum
759 1253 936 1294 Seleucus,

229 1304 321 1346 quod
337 1308 374 1336 et
388 1304 480 1346 apud
505 1305 722 1338 Eustathium
743 1305 859 1347 legere
884 1310 938 1338 est

228 1363 265 1395 p.
278 1362 442 1387 mnnxxr.
457 1355 618 1388 editionis
633 1356 807 1388 Romanae.
823 1356 937 1390 Faber.

229 1405 412 1447 Scioppius
442 1406 586 1439 otiosum
616 1411 717 1449 putat
747 1407 936 1449 epitheton.

230 1456 413 1496 Mendose,
429 1461 468 1490 ut
482 1458 624 1500 opinor:
647 1458 712 1490 etsi
724 1458 821 1491 abest
833 1457 938 1490 etiam

232 1507 276 1539 ab
298 1507 410 1541 Anon.
424 1507 495 1540 fab.
513 1511 566 1540 13.
610 1508 684 1541 Nisi
701 1518 782 1541 vero
797 1507 857 1541 fax
882 1517 940 1542 ex-

232 1558 344 1591 tincta
359 1558 487 1592 desinit
507 1558 565 1592 fax
589 1569 675 1592 esse.
720 1559 829 1603 Atqui
846 1560 940 1593 Naso

231 1608 348 1645 Amor.
372 1618 431 1642 ιιι.
457 1612 489 1642 9.
523 1610 534 1628 ⁴
554 1611 600 1643 Et
627 1609 756 1643 fractos
783 1620 882 1643 arcus
905 1614 942 1643 et

231 1659 305 1692 sine
330 1660 408 1693 luce
435 1659 572 1694 facem.’
630 1661 745 1695 Quid?
779 1661 871 1703 quod
898 1670 942 1693 ne

232 1710 370 1751 proprie
385 1710 524 1753 quidem
540 1711 606 1750 sax
621 1711 684 1743 hoc
708 1711 785 1743 loco
802 1711 941 1743 dicitur.

231 1761 330 1792 Nihil
357 1761 449 1793 enim
473 1761 565 1792 aliud
592 1765 716 1793 auctor
739 1761 825 1801 vult,
842 1771 940 1803 quam

232 1810 370 1843 divinus
385 1811 593 1843 Parthenias
607 1811 680 1844 AEn.
694 1820 762 1844 xn.
783 1811 792 1828 ‘
808 1811 941 1843 Obvius

233 1854 428 1893 ambustum
455 1866 583 1894 torrem
608 1861 807 1894 Chorinaeus
823 1861 866 1894 ab
883 1872 942 1895 ara

233 1911 413 1954 Corripit!
437 1912 567 1944 Prusch.
604 1912 762 1955 Hyginus
777 1911 849 1944 fab.
867 1916 941 1947 122.

232 1962 242 1980 ‘
259 1963 436 1995 'ru-uncum
452 1963 631 1996 ardentem
648 1973 692 1995 ex
708 1973 768 1995 ara
782 1964 942 1996 sustulit!

234 2014 306 2047 Jul.
338 2014 468 2056 Obseq.
497 2024 574 2056 cap.
600 2016 654 2046 ⁷0.
687 2013 697 2031 ‘
727 2013 863 2046 Lavinii
884 2012 942 2045 fax

234 2065 360 2097 ardens
387 2065 421 2097 in
442 2066 532 2098 coelo
549 2065 622 2097 visa
633 2064 655 2097 ι’
688 2064 743 2097 ubi
768 2073 802 2097 v.
825 2063 942 2096 Schef·

236 2115 303 2147 fer.
347 2115 437 2147 Vide
454 2116 550 2157 plura
575 2115 735 2157 exempla
750 2113 840 2156 apud
855 2114 944 2147 Axe-

236 2166 343 2206 nium,
367 2171 403 2198 et
426 2167 733 2208 Hoogstratanum.
779 2165 943 2198 Heinsius

234 2218 369 2250 mavult
391 2222 505 2250 tamen
530 2216 668 2257 ardenti,
683 2220 720 2248 ut
736 2215 945 2258 respondeat

236 2268 282 2307 τῷ
296 2278 364 2300 ara.
388 2268 508 2301 Burm.

282 2319 456 2350 Ardentem
476 2317 597 2359 facem]
622 2317 701 2350 Nou
725 2317 868 2350 otiosum
893 2320 946 2350 est

232 2369 411 2409 ardentem,
440 2372 479 2400 ut
509 2368 689 2410 Scioppius
720 2371 832 2409 putat.
888 2368 944 2400 Sic

238 2419 328 2451 enim
346 2418 513 2451 Phaedrus
526 2419 719 2451 imitatione
730 2419 878 2460 Virgilii,
888 2419 945 2462 qui

239 2471 316 2504 AEn.
334 2472 394 2504 lib.
410 2481 445 2503 v.
476 2472 487 2489 ‘
503 2471 677 2504 Ardentes
702 2467 782 2503 dare
809 2471 880 2503 visa
895 2470 946 2503 fa-

239 2523 322 2554 ces!
356 2522 473 2555 Tibul.
496 2522 595 2563 Eleg.
622 2531 661 2554 n.
679 2524 714 2553 1.
745 2521 755 2539 ‘
775 2520 945 2554 Ardentes

238 2572 318 2604 hinc
334 2572 455 2614 procul
479 2571 567 2604 abde
583 2571 698 2604 faces!
742 2572 864 2614 Neque
887 2573 946 2604 ali-

241 2627 296 2654 ter
324 2627 457 2655 veteres
486 2622 736 2664 loquebantur:
764 2622 830 2660 sax
860 2623 946 2655 enim

240 2673 380 2715 proprie
397 2677 449 2705 est
465 2672 610 2705 frustum
627 2682 646 2704 e
661 2671 808 2714 disjecta
824 2671 947 2704 arbore

242 2722 332 2763 picei
359 2723 505 2763 generis,
530 2722 620 2765 quod
646 2722 768 2754 alendo
793 2722 861 2763 igni
878 2733 947 2755 ¹ser-

243 2772 372 2810 viebat,
395 2777 432 2803 ut
459 2782 500 2804 ex
523 2772 656 2804 duobus
677 2771 840 2804 Varronis
864 2772 948 2804 locis

236 2821 416 2862 discimus,
432 2832 513 2865 quos
529 2821 625 2856 nobis
641 2821 789 2855 servavit
805 2821 947 2855 Nonius.

687 239 832 273 NOTAE
867 239 1134 274 VARIORUM
1168 238 1220 274 lt«

979 335 1037 368 stc
1052 331 1176 370 cicero
1193 335 1228 369 in
1242 335 1342 369 verr.
1365 334 1376 355 ¹
1393 335 1549 370 Dextera
1563 326 1684 371 arabas

980 391 1051 419 tem
1075 385 1188 419 facem
1204 385 1413 428 preferebat
1424 389 1445 420 :'
1467 390 1504 419 et
1524 386 1574 420 sic
1589 387 1683 423 idern

981 436 1118 479 saepius.
1162 436 1295 470 Siculus
1318 437 1463 471 Flaccus
1477 437 1566 481 (sive
1588 437 1685 472 utin

967 486 1211 532 'vetustissimo
1226 487 1293 520 Ms.
1307 491 1425 520 nostro
1446 491 1603 530 vocatur,
1614 488 1686 523 88-

982 536 1094 579 culus)
1115 537 1232 571 libello
1248 537 1291 572 de
1313 536 1567 572 conditionibus
1586 548 1687 582 agro·

983 597 1077 620 rum:
1102 590 1111 607 ‘
1129 587 1303 622 Sacrificio
1316 587 1422 631 facto,
1432 589 1613 634 hostiaque
1627 591 1688 624 im-

982 640 1156 672 maculata
1173 649 1277 682 caesa,
1289 638 1421 674 facibus
1437 640 1637 685 ardentibus
1650 641 1687 675 in

983 689 1235 733 fossacooperti
1244 691 1442 733 sanguinem
1452 691 1690 737 instillabant?
1713 708 1721 711 -

983 741 1040 774 Ita
1054 742 1172 775 Plaut.
1199 742 1369 775 Menaecb.
1383 751 1419 776 v.
1434 742 1578 776 Scen.'2.
1599 742 1691 777 dixit

983 791 994 809 ‘
1010 792 1140 826 Oculos
1166 802 1306 826 exuram
1331 792 1547 836 lampadibus
1566 792 1689 827 arden-

985 843 1100 877 tibus.'
1143 844 1269 887 Neque
1284 843 1384 877 aliter
1402 838 1630 887 loquebantur
1652 843 1690 877 in

985 893 1068 935 ipsis
1083 893 1256 927 artificum
1269 889 1408 928 scholis.
1430 894 1569 936 vitruv.
1580 892 1689 928 Aren.

983 939 1046 978 lib.
1060 954 1102 978 11.
1118 947 1153 979 9.
1174 946 1185 964 ‘
1202 945 1416 988 Imperatum
1431 943 1692 987 estjfascicnlos

986 1005 1030 1029 ex
1054 997 1160 1039 virgis
1184 996 1342 1039 alligatos
1361 1000 1398 1029 et
1412 995 1510 1029 faces
1531 991 1692 1030 ardentes

987 1047 1030 1080 ad
1044 1058 1119 1081 eam
1135 1049 1358 1081 munitionem
1386 1047 1595 1080 accedentes
1613 1046 1692 1081 'mit-

987 1098 1087 1132 tere.¹
1139 1099 1197 1132 Sic
1233 1098 1326 1141 apud
1360 1099 1568 1131 Varronem
1587 1097 1692 1132 etiam

987 1150 1164 1192 Sexagesi.
1181 1151 1192 1169 ⁴
1208 1149 1319 1182 Adest
1334 1148 1394 1182 fax
1409 1147 1586 1182 involuta
1576 1156 1694 1197 iucen-

987 1200 1067 1234 dio.’
1096 1201 1165 1233 Ubi
1181 1200 1330 1242 eleganti
1344 1198 1541 1242 paraphrasi
1557 1184 1695 1240 poetica

988 1251 1070 1283 nihil
1092 1251 1186 1284 aliud
1212 1250 1340 1283 dicitur
1353 1259 1468 1293 quam,
1482 1249 1541 1282 fax
1557 1249 1694 1283 ardeus.

987 1301 1045 1334 Ita
1058 1301 1161 1334 etiam
1174 1301 1298 1334 Cicero
1312 1300 1403 1343 alibi,
1415 1305 1452 1333 et
1464 1299 1641 1343 Virgilius,
1656 1304 1694 1333 et

989 1351 1164 1385 Minucius
1193 1351 1292 1384 Felix
1329 1351 1449 1384 dixere
1481 1351 1492 1370 ‘
1519 1350 1694 1384 Ardentes

990 1402 1105 1444 tedae,’
1121 1413 1196 1446 quae
1214 1403 1289 1445 jam
1304 1401 1475 1435 flammam
1490 1411 1694 1446 concepere.

990 1455 1056 1488 His
1079 1455 1223 1497 facibus,
1247 1456 1319 1488 sive
1339 1455 1458 1488 frustis
1481 1455 1571 1498 picei
1593 1455 1694 1498 ligni,

990 1506 1236 1539 exstruebatur
1255 1507 1358 1548 vulgo
1372 1509 1408 1539 et
1422 1506 1580 1541 alebatur
1595 1505 1697 1548 iguis,

992 1561 1063 1590 tam
1078 1557 1112 1589 in
1127 1556 1193 1589 aris
1208 1556 1360 1598 deorum,
1373 1565 1472 1599 quam
1495 1556 1530 1588 in
1546 1555 1698 1598 privato

994 1618 1066 1641 rum
1082 1607 1178 1641 focis.
1211 1598 1317 1641 hvid.
1342 1607 1487 1640 Metam.
1501 1613 1588 1640 vu!
1610 1607 1700 1640 “Ut»
1727 1603 1733 1609 ’

993 1669 1058 1702 que
1070 1668 1179 1700 rapax
1193 1659 1281 1701 ignis
1296 1668 1362 1691 uon
1374 1663 1522 1702 unquam
1536 1658 1700 1691 alimenta

993 1713 1142 1750 recusat,
1155 1709 1427 1752 Innumerasque
1447 1708 1542 1742 faces
1558 1711 1700 1749 crem-t,

993 1764 1041 1802 et,
1055 1769 1121 1802 quo
1136 1760 1235 1802 copia
1258 1760 1367 1801 major
1394 1759 1456 1792 Est
1480 1758 1573 1800 data,
1597 1758 1698 1802 plura

993 1811 1115 1853 cupit!
1139 1811 1225 1843 Gud.

1037 1864 1079 1893 10
1103 1861 1202 1893 Hosti
1215 1861 1349 1893 dolorem
1360 1862 1472 1893 daonno
1487 1861 1617 1894 miscens
1630 1871 1700 1894 san·

991 1911 1114 1953 guinis]
1141 1911 1238 1953 Lege
1266 1911 1391 1944 Hostis.
1414 1911 1557 1944 Prasch.
1577 1912 1699 1944 Trans-

995 1962 1102 1994 latum
1125 1971 1146 1994 a
1171 1961 1349 2003 conviviis,
1372 1961 1406 1994 in
1430 1962 1553 2004 quibus
1576 1962 1702 1995 misceri

993 2015 1086 2054 potus
1098 2012 1240 2054 dicitur,
1255 2013 1314 2055 qui
1327 2017 1517 2054 apparatur
1532 2012 1620 2054 aliis,
1634 2011 1700 2044 sic-

994 2067 1035 2095 ut
1058 2063 1150 2105 apud
1176 2063 1381 2095 Ciceronem
1407 2061 1451 2094 de
1475 2062 1551 2095 Fin.
1591 2062 1602 2081 ⁸
1633 2060 1701 2095 Mi-

995 2123 1093 2146 scere
1119 2113 1276 2146 mnlsum’
1291 2113 1390 2146 alteri
1406 2112 1548 2145 dicitur.
1591 2112 1638 2145 Et
1652 2111 1700 2144 sie

995 2163 1052 2196 ille
1076 2164 1151 2206 ipse
1177 2164 1302 2196 Cicero
1326 2165 1360 2196 in
1385 2163 1523 2196 catilin.
1544 2165 1578 2196 4.
1600 2162 1611 2181 ‘
1626 2163 1702 2204 Ego

995 2224 1153 2256 magnum
1180 2214 1215 2247 in
1238 2214 1374 2257 republ.
1391 2214 1521 2247 versari
1536 2213 1703 2254 furorem,

996 2269 1033 2298 et
1047 2275 1137 2298 nova
1151 2265 1306 2307 quasdam
1329 2264 1464 2297 misceri
1481 2267 1518 2296 et
1538 2263 1703 2296 concitari

996 2317 1084 2348 mala
1106 2316 1178 2357 jam
1208 2315 1343 2357 pridem
1374 2312 1556 2346 videbam.’
1594 2313 1701 2353 Sches.

996 2366 1112 2407 Lege:
1137 2364 1237 2396 Hosti
1259 2365 1361 2397 dolose
1381 2364 1529 2396 damnum
1542 2362 1703 2404 sanguinis

995 2417 1089 2448 ciens.
1133 2415 1191 2447 Ita
1217 2414 1287 2447 fab.
1314 2416 1368 2447 35.
1390 2415 1400 2432 ‘
1417 2413 1545 2446 Dolose
1563 2416 1640 2445 tuto
1665 2422 1702 2445 se

996 2465 1152 2499 condidit
1167 2465 1276 2498 cavo!
1307 2464 1430 2497 Vellei.
1454 2464 1595 2496 Patere.
1619 2470 1646 2494 r.
1669 2465 1702 2495 Β.

995 2517 1005 2534 ‘
1022 2516 1147 2549 Rixam
1171 2515 1289 2556 ciens,’
1319 2519 1359 2547 ut
1384 2518 1480 2546 recte
1506 2512 1702 2546 Burrerius.

996 2568 1038 2600 In
1056 2571 1190 2601 vetusto
1207 2567 1336 2599 Codice
1356 2569 1442 2605 erat,
1468 2564 1590 2596 Rixam
1606 2564 1702 2597 acies.

997 2618 1119 2651 Heius.
1151 2617 1369 2658 Ascripserat
1385 2615 1487 2648 etiam
1501 2614 1623 2648 Codici
1639 2625 1702 2648 suo

997 2667 1175 2708 Heinsius,
1197 2667 1266 2709 legi
1289 2675 1412 2708 posse:
1444 2664 1543 2696 Hosti
1567 2665 1703 2698 dolorem

996 2719 1108 2751 damno
1132 2718 1281 2749 ulciscens
1301 2715 1475 2757 sanguinis.
1521 2716 1567 2748 Et
1582 2715 1702 2749 Ovidii

998 2769 1109 2801 locum
1135 2768 1386 2809 adscripscrat:
1422 2767 1431 2783 ‘
1459 2767 1546 2800 Quae
1572 2765 1702 2807 proprii

1000 2818 1122 2852 damno
1161 2816 1333 2860 sanguinis
1372 2816 1443 2849 ulta
1481 2815 1590 2849 virum
1623 2814 1702 2848 ost!
