1806 3236
335 150 539 212 mamm
574 178 684 211 mn.
716 175 1025 210 AEsomARUM
1062 177 1159 208 mu.
1193 176 1269 207 111.
1299 165 1345 208 9.

102 275 316 311 sermonibus
331 273 447 317 vulgi}
462 275 647 317 reperitur.
681 273 751 306 Sed
767 271 816 304 nil

102 337 191 371 opus
213 331 268 360 est
291 325 522 360 correctione.
567 324 714 366 Optime
736 323 819 356 doc-

103 378 257 413 tissimus
272 378 468 413 Gronovius
490 378 527 410 in
548 376 617 409 suis
633 376 676 408 ad
693 386 746 408 me
763 375 818 408 lit·

103 430 212 464 terisz
234 430 245 449 ‘
261 430 359 464 Cedo
383 428 523 462 invidiae
544 429 630 471 (non
647 428 818 470 Socratis,

37 509 42 512 ,
102 491 183 515 nam
209 491 253 515 ea
277 491 344 514 vox
367 481 424 514 hic
444 479 639 523 repetenda
665 489 732 512 non
753 483 819 521 est,

103 533 180 577 sed,
193 538 234 567 ut
247 531 441 576 Socratem
454 532 492 565 id
505 537 572 574 est,
586 531 687 564 facile
704 531 819 573 patior

103 595 162 619 me
175 583 432 626 circumveniri,
446 587 484 616 et
510 584 568 616 vel
590 583 742 616 damnari
766 587 819 616 at-

104 645 174 681 que
198 635 311 670 occidi
334 636 380 669 ab
404 635 545 676 invidis,
565 639 605 667 ut
626 635 698 675 ille,
721 634 820 667 dum-

104 687 210 722 modo
228 692 310 731 post
325 691 475 720 mortem
492 686 635 730 judicer
655 686 820 718 innocens

106 738 225 773 fnisse.
247 738 360 781 Cedo,
370 743 410 771 nt
426 738 519 782 apud
532 738 706 771 Valerium
723 738 821 770 Max.

106 793 118 812 ⁸
134 792 248 826 Unius
273 791 423 835 aliquem
445 791 643 824 testimonio
669 790 821 831 cedere‚'

106 843 151 876 de
177 852 247 887 quo
272 842 308 876 in
333 842 493 875 Pecunia
515 843 647 875 Vetere
674 852 709 885 p.
734 841 822 875 7082

107 895 238 929 Invidia
251 892 360 938 igitur
383 894 440 928 hic
456 895 571 937 posita
593 904 658 937 pro
680 894 821 935 invidis,

108 952 150 980 ut
164 946 249 980 etin
267 946 342 979 aliis
357 946 552 979 consuevit.
591 945 632 979 V.
647 945 707 979 lib.
722 954 775 980 ιν.
788 948 822 979 4.

109 998 268 1042 Respicit
287 1003 325 1032 et
348 998 406 1032 hic
430 999 597 1041 sejanum
612 1009 690 1032 cum
706 998 821 1032 sociis.

109 1050 217 1091 Sches.
262 1049 338 1084 Liv.
359 1059 419 1083 m.
441 1053 497 1083 64.
526 1051 537 1070 ‘
554 1050 668 1083 Video
687 1050 822 1083 differri

109 1101 276 1135 adversus
301 1111 365 1134 nos
389 1105 594 1142 certameu;
618 1101 755 1135 dandus
770 1106 825 1135 est

108 1152 248 1187 invidias
269 1152 432 1195 unguis!
486 1153 534 1186 Et
562 1161 613 1186 ιν.
639 1155 695 1186 44.
725 1157 736 1172 ¹
751 1152 825 1186 Ad-

109 1213 219 1237 versa
244 1203 383 1237 invidia
405 1203 514 1246 objici
528 1204 674 1238 maluit!
706 1205 824 1238 Heius.

113 1257 232 1290 cadere
258 1255 392 1289 invidia
420 1255 566 1298 dictum,
594 1260 633 1290 ut
659 1256 671 1276 ⁴
688 1257 824 1291 Cedere

110 1308 285 1351 fortanae,'
298 1309 393 1342 cies.
407 1308 452 1342 de
467 1309 511 1342 B.
521 1308 569 1342 G.
584 1318 652 1342 vn.
666 1312 720 1342 89.
734 1310 745 1327 ⁴
760 1310 825 1343 Ce-

112 1361 199 1395 dere
223 1359 400 1404 tempori‚'
426 1364 464 1394 et
486 1360 622 1402 similia,
637 1361 680 1394 de
703 1361 826 1405 quibus

112 1413 156 1447 ad
169 1413 313 1460 Quinct.
327 1412 428 1446 Deci.
443 1421 495 1446 vr.
509 1414 563 1446 16.
590 1412 708 1445 Bur-m.

156 1465 336 1498 Dummodo
347 1464 494 1497 ubsolam
505 1463 602 1505 cinis]
615 1464 657 1497 Id
669 1467 736 1506 est,
747 1468 828 1506 post

111 1520 281 1551 mortemx
302 1515 394 1558 quod
409 1519 446 1549 et
462 1515 602 1548 Socrati
614 1515 758 1557 accidit,
772 1526 828 1548 cu·

108 1569 168 1611 jun
196 1572 419 1603 accusatores
451 1565 590 1609 Anytus
620 1570 658 1599 et
683 1567 828 1600 Melitns

114 1618 256 1652 tandem
271 1617 422 1651 omnium
435 1617 580 1660 judiciis
594 1617 830 1659 condemnati,

112 1671 190 1713 ipse
205 1678 290 1703 vero
303 1669 469 1702 Socrates
484 1677 602 1701 eornm
625 1678 704 1701 reus
728 1669 828 1702 abso-

113 1722 208 1755 lutus
224 1725 289 1754 est.
331 1718 515 1762 Significat
540 1719 725 1760 Phaedrus,
739 1730 776 1753 se
793 1721 828 1754 in

114 1778 216 1808 reatu
230 1774 323 1807 hunc
347 1773 475 1807 librum
498 1773 691 1816 scripsisse,
707 1784 786 1807 cum
809 1784 830 1807 a

113 1826 244 1870 Seiano
255 1825 468 1870 iniquissimo
481 1830 668 1859 vexaretur
672 1826 808 1868 judicio
819 1838 827 1859 :

115 1877 160 1912 de
175 1887 244 1922 quo
259 1881 297 1911 et
313 1887 431 1920 supra.
465 1876 554 1911 Βία.

162 1929 269 1972 Ciuis]
283 1929 475 1972 Postquam
490 1929 575 1962 cinis
586 1927 704 1962 factus
717 1927 828 1962 fuero.

117 1982 206 2015 Post
234 1985 382 2014 mortem
407 1989 532 2012 meam.
587 1980 688 2012 Sicut
712 1981 832 2013 evenit

117 2031 268 2074 Socrati,
281 2035 322 2064 ut
347 2040 390 2063 ex
411 2030 556 2064 historia
574 2036 706 2064 notum.
742 2032 831 2064 Eum

118 2082 211 2116 euim
223 2082 371 2125 respicit
385 2082 436 2114 his
450 2081 578 2114 verbis.
617 2081 726 2122 Schts.

163 2138 184 2168 ὅ
208 2134 240 2167 Ε
257 2133 387 2176 populo]
420 2133 580 2174 (ἔθη-ιι.
606 2135 640 2166 9.
667 2135 678 2152 ‘
694 2134 791 2166 Unus
813 2142 833 2166 e

119 2184 273 2229 populo.’
294 2185 394 2218 Idem
406 2183 496 2227 quod
511 2183 573 2218 inf.
585 2194 643 2219 111.
658 2187 712 2218 19.
725 2185 736 2203 ⁴
753 2185 835 2220 Qui·

119 2237 200 2270 dam
216 2246 237 2270 e
253 2235 357 2269 turba
369 2235 392 2268 :³
416 2236 476 2268 nbi
490 2235 583 2269 vide.
616 2236 732 2269 Burm.

165 2288 281 2322 Nescio
303 2287 390 2331 quis]
427 2287 590 2320 Formuia
618 2287 834 2331 loquentium

121 2342 166 2375 de
181 2341 321 2384 ignotis.
352 2340 478 2373 Cicero
494 2340 539 2372 de
554 2339 696 2373 Amicit.
719 2342 729 2360 ‘
744 2341 836 2375 Qua-

120 2393 190 2426 lem
212 2391 321 2426 fuisse
337 2390 484 2425 Athenis
508 2391 701 2434 Timonem,
715 2393 834 2426 nescio

122 2454 238 2489 quem,
252 2443 474 2487 accepimus!
506 2442 616 2483 Schef.

1492 163 1578 206 511

915 280 960 313 Ut
973 280 1055 324 fieri
1077 279 1174 322 solet]
1198 279 1300 313 Inter
1326 277 1582 311 aedificandum.

869 331 948 364 Hoc
963 331 1054 364 enim
1070 331 1219 364 maxime
1234 330 1291 363 hic
1307 328 1512 363 attenditur.
1535 329 1584 361 Et

868 387 923 415 est
947 387 1048 416 notus
1075 392 1121 419 eo,>
1141 382 1186 415 de
1211 392 1249 414 re
1273 391 1404 423 versus,
1431 390 1533 424 quem
1546 385 1585 413 et

870 434 1125 467 Rittershusius
1138 433 1295 475 protulit.
1323 432 1431 472 Schef.

916 485 1049 529 Uefieri
1062 484 1155 526 solet]
1180 484 1331 527 Nempe,
1356 484 1366 502 ‘
1382 483 1452 518 Qui
1479 483 1585 517 struit

869 537 905 570 in
921 537 1022 579 calle,
1037 537 1163 570 multos
1181 535 1287 569 habet
1302 536 1360 568 iile
1375 535 1554 577 magistros
1566 534 1588 568 ι’

870 594 909 622 ut
924 588 1098 631 vulgatum
1116 592 1171 620 est
1186 587 1381 620 dicterium.
1407 586 1497 619 Rite.

913 642 936 672 6
960 639 1050 672 Talis
1076 637 1145 680 vir]
1195 639 1254 671 Sic
1285 637 1378 681 apud
1419 638 1587 671 Plautum

871 691 1010 734 Captiv.
1034 700 1069 724 v.
1097 694 1131 724 2.
1155 693 1190 724 2.
1214 690 1370 734 loquitur
1396 699 1516 723 servus
1543 689 1586 722 ad

871 743 1019 776 herum:
1056 744 1066 762 ‘
1083 741 1176 776 Quid
1204 752 1261 774 me
1291 744 1432 784 oportet
1457 741 1590 782 facere,

873 795 932 829 ubi
949 801 988 829 tu
1003 795 1082 829 talis
1101 795 1155 828 vir
1169 793 1294 828 falsum
1316 799 1474 827 autumas
1486 793 1509 826 Ρ
1533 793 1589 827 Sic

871 849 1054 882 Sallustius
1083 848 1130 881 de
1158 848 1274 881 Mario
1303 847 1396 884 Bell.
1423 847 1508 890 Jug.
1535 849 1591 880 63.

873 902 884 920 ‘
901 900 1034 934 Tamen
1050 900 1094 933 ad
1111 900 1147 933 id
1162 901 1317 933 locorum
1332 899 1410 933 talis
1425 899 1480 932 vir
1491 899 1591 942 (nam

874 957 996 995 postea
1011 952 1198 986 ambitione
1216 961 1376 995 praeceps
1402 951 1504 984 datus
1520 949 1593 993 est)

875 1004 1091 1036 consulatum
1116 1007 1284 1046 appetere
1314 1012 1383 1036 non
1414 1000 1593 1035 audebat)

875 1054 1003 1097 Sclaiop.
1035 1054 1181 1087 Terent.
1205 1054 1294 1087 Eun.
1309 1063 1334 1087 1.
1349 1057 1383 1087 2.
1400 1054 1410 1072 ‘
1427 1055 1475 1087 Et
1490 1054 1593 1087 istam

876 1114 967 1137 nunc
995 1104 1109 1147 times,
1140 1105 1229 1139 Quae
1267 1104 1418 1137 advecta
1452 1109 1527 1146 ests
1548 1114 1593 1137 ne

874 1156 973 1189 illum
1003 1156 1110 1189 talem
1141 1155 1325 1198 praeripiat
1355 1155 1442 1188 tibi?
1489 1155 1596 1190 Corn.

877 1208 969 1251 Nep.
995 1207 1113 1241 Alcib.
1141 1210 1175 1240 6.
1214 1207 1364 1250 ‘Itaque
1404 1211 1441 1240 et
1466 1207 1594 1240 Siciliae

862 1260 1037 1292 amissum
1057 1263 1094 1292 et
1117 1258 1463 1292 Lacedaemoniorum
1488 1258 1596 1290 victo-

877 1311 945 1345 rias
960 1312 1074 1353 culpae
1098 1320 1169 1343 suae
1197 1309 1410 1350 tribuebant,
1428 1308 1520 1352 quod
1545 1312 1597 1340 ta-

876 1364 945 1395 lem
972 1362 1084 1395 virum
1115 1371 1136 1394 e
1175 1361 1320 1394 civitate
1358 1359 1596 1402 expulissent?

876 1415 921 1448 V.
938 1414 1061 1447 Heius.
1077 1413 1119 1446 ad
1137 1412 1244 1447 Ovid.
1259 1413 1355 1445 Fast.
1372 1421 1406 1445 v.
1421 1414 1500 1444 460.
1537 1410 1596 1444 Ita

879 1466 972 1509 apud
995 1466 1141 1499 Graecos
1165 1466 1263 1506 τοῖος,
1280 1469 1318 1496 ut
1331 1463 1450 1496 docuit
1465 1462 1596 1505 Spanh.

879 1517 923 1550 ad
940 1517 1029 1550 Cau.
1054 1516 1185 1559 Hymn.
1206 1516 1243 1548 in
1272 1516 1379 1548 Dian.
1403 1508 1478 1548 146.
1515 1515 1599 1549 vid.

879 1568 924 1601 ad
940 1569 1084 1601 Petron.
1099 1576 1175 1600 mu.
1211 1568 1326 1600 Burm.

927 1620 1014 1653 Talis
1036 1619 1103 1662 oir]
1134 1619 1174 1651 ‘0
1199 1618 1305 1652 τόσος.
1349 1619 1466 1652 Plaut.
1495 1618 1600 1662 Capt-

880 1678 948 1706 act.
964 1682 997 1705 v.
1013 1682 1062 1705 sc.
1075 1675 1108 1705 2.
1126 1681 1160 1703 v.
1178 1674 1212 1712 2.
1234 1671 1376 1703 Sallust.
1391 1670 1472 1713 Jug.
1490 1679 1600 1704 nxm.

879 1724 963 1766 Ipse
979 1723 1111 1756 Phaedo
1131 1722 1175 1755 de
1198 1722 1368 1755 Socrate:
1386 1720 1490 1754 Ὥστε
1505 1721 1601 1762 ἐγκα-

880 1773 1056 1818 λυψάμενος
1070 1771 1244 1807 ἀντέκλαιον
1268 1771 1412 1813 ἐμαυτόν·
1433 1773 1470 1805 οὐ
1484 1772 1547 1816 γὰρ
1562 1771 1601 1812 δὴ

881 1825 1000 1859 ἐκεῖνόν
1014 1837 1066 1867 γε,
1080 1824 1167 1857 ἀλλὰ
1183 1823 1242 1863 τὴν
1257 1824 1394 1865 ἐμαυτοῦ
1407 1823 1524 1867 τύχην,
1536 1823 1602 1856 οἵου

881 1877 989 1921 ἀνδρὸς
1002 1876 1127 1920 ἑταίρου
1139 1874 1344 1918 ἐστερημένος
1359 1875 1437 1913 εἵην.
1470 1876 1558 1909 Gna.

931 1929 1026 1962 Veris
1051 1927 1179 1969 amicis]
1225 1927 1388 1960 Carsilis:
1421 1926 1459 1960 'ri
1487 1926 1602 1969 φίλοι-ς

882 1980 1064 2023 ἄνέγκριτον
1073 1980 1189 2020 κτῆμα.
1204 1979 1296 2011 Vide
1305 1979 1440 2012 Theou.
1453 1980 1604 2022 Sophist.

884 2033 1053 2076 Progym.
1091 2031 1171 2072 Rig.

932 2083 1024 2116 Veris
1048 2082 1160 2115 amicis
1180 2082 1342 2125 impleam]
1378 2082 1518 2115 Nedum
1545 2083 1604 2118 do-

885 2143 978 2167 mum
1003 2133 1157 2176 implerit
1180 2133 1356 2174 Socrates,
1379 2143 1457 2166 oum
1480 2144 1524 2167 ne
1544 2144 1604 2168 na-

869 2218 872 2219 ⁷
887 2186 956 2218 vim
965 2183 1135 2226 Theognis
1150 2183 1288 2225 impleri
1304 2193 1404 2226 posse
1420 2183 1518 2217 dicat
1542 2195 1604 2218 un-

885 2234 1067 2279 dequaque
1090 2234 1244 2267 collectis
1266 2234 1387 2267 amicis
1411 2235 1524 2269 veris:
1551 2247 1604 2270 vs.

886 2290 939 2321 83.
961 2285 1038 2320 Τοὺς
1053 2286 1079 2318 δ’
1097 2285 1159 2326 οὐχ
1184 2284 1321 2328 εὑρήσεις
1346 2284 1519 2329 διζήμενος,
1540 2287 1606 2321 οὐδ’

887 2338 939 2372 ἐπὶ
952 2337 1075 2371 πάντας
1100 2337 1306 2380 Ἀνθρῶπουε,
1320 2336 1373 2371 οὓς
1387 2339 1462 2372 ναῦς
1482 2338 1526 2380 μὴ
1550 2338 1607 2381 μία

884 2389 1006 2424 πάντας
1021 2389 1104 2431 ἄγοι.
1140 2390 1224 2422 Nev.
