1806 3236
176 203 263 253 296
435 221 695 255 APPENDIX
730 223 1043 259 FABULARUM
1074 228 1394 264 AESOPIARUM.

176 317 336 361 Aurito
357 319 587 371 insidians,
607 320 700 363 illic
721 321 871 375 pullos
891 322 1083 378 invenit3

176 385 339 438 Mater,
358 388 527 442 periclo
547 392 668 431 mota
686 389 841 443 prolis,
862 389 1061 444 advolat,

175 453 481 510 Supplexque,
503 456 638 510 pullis
658 460 710 498 ut
730 459 1014 512 parcat-suis,
1032 465 1175 514 rogat.

174 520 417 577 Accipiter,
449 523 585 576 Quod
604 524 688 575 vis,
710 524 867 579 inquit,
887 525 1067 579 faciam,
1085 528 1126 570 si
1144 530 1263 573 bona

174 588 390 632 Cantabis
407 604 519 634 voce
540 604 716 634 carmen
734 593 1009 635 modulatum
1028 596 1149 638 mihi.

171 657 235 701 At
253 658 345 709 illa,
364 659 569 713 quamvis
586 659 804 702 excideret
819 660 1004 713 animus,
1026 666 1176 706 tamen

172 726 303 769 Metu
325 727 525 781 parebat,
546 730 591 769 et
611 730 773 770 coacta
793 729 977 772 cantitat

171 795 406 849 Luctuque
425 794 576 849 plena.
636 795 846 839 Praedam
865 798 943 852 qui
962 801 1220 854 captaverat

171 862 415 918 Accipiter,
436 863 610 917 inquit:
632 862 738 906 Non
756 867 805 906 tu
827 867 1017 908 cantasti
1037 867 1176 910 bene:

171 929 229 973 Et
249 944 381 973 unam
400 943 460 973 ex
474 931 609 987 pullis
629 932 915 987 apprehendit
931 933 1175 988 unguibus3

171 997 411 1054 Coepitque
429 1000 654 1044 devorare.
715 1000 788 1043 Ex
807 1001 983 1044 diverso
1004 1003 1124 1045 venit

169 1066 366 1123 Auceps,
389 1073 433 1111 et
451 1070 627 1111 calamo
648 1070 763 1112 clam
784 1074 1011 1112 crescente
1031 1070 1245 1126 perfidam

169 1134 313 1178 Visco
334 1136 559 1192 contingit,
580 1141 714 1191 atque
733 1137 778 1179 in
796 1140 953 1180 terram
972 1137 1173 1182 detrahit.

228 1202 506 1259 Quicumque
525 1204 703 1247 fraudes
723 1205 799 1247 alii
819 1205 962 1246 tendit
981 1205 1210 1258 subdolas,

168 1272 341 1315 Timere
361 1273 505 1325 debet,
524 1286 579 1315 ne
597 1274 696 1328 ipse
713 1274 915 1329 capiatur
935 1273 1058 1316 dolo·

833 1384 976 1419 No'rAE

186 1454 191 1459 ’
210 1465 231 1495 2
247 1461 378 1503 Aurito]
400 1460 554 1494 Anou.ut
565 1461 775 1503 specularetur
783 1461 869 1493 nuri·
920 1460 1040 1494 Amor.
1055 1464 1131 1494 348.

166 1518 234 1546 tum
245 1524 259 1552 ;
279 1512 340 1546 sed
363 1511 486 1544 Rimic.
511 1515 547 1543 et
570 1512 671 1544 Rom.
686 1514 721 1543 ut
734 1512 871 1553 specula·
966 1513 987 1543 8
1009 1511 1103 1543 Metu
1111 1511 1259 1554 parebat]
1281 1512 1422 1546 Favebat
1437 1513 1554 1548 Anon-

1575 870 1634 916 10

1571 1210 1630 1254 15

165 1568 254 1597 retur
276 1573 390 1596 auras.-
423 1568 597 1604 corrupte.
651 1562 790 1595 Aur-itus
818 1566 872 1594 est
969 1565 1009 1594 13
1035 1562 1126 1595 Clam
1138 1563 1307 1606 cremate]
1332 1564 1412 1597 Hoc
1426 1574 1469 1597 ex
1483 1565 1559 1608 ipso
1575 1575 1633 1598 au-

165 1616 276 1658 lepus,
287 1618 326 1647 ut
337 1618 372 1646 et
387 1613 522 1646 Avieno
536 1612 676 1646 dicitur.
698 1613 771 1646 Pro
787 1613 873 1645 asel·
926 1611 1029 1654 cupio
1045 1613 1270 1654 reposuimus.
1306 1614 1459 1657 Silenter,
1472 1616 1529 1648 vel
1541 1616 1634 1649 silen-

164 1668 199 1698 lo
222 1665 368 1697 vidimus
394 1664 438 1696 ad
458 1663 596 1697 Phaedr.
611 1663 670 1696 lib.
687 1673 713 1696 1.
734 1663 802 1697 fab.
819 1666 872 1696 11.
926 1663 973 1695 tio
998 1664 1112 1706 levato,
1132 1664 1256 1697 Rimic.
1280 1669 1318 1697 et
1339 1664 1451 1698 Anon.
1493 1666 1574 1700 Vid.
1589 1667 1634 1699 ad

164 1716 292 1749 Posset
306 1719 343 1747 et
356 1714 440 1756 legi,
453 1714 604 1747 Aur-itum
616 1715 788 1755 speculans.
927 1714 1069 1747 Petron.
1086 1724 1146 1748 xr„
1160 1719 1196 1748 et
1211 1725 1297 1758 quos
1312 1715 1360 1748 ibi
1371 1715 1517 1749 laudavi.

208 1770 229 1799 7
253 1765 426 1798 Excideret
439 1763 577 1806 animus]
601 1764 737 1796 Animus
749 1764 873 1797 Rimic.
970 1764 986 1806 [
1001 1765 1175 1809 Perfidam]
1203 1765 1260 1798 Sic
1279 1765 1478 1799 Schwahius
1493 1770 1530 1799 et
1544 1766 1634 1800 Bur-

164 1828 197 1850 se
208 1816 398 1859 praecederet
409 1815 512 1847 animo
535 1813 649 1846 Anon.
669 1815 770 1846 animo
784 1824 873 1847 exce·
924 1825 1078 1849 mannus.
1122 1817 1252 1849 Forsan
1267 1816 1516 1850 emendandum
1533 1818 1630 1862 perfi-

165 1870 252 1901 deret
267 1867 369 1900 Rom.
413 1866 487 1907 Ego
503 1864 644 1897 Rimicii
663 1864 871 1906 scripturam
925 1866 1026 1907 ἄκη]

166 1918 315 1960 praetuli.
358 1917 414 1949 Sic
430 1917 439 1934 ‘
452 1916 626 1958 ingenium
636 1915 789 1957 excidit,'
803 1914 870 1948 Ov.
968 1919 1009 1949 14
1033 1916 1205 1959 Detrahit]
1227 1917 1293 1950 Vel
1317 1916 1435 1961 deficit,
1457 1921 1496 1951 ut
1508 1918 1630 1953 Rimic.

165 1970 267 2004 Trist.
297 1978 323 2002 1.
353 1971 383 2001 1.
433 1967 513 2001 Vid.
530 1967 653 2000 Heius.
668 1967 711 1999 ad
727 1966 872 1999 Remed.
925 1971 962 1999 et
976 1966 1090 2000 Anon.

698 2299 912 2340 FABULA
958 2301 1050 2340 XX.

442 2424 666 2476 LUPUS,
697 2424 947 2477 VULPIS,
979 2425 1060 2468 ΕΤ
1089 2424 1354 2468 PASTOR.

166 2544 337 2587 Lupus
358 2558 436 2600 per
453 2548 626 2600 tempus
646 2544 887 2588 maximam
905 2548 1186 2600 congesserat

822 2644 968 2678 NOTAE

209 2704 296 2737 Haec
316 2704 431 2737 fabula
453 2711 506 2739 est
529 2717 582 2749 ap.
598 2707 721 2740 Rimic.
735 2707 793 2740 lib.
808 2718 868 2741 111.
921 2707 992 2740 fab.
1009 2711 1041 2741 6.
1063 2707 1167 2740 Schw.

165 2754 233 2788 fab.
249 2760 280 2788 6.
316 2755 426 2790 Anon.
452 2757 523 2790 fab.
538 2761 592 2792 40.
614 2759 727 2792 Bur-m.
771 2760 869 2801 Legi·
965 2762 982 2791 1
1006 2758 1072 2791 Per
1099 2757 1233 2800 tempus]
1268 2758 1379 2791 Recte
1408 2758 1463 2792 hie
1491 2759 1624 2793 Nilant.

166 2810 223 2838 tur
246 2816 300 2848 ap.
328 2807 422 2840 Rom.
447 2808 529 2841 Div.
556 2813 593 2842 et
617 2809 707 2843 Ulm.
731 2809 789 2843 lib.
810 2818 868 2843 111.
920 2809 1060 2843 Dictum
1087 2814 1142 2842 est
1164 2808 1290 2846 ,eodem
1320 2809 1434 2852 modo,
1460 2814 1499 2843 ut
1526 2811 1626 2852 ‘post
