1806 3236
204 340 247 367 11.
262 331 333 365 fab.
348 334 380 365 2.
403 330 415 351 ‘
430 331 620 373 Coeperunt
633 328 774 372 legere?
831 327 910 361 Lib.

206 395 248 419 11.
279 385 347 418 fab.
364 389 394 418 5.
418 383 559 426 ‘Coepit
585 379 840 424 conspargere,’
876 383 914 412 et

203 436 347 470 infinitis
364 435 439 469 aliis
454 435 549 468 locis.
573 434 684 466 Porro
697 432 780 465 illud
790 431 914 473 deinde,

206 488 297 531 quod
320 490 418 519 extat
433 486 468 518 in
490 487 558 518 Ms.
572 485 745 518 Wissenb.
771 487 913 527 praeter-

206 549 307 582 quam
323 538 414 581 quod
428 541 578 569 metrum
593 536 628 569 id
643 536 809 579 postulet,
832 543 914 568 vera

207 594 261 623 est
277 594 381 632 atque
393 589 472 621 huic
483 589 560 621 loco
569 587 777 621 conveniens
787 586 914 625 lecti03

206 640 270 674 hoc
286 641 376 674 enim
389 641 473 672 dicit
488 639 656 672 Phaedrus
670 649 679 671 :
705 638 818 672 Quum
835 646 912 669 cor-

209 696 284 732 vus,
298 690 389 734 quod
404 694 576 732 rapuerat,
598 689 704 721 vellet
719 687 914 729 comedere,

209 744 328 786 vulpes
343 743 432 775 hunc
444 742 673 784 vidit‚deinde‚
683 742 749 775 hoc
761 746 825 785 est,
836 747 916 785 post

207 795 349 828 brevem
375 793 707 835 meditatiunculam,
728 803 794 836 qua
806 793 916 836 potis-

202 846 333 879 'simum
361 845 490 878 astutia
512 854 616 878 corvo
639 853 776 877 caseum
804 844 915 886 eripe-

204 899 281 937 ret,
291 896 400 938 coepit
416 895 571 928 oratione
583 895 626 928 ad
642 894 814 928 fallaciam
827 905 917 928 com-

209 948 323 991 posita
339 947 387 980 sic
403 947 507 990 loqui.
552 947 742 989 Eleganter
757 946 807 979 sic
824 956 917 988 saepe

209 995 381 1031 Phaedrus
410 998 521 1031 utitur
548 997 609 1030 illa
632 997 815 1039 particula.
859 996 917 1029 Sic

207 1049 268 1083 lib.
284 1059 311 1083 1.
326 1048 398 1082 fab.
413 1052 445 1082 3.
466 1049 476 1068 ‘
489 1049 604 1092 Seque
617 1048 811 1090 exornavit,
821 1047 918 1080 dein-

211 1101 256 1134 de
272 1105 495 1134 contemnens
511 1109 588 1132 snos
603 1099 623 1132 :'
645 1103 680 1132 et
695 1099 753 1132 lib.
770 1107 821 1131 iv.
845 1098 918 1131 fab.

211 1154 266 1184 19.
288 1151 299 1169 ‘
311 1152 386 1184 Des
403 1151 549 1192 primum
566 1150 712 1192 veniam,
738 1149 866 1182 deinde
888 1150 918 1182 si

210 1202 358 1245 pulchre
379 1196 500 1234 vides?
548 1201 606 1234 Sic
636 1200 695 1234 lib.
720 1209 780 1233 111.
803 1199 874 1232 fab.
888 1202 920 1233 7.

211 1255 351 1296 ‘Lupus
371 1252 464 1286 forte
489 1252 656 1292 occurrit3
679 1251 805 1284 deinde
831 1251 920 1283 salu-

211 1309 329 1338 tantes
344 1304 506 1345 invicem,
520 1304 571 1336 Ut
586 1302 808 1336 restiterunt:
820 1301 921 1334 Unde

210 1356 273 1398 sic,
287 1365 419 1399 quaeso,
442 1354 532 1387 nites
545 1353 569 1386 ?'
613 1353 671 1386 Ita
685 1352 776 1385 enim
802 1352 851 1385 ibi
872 1352 921 1383 le-

213 1407 363 1450 gendum
380 1410 455 1439 est:
472 1409 508 1438 et
528 1407 649 1438 contra
659 1406 810 1436 mentem
821 1403 921 1435 Phae-

214 1458 268 1491 dri
291 1462 328 1491 et
350 1450 495 1490 Codices
511 1456 597 1489 Mss.
624 1453 838 1497 transposuit
862 1453 923 1485 Pi-

207 1503 339 1542 thoeus.
360 1509 448 1540 Gud.

258 1562 280 1592 6
304 1559 383 1601 Qui]
406 1557 648 1600 Qualis,quam
663 1564 806 1597 magnus
818 1556 923 1597 atque

215 1609 448 1643 admirabilis!
494 1609 586 1642 Nam
601 1605 753 1640 intendit
775 1614 924 1639 sensum.

216 1662 339 1695 Cicero
364 1661 407 1693 de
434 1659 550 1693 Diviu.
568 1669 595 1692 1.
619 1658 837 1700 ‘Xenophon
863 1656 924 1688 So-

217 1712 356 1753 cratius,
380 1711 439 1754 qui
470 1711 522 1744 vir
549 1714 587 1743 et
613 1713 759 1753 quantus
772 1708 793 1740 !’
815 1707 922 1747 Schef.

217 1762 286 1795 Ms.
325 1761 440 1793 Vossii
475 1760 597 1801 habet,
636 1759 705 1801 quis
745 1758 924 1800 pinnarum.

219 1813 344 1846 Heius.
389 1813 445 1845 Ita
471 1816 641 1854 perpetuo
669 1811 803 1843 variant
832 1810 926 1843 codi-

219 1873 290 1905 ces,
302 1867 340 1897 et
349 1863 502 1906 quamvis
514 1872 584 1895 non
600 1862 744 1894 multum
760 1862 925 1893 interesse

218 1922 390 1954 censeam,
409 1912 607 1954 praeferrem
633 1917 748 1944 tamen
761 1912 825 1954 qui.
867 1911 927 1943 Ita

219 1962 312 2007 apud
329 1963 434 1997 Ovid.
451 1963 529 1996 Art.
543 1972 586 1995 ιι.
601 1965 678 1995 361.
693 1963 703 1981 ‘
721 1963 788 1996 Qui
805 1966 927 2004 stupor

219 2013 477 2056 hic,Menelae‚
491 2013 560 2046 fuit
572 2013 596 2046 ?'
629 2013 732 2047 Trist.
747 2022 805 2045 111.
823 2016 879 2046 11.
894 2016 926 2045 5.

220 2075 265 2098 ex
280 2058 366 2097 Ms's.
383 2065 392 2082 ‘
403 2065 472 2098 Qui
488 2063 614 2106 gradus
630 2063 796 2111 ulterior!
817 2063 929 2097 Trist-

219 2125 272 2147 ιν.
290 2118 321 2147 1.
338 2118 391 2147 23.
428 2115 437 2132 ⁴
454 2115 522 2148 Qui
538 2124 593 2147 me
609 2114 792 2156 deceperit
806 2114 927 2147 error.5

219 2166 338 2198 Valer.
355 2166 448 2198 Flac.
465 2175 513 2198 ιν.
529 2168 606 2198 704.
628 2168 668 2197 ut
690 2169 771 2197 ante
795 2165 929 2198 Carrio-

220 2225 301 2249 nem
328 2216 530 2258 legebatur:
554 2217 564 2233 ‘
580 2216 660 2248 Heu
676 2216 733 2258 qui
750 2216 851 2248 datus
862 2216 928 2248 iste

220 2268 375 2299 Deorum
403 2267 505 2299 Sorte
531 2267 626 2300 labor
656 2267 751 2299 nobis
763 2267 786 2298 ?'
845 2267 926 2299 Vid.

223 2317 318 2350 Pier.
332 2317 375 2349 ad
390 2317 487 2358 Virg.
502 2318 579 2350 AEn.
597 2327 646 2350 v1.
660 2321 735 2351 561.
758 2317 818 2360 qui
834 2322 929 2351 recte

223 2372 261 2400 et
277 2367 335 2400 lib.
353 2377 404 2400 lx·
418 2371 494 2401 723.
516 2369 527 2387 ⁴
543 2369 601 2411 qui
625 2378 725 2401 casus
750 2372 832 2410 agat
853 2368 931 2409 res,'

223 2428 267 2450 ex
281 2418 490 2451 auctoritate
506 2418 652 2451 Charisii
663 2419 821 2460 reponit:
838 2419 929 2461 quod

224 2468 336 2501 firmat
364 2469 483 2502 Ovidii
511 2470 607 2502 locus
634 2470 724 2502 Met.
751 2478 829 2501 xxv.
854 2472 929 2502 162.

223 2520 233 2537 ‘
251 2519 320 2553 Qui
351 2523 387 2551 te
414 2529 572 2561 casusve,
612 2519 764 2561 Deusve,
796 2519 934 2562 Servat,

210 2582 212 2584 ·
227 2568 508 2601 Achaemenide?
532 2570 652 2603 Burm.

269 2620 382 2661 Nitor]
397 2619 622 2661 Splendorem
632 2620 806 2662 intelligit,
815 2630 930 2663 quam-

226 2669 276 2702 vis
288 2671 391 2712 paulo
412 2671 523 2703 minus
545 2671 590 2703 sit
602 2671 699 2713 nitor,
714 2681 814 2713 quam
829 2673 930 2713 splen-

226 2723 302 2755 dor.-
325 2731 403 2754 cum
431 2722 486 2755 hic
515 2723 611 2765 quasi
635 2722 750 2754 radios
780 2722 932 2763 emittat,

226 2774 312 2804 nitor
332 2773 497 2813 minime3
520 2773 555 2805 id
582 2773 672 2816 quod
695 2772 835 2805 volebat
857 2773 931 2804 Pli-

213 2822 317 2866 nius,
341 2823 475 2866 quando
490 2824 547 2859 lib.
560 2832 706 2858 xxxvn.
721 2827 753 2859 2.
786 2823 830 2856 de
845 2823 932 2857 vasis

671 230 815 266 ΝΟΜ
842 210 1116 265 'vAmoauM
1149 231 1197 264 m

960 322 1162 370 myri-llinis:
1191 323 1387 370 ‘Splendor
1406 323 1458 358 liis
1485 323 1559 357 sine
1583 319 1666 358 vm-

962 378 1039 420 bus,
1050 379 1210 421 nitorque
1227 377 1353 418 verius,
1363 386 1463 419 quam
1479 371 1666 418 splendor!

962 429 1064 462 Vires
1076 428 1165 462 enim
1181 438 1238 461 eas
1255 427 1431 470 intelligit,
1456 436 1548 470 quae,
1571 425 1668 459 velut

963 478 1108 522 fulguris
1139 482 1200 512 aut
1221 478 1391 511 radiorum
1421 477 1516 519 solis,
1550 475 1668 510 oculos

963 531 1172 573 percellunt.
1195 529 1299 569 Schef.

1007 586 1027 616 7
1053 582 1164 624 Geris]
1185 583 1241 615 Ex
1267 590 1430 624 germana
1458 584 1497 613 et
1520 579 1670 622 ingenua

965 634 1167 675 Latinitate,
1192 641 1303 673 gerere
1325 641 1389 674 pro
1403 630 1555 665 babere.
1611 628 1670 663 Ita

964 684 1088 726 Virgil.
1125 684 1135 701 ‘
1153 683 1286 716 Gerens
1316 691 1432 715 vocem
1468 679 1671 723 Methysci.’

964 735 1024 768 Ita
1049 736 1193 768 Terent.
1216 732 1414 766 ‘Infirmum
1438 732 1586 765 animum
1610 740 1669 774 ge·

967 787 1071 820 runt.’
1115 787 1174 820 Ita
1187 786 1365 828 salustius,
1390 787 1429 818 et
1450 783 1572 826 optimi
1595 782 1670 826 qui-

965 850 1044 883 que.
1068 839 1149 872 Fab.
1196 839 1249 871 Ex
1276 846 1438 881 germana
1462 839 1501 869 et
1523 835 1673 878 ingenua

965 891 1159 925 Latinitate
1190 899 1303 932 gerere
1326 889 1484 931 posuisse
1508 894 1584 929 pro,
1616 885 1674 919 ha·

967 943 1063 985 bere,
1090 942 1140 974 ait
1164 941 1287 974 Faber.
1341 940 1453 981 Bene,
1482 942 1673 981 quanquam

965 1003 1076 1036 gerere
1090 1002 1159 1025 uon
1186 992 1295 1025 solum
1323 991 1373 1023 sit
1397 989 1446 1022 sic
1470 986 1676 1032 simpliciter

967 1045 1108 1086 habere,
1134 1043 1170 1076 id
1193 1046 1247 1076 est
1273 1040 1464 1084 possidere,
1491 1044 1593 1084 quam
1621 1038 1674 1072 sic

970 1095 1109 1137 habere,
1121 1098 1162 1127 ut
1183 1098 1221 1127 et
1243 1098 1283 1127 tu
1309 1091 1485 1136 praeferas,
1505 1091 1541 1124 et
1557 1091 1614 1124 alii
1637 1089 1675 1124 id

969 1146 1159 1188 respiciant
1175 1154 1216 1177 ac
1231 1144 1424 1177 observent.
1442 1142 1491 1175 Et
1501 1140 1568 1186 huc
1577 1150 1678 1184 spec·

971 1201 1024 1229 tat
1038 1196 1096 1228 ille
1112 1196 1207 1228 locus
1224 1194 1320 1236 virg.
1349 1204 1368 1226 a
1383 1192 1499 1225 Fabro
1514 1191 1674 1225 laudatus

970 1258 1012 1281 ex
1029 1247 1104 1280 AEn.
1120 1255 1187 1278 xu.
1210 1246 1221 1264 ‘
1234 1245 1367 1278 Cuncta
1383 1252 1518 1286 gerens,
1540 1251 1676 1276 vocem-

971 1308 1050 1341 que,
1062 1301 1099 1330 et
1114 1306 1252 1338 corpus,
1267 1299 1303 1328 et
1318 1305 1413 1328 arma
1424 1293 1588 1327 Metisci?
1610 1292 1678 1326 Cui

970 1358 1062 1382 nunc
1076 1348 1227 1391 adjungo
1243 1346 1346 1380 alium
1370 1346 1516 1379 similem
1538 1354 1584 1378 ex
1597 1344 1677 1378 AEn.

971 1411 996 1435 1.
1018 1401 1079 1434 ubi
1092 1401 1225 1444 pariter
1244 1400 1296 1433 sic
1312 1402 1515 1441 usurpatur:
1538 1397 1678 1441 ‘Virgi-

970 1453 1024 1486 nis
1038 1463 1076 1485 os
1090 1452 1311 1493 habitumque
1327 1459 1462 1492 gerens,
1482 1452 1519 1481 et
1533 1448 1678 1491 virginis

971 1502 1090 1536 ιιι-ωε)
1135 1502 1275 1535 Curtius
1292 1509 1427 1543 quoque
1436 1499 1487 1532 ita
1499 1499 1560 1532 lib.
1574 1507 1632 1532 m.
1645 1502 1680 1533 3.

972 1555 982 1575 ‘
994 1554 1203 1588 Eminebant
1217 1553 1286 1586 duo
1304 1562 1410 1585 aurea
1424 1548 1610 1584 simulacra*
1620 1559 1680 1584 cu-

974 1606 1106 1645 bitalia,
1135 1613 1276 1648 quorum
1300 1604 1448 1636 alterum
1470 1602 1568 1644 Nini,
1589 1602 1684 1635 'alte-

973 1667 1048 1690 rum
1077 1657 1169 1695 Beli,
1199 1654 1344 1698 gerebat
1373 1651 1544 1695 effigiem?
1575 1651 1683 1691 Scher-

974 1707 1075 1740 Locis
1090 1706 1306 1748 Scriptorum
1327 1714 1347 1737 a
1372 1703 1485 1737 Fabro
1506 1703 1681 1747 congestis

975 1757 1101 1799 adjicio
1116 1756 1326 1797 Plautinum,
1350 1755 1408 1798 qui
1434 1758 1488 1788 est
1503 1754 1538 1787 iu
1551 1754 1681 1787 Trucu-

975 1809 1151 1849 lento,1v.
1176 1810 1208 1840 4.
1233 1809 1287 1839 17.
1318 1806 1365 1838 de
1394 1814 1503 1838 mure.
1523 1805 1624 1847 ‘Qun
1653 1805 1685 1838 si

974 1868 1082 1891 unum
1104 1859 1230 1890 ostium
1253 1857 1466 1896 obsideatur,
1490 1856 1584 1889 aliud
1606 1865 1685 1898 per-

974 1908 1107 1950 fugium
1135 1909 1246 1950 gerit.’
1268 1909 1376 1942 Axen.
1418 1907 1509 1940 Vide
1537 1907 1581 1939 ad
1605 1907 1684 1940 Cal-

976 1968 1078 2002 purn.
1102 1959 1218 1991 Flacc.
1233 1958 1333 1991 Deci.
1348 1966 1432 1991 xiu.

1020 2013 1041 2042 8
1066 2009 1166 2042 Nulla
1190 2009 1280 2051 prior
1307 2007 1386 2049 ales]
1422 2007 1596 2041 Usitatius
1622 2011 1680 2041 est

977 2060 1096 2094 Poetis
1122 2061 1187 2092 ales
1210 2068 1336 2102 genere
1366 2058 1565 2091 masculino.
1611 2057 1684 2092 Ali-

978 2112 1116 2155 quando
1131 2117 1246 2145 tamen
1262 2114 1299 2143 et
1313 2109 1476 2143 feminino
1497 2109 1684 2152 reperitur.
1733 2102 1735 2104 ’

979 2164 1067 2196 Ritt.
1575 2177 1578 2179 ·

1021 2213 1135 2256 Prior]
1172 2214 1266 2246 Puta
1294 2217 1338 2256 te,
1367 2214 1457 2257 quod
1487 2214 1682 2256 intelligen-

978 2265 1059 2297 dum
1070 2275 1078 2305 3
1091 2265 1181 2307 prior
1197 2269 1313 2297 autem
1329 2269 1395 2307 est,
1405 2265 1536 2306 melior,
1546 2273 1683 2309 scupo-

978 2316 1059 2357 tior,
1073 2315 1314 2358 praestantior:
1339 2315 1498 2359 quoniam
1524 2315 1575 2348 sic
1597 2323 1686 2356 prae-

980 2367 1143 2399 valuisset
1158 2367 1260 2399 rebus
1276 2367 1444 2408 omnibus,
1458 2375 1522 2399 nec
1536 2363 1685 2408 pulchri-

979 2416 1100 2448 tudine
1127 2417 1249 2459 solum,
1273 2417 1333 2449 sed
1365 2420 1401 2449 et
1429 2425 1524 2449 voce.
1561 2414 1682 2456 Virgil.

978 2467 1053 2500 AEn.
1068 2476 1122 2500 x1.
1148 2467 1158 2485 ‘
1172 2467 1243 2500 Hic
1259 2468 1391 2509 pietate
1417 2465 1536 2509 prior!
1581 2465 1683 2498 Adde

980 2518 1077 2551 Serv.
1092 2518 1151 2551 ibi.
1174 2518 1279 2558 Schef.
1323 2517 1433 2558 Prior,
1457 2516 1492 2548 id
1515 2520 1581 2558 est,
1607 2516 1683 2558 pul-

980 2568 1107 2601 chrior.
1144 2568 1270 2601 Horat.
1287 2568 1400 2600 Carm.
1416 2576 1467 2599 ιν.
1484 2569 1536 2600 10.
1556 2568 1566 2585 ‘
1579 2567 1682 2599 Nunc

980 2624 1015 2652 et
1030 2620 1089 2662 qui
1103 2620 1199 2652 color
1228 2623 1281 2651 est
1307 2619 1462 2660 puniceae
1478 2617 1564 2651 flore
1587 2619 1684 2660 prior

980 2671 1092 2706 rosae.'
1152 2672 1221 2705 Ubi
1250 2675 1350 2703 vetus
1380 2670 1684 2712 scholiograpbus:

978 2723 1122 2755 ‘Priore
1159 2721 1359 2764 pulchrior!
1393 2721 1498 2753 Amen.
1565 2720 1624 2754 Sic
1649 2721 1686 2753 iu

980 2773 1135 2815 Priapei.
1159 2772 1315 2805 Carmine
1330 2774 1384 2805 45.
1413 2772 1423 2790 ‘
1438 2773 1530 2805 Num
1544 2770 1683 2804 tandem

981 2824 1075 2869 prior
1091 2834 1128 2863 es
1146 2823 1269 2867 puella,
1295 2833 1410 2867 quaeso
1422 2822 1447 2855 ?'
1470 2822 1505 2856 id
1522 2826 1586 2863 est,
1610 2822 1686 2866 pul-
