1806 3236
337 163 542 203 ramniu
576 162 687 196 ua.
718 160 1025 196 ascraeum
1062 159 1158 193 ma.
1192 159 1239 193 v.
1270 150 1315 192 ’7.

56 256 238 296 ,Ὀιδαὴδ
257 260 417 302 μηχανῆς,
435 264 555 294 notum
580 260 801 303 proverbium

84 305 316 354 mamm,
340 308 385 345 de
408 311 588 355 inopinato
614 316 719 354 atque
740 311 802 343 im-

83 364 227 408 proviso
253 363 384 396 auxilio
408 362 454 396 ad
490 363 714 405 explicandas
745 372 801 395 rea

82 413 304 450 difficillimas
342 414 473 449 oblato.
531 415 624 448 Vide
667 414 802 447 Erasmi

85 466 198 509 Adng.
225 465 311 500 Βᾶθι.
459 479 461 481 ·

87 528 92 537 ·
126 519 172 551 ss
194 517 291 551 Mon
313 516 526 559 numicio]
560 517 638 552 Quo
653 516 803 550 transfe-

84 567 253 602 rebantur
266 567 302 600 in
312 578 465 609 scenam,
477 569 592 601 ornati
608 568 805 612 magnifice,

85 628 167 654 eum
193 619 407 652 intervenire
428 618 683 652 difficilioribus
698 629 804 659 nego-

70 671 145 705 -tus
158 668 333 704 deberent
358 670 526 703 machinas
549 670 698 712 alicujus
725 670 805 703 sub-

85 720 186 756 sidio.
242 721 288 754 ld
319 721 412 755 enim
450 726 506 754 est
551 722 738 764 transferre,
769 727 806 755 et

85 773 269 813 wo,
283 774 320 807 in
346 774 450 814 ludis,
470 778 615 806 auctore
638 774 806 807 Salmasio

89 826 217 859 Enere.
233 825 327 859 Pila.
350 835 386 868 p.
403 828 479 858 124.
502 826 559 858 ubi
586 826 698 859 locum
714 827 806 859 hunc

86 877 354 920 interpretatur.
399 878 606 920 Quanquam
633 887 711 910 meo
735 877 806 909 ani-

87 936 147 963 no
158 933 227 962 non
241 928 310 961 ieta
322 928 412 961 velle
428 929 597 961 Phaedrus
613 930 746 962 Noster
762 930 808 960 vi-

74 979 228 1020 dentur,
251 979 314 1012 aed
336 979 543 1023 simpliciter
565 991 630 1023 per
644 981 806 1013 translati-

87 1027 180 1064 tium*
199 1030 401 1074 intelligere
425 1031 561 1074 pridem
589 1037 808 1075 usurpatum,

89 1086 130 1115 et
144 1086 411 1125 eousuetum,et
426 1083 617 1125 vulgatum.
661 1084 754 1117 Nam
770 1089 808 1116 et

89 1134 157 1168 hoc
181 1143 250 1172 non
276 1144 355 1168 raro
377 1135 608 1169 mnelatitiam
636 1140 690 1170 est
713 1135 808 1179 apud

75 1189 240 1229 reterns.
262 1184 270 1194 ²
298 1187 484 1222 Quomodo
523 1189 534 1207 ‘
550 1188 808 1222 Translatitiam

90 1237 375 1281 propinationem
387 1238 398 1255 ’
414 1239 560 1282 legimus
576 1239 668 1283 apud
686 1240 810 1273 Petro-

91 1289 201 1324 nium.
223 1290 299 1324 Cic.
324 1290 408 1324 Ver.
434 1299 495 1324 ιιι.
528 1290 540 1310 ‘
559 1291 606 1324 Et
627 1291 693 1323 hoc
708 1295 809 1323 vetus

89 1339 257 1385 edictum,
278 1342 527 1376 translatitium
551 1341 631 1376 est?
664 1341 811 1376 Asconi-

91 1399 135 1424 us
163 1399 207 1424 eo
239 1392 319 1425 loco
335 1403 345 1425 ι
382 1393 393 1412 ‘
405 1393 637 1426 'Pranalatitia
671 1397 811 1426 veteres

91 1440 272 1482 dixerunt,
285 1450 354 1474 non
368 1450 473 1482 nova,
487 1450 553 1475 nec
564 1452 678 1485 nuper
692 1443 812 1475 inven-

93 1495 146 1534 ta,
166 1491 233 1525 sed
251 1491 395 1525 aliunde.
415 1492 612 1526 translata!
666 1493 757 1526 Sane
783 1494 812 1526 si

93 1543 286 1578 secundum
302 1544 450 1577 alteram
471 1544 624 1587 accipias
638 1544 813 1587 interpre-

94 1595 279 1636 tationem,
291 1594 352 1638 qui
367 1604 410 1628 eo
430 1605 528 1628 more
555 1596 615 1628 Dii
634 1597 813 1639 loquantur,

95 1656 168 1681 non
193 1646 369 1690 excogito.
405 1647 512 1688 Soles.
556 1648 648 1681 Gell.
674 1657 733 1681 111.
758 1651 812 1682 18.

93 1699 106 1718 ‘
123 1697 302 1742 Edictum,
323 1709 393 1743 quo
419 1699 602 1741 Consules,
631 1701 812 1734 servandae

79 1771 83 1775 ·
96 1750 360 1785 consuetudinis
380 1761 513 1794 caussa,
528 1752 698 1786 tralatitio
714 1757 815 1786 utun·

96 1800 182 1835 tnr.'.
210 1801 222 1820 ‘
237 1802 456 1836 Tralatitium
466 1801 477 1818 '
490 1807 528 1836 et
542 1803 553 1823 ‘
570 1804 721 1837 solitum’
734 1814 814 1838 con-

91 1853 214 1897 jungit
225 1852 406 1897 Ampelius
419 1854 484 1888 sub
499 1854 604 1888 finem
619 1855 730 1889 libelli
742 1866 815 1890 me-

97 1901 273 1939 morialis.
303 1905 421 1940 Heius.
482 1907 597 1941 Recte
646 1908 817 1950 explicuit

97 1954 310 1990 Senecam.
333 1956 476 2000 Apulei.
490 1959 578 1991 Met.
593 1968 620 1992 ι.
649 1959 660 1977 ‘
677 1958 753 1991 Oro
766 1962 816 1999 te,

97 2007 254 2051 inquam,
268 2007 418 2043 anlaeurn
439 2009 611 2052 tragicum
627 2009 818 2050 dimoveto,

99 2062 138 2092 et
151 2058 316 2102 siparium
343 2059 517 2093 scenicum
541 2060 766 2103 complicato,
781 2065 819 2094 et

101 2109 192 2143 cedo
214 2110 330 2144 verbis
341 2111 603 2145 communibus!
625 2112 721 2145 Olim
738 2123 820 2146 vero

101 2162 235 2204 auleis,
250 2166 376 2205 postea
391 2163 542 2217 sipariis,
563 2173 643 2197 usos
660 2174 736 2198 esse
758 2165 820 2197 do-

102 2217 163 2246 cet
181 2212 320 2246 Auctor
343 2214 387 2248 de
407 2211 516 2258 Trag.
538 2220 576 2249 et
599 2216 698 2250 Com.
726 2217 821 2249 More

101 2273 203 2306 vero,
215 2268 257 2298 ut
281 2265 431 2299 Ovidius
450 2266 485 2299 in
500 2267 568 2300 alia
583 2277 619 2300 re
635 2268 822 2301 ExTonto

86 2325 148 2349 <n-
173 2319 207 2350 ⁵.
231 2318 288 2350 ⁶⁴.
319 2316 330 2335 ‘
346 2316 425 2349 Hoc
451 2316 603 2360 Superos
613 2319 711 2360 jures
726 2329 822 2352 more

105 2367 215 2400 solere
229 2367 326 2411 loqui
342 2367 364 2400 :'
385 2367 446 2400 nbi
454 2378 523 2402 non
535 2379 621 2412 opus
636 2374 691 2403 est
705 2380 760 2403 ore
774 2371 823 2404 lc-

107 2427 203 2460 gere.
226 2417 341 2452 Bm.

151 2470 246 2502 More
265 2471 480 2514 translatitio]
515 2471 556 2504 Id
580 2476 649 2515 est,
668 2474 825 2516 solemni,

107 2520 266 2563 vulgari3
300 2531 428 2565 nempe
462 2528 558 2565 tnnc,
591 2534 670 2558 cum
699 2525 824 2567 dignus

109 2570 248 2604 vindice
263 2572 373 2605 nodus
389 2573 584 2608 incidisset.
628 2576 711 2610 Non
731 2577 824 2610 enirn

95 2622 213 2673 ’aliter
238 2623 314 2656 vult
337 2624 520 2667 Horatius,
541 2620 656 2661 Deum
672 2628 824 2672 aliquem

111 2674 242 2708 actioni
255 2676 405 2710 scenicae
421 2677 602 2713 interesse.
645 2680 825 2715 Juriscon-

109 2722 199 2759 sulti
222 2727 418 2760 translatitie
445 2730 568 2772 aliquid
585 2730 666 2773 fieri
689 2731 823 2773 dicunt,

112 2777 206 2822 qnod
223 2787 291 2810 uon
312 2777 353 2812 fut
377 2780 481 2822 serio,
504 2781 564 2814 sed
586 2782 824 2826 perfunctorie

199 2832 317 2876 Delph.
333 2836 365 2867 et
381 2833 457 2869 Ver.
473 2836 562 2869 clas.

839 464 988 506 Turpil.

803 2838 936 2872 Phadr.

1475 145 1564 192 689

851 263 889 292 et
904 258 990 292 dicis
1005 268 1110 292 causa
1126 255 1256 301 potius,
1270 260 1311 290 ut
1323 255 1408 289 alias
1421 255 1567 299 loquun-

851 314 920 343 tur.
966 310 1017 343 Ut
1053 309 1300 342 ‘Translatitie
1322 306 1466 350 defungi
1492 317 1566 340 mu-

850 370 934 393 nere
949 359 1159 400 accusandi‚'
1175 359 1212 392 id
1239 363 1306 401 est,
1329 358 1570 402 praevaricari,

851 413 875 445 l.
893 421 918 445 1.
934 413 965 454 §.
991 411 1310 454 praevaricatorem.
1335 410 1381 444 D.
1406 410 1460 442 Ad
1475 409 1511 443 S.
1527 406 1568 443 C.

1034 465 1044 482 ‘
1063 464 1144 496 Non
1187 462 1397 496 translatitie
1441 462 1568 505 exequi

853 516 1035 559 qnerelas,’
1045 516 1070 547 1.
1086 524 1112 549 1.
1127 515 1174 548 D.
1181 516 1255 558 jur.
1271 518 1407 557 patron.
1420 515 1430 532 ⁸
1441 514 1570 547 Trans-

853 567 964 600 latitie
982 566 1172 608 omittere‚'
1196 567 1220 599 l.
1241 575 1298 599 LV.
1315 566 1340 598 si
1358 565 1508 608 patroni.
1537 565 1570 607 ς.

854 619 936 662 quid
954 627 1049 661 ergo.
1066 619 1115 652 D.
1137 617 1181 650 ad
1197 618 1264 650 SC.
1280 616 1430 650 Trebell.
1445 615 1481 648 id
1502 619 1569 656 est,

854 671 1071 712 negligenter
1085 681 1093 702 ε
1118 679 1201 711 ιιοιι,
1212 674 1251 701 ιιι
1261 668 1398 712 qnidam
1412 667 1570 711 exponit,

854 722 1006 755 interim.
1041 721 1209 754 Similiter
1238 721 1436 759 Petronius,
1462 721 1473 737 ‘
1491 719 1572 752 Nou

856 774 1056 807 tralatitiam
1083 771 1354 810 humanitatem,’
1375 772 1385 789 ‘
1398 771 1479 804 Non
1501 774 1573 802 tra-

853 825 1004 857 latitium
1020 823 1175 863 bellum‚'
1190 824 1289 857 dixit.
1314 823 1398 856 Ritt.

898 880 940 909 25
967 876 1053 909 Tunc
1088 876 1213 918 chorus]
1247 875 1376 908 Subest
1414 873 1572 905 ὕπουλοντ

856 927 948 972 quod
971 938 1038 960 non
1055 927 1174 969 tetigit
1202 927 1389 966 Gruterus,
1410 935 1513 968 quum
1531 926 1577 956 lo-

857 991 935 1014 cum
951 981 1042 1013 hunc
1058 983 1222 1013 tentaret.
1254 979 1389 1012 Prason.

904 1033 990 1066 Tune
1004 1031 1130 1074 chono]
1163 1031 1367 1074 Legendum
1383 1030 1465 1063 mihi
1482 1029 1577 1063 vide-

858 1085 961 1118 batur
974 1096 983 1118 ε
1009 1085 1096 1118 Tunc
1105 1085 1216 1116 chorus
1228 1086 1362 1125 gnatum
1373 1092 1458 1114 moro
1468 1082 1578 1114 educto

857 1138 1026 1171 canticum.
1072 1136 1218 1170 Scilicet
1246 1134 1419 1178 producto
1445 1135 1479 1167 in
1503 1143 1578 1166 sce-

859 1199 939 1222 nam
955 1188 1137 1232 Principe,
1162 1198 1259 1221 moro
1285 1192 1324 1220 et
1349 1187 1470 1230 inepto
1497 1185 1579 1219 tibi-

859 1241 953 1282 cine,
968 1240 1100 1273 scenici
1117 1239 1271 1273 artifices
1287 1239 1579 1278 acclamaverunt,

859 1300 1013 1326 amana·
1046 1299 1259 1324 mcommrs.
1322 1290 1382 1322 Sic
1415 1289 1491 1331 ipse
1521 1298 1576 1320 su-

860 1353 945 1387 pra:
986 1345 996 1362 ‘
1014 1344 1127 1377 Notos
1157 1340 1295 1383 flexus‚’
1321 1344 1360 1373 et
1396 1339 1406 1357 ‘
1424 1339 1582 1373 Pernici-

864 1399 975 1426 tatem
1009 1391 1154 1433 notam,'
1199 1395 1238 1424 et
1269 1393 1280 1410 ‘
1298 1392 1425 1425 Exitus
1451 1390 1583 1433 notos,'

860 1449 899 1478 et
923 1445 934 1463 ‘
951 1444 1150 1478 Candorem
1164 1442 1313 1477 notum!
1336 1444 1464 1486 Rigalt.
1509 1442 1580 1476 Sed

861 1497 911 1530 sic
949 1501 1087 1530 metron
1115 1495 1308 1528 laboraret.
1368 1495 1459 1528 Inde
1497 1505 1582 1538 gno-

860 1553 935 1582 tum
965 1548 1139 1582 canticum
1166 1557 1244 1581 esse
1270 1557 1339 1581 non
1368 1547 1496 1590 potuit,
1520 1557 1580 1580 cn-

856 1600 916 1643 jus
952 1598 1174 1640 sententiam,
1212 1603 1253 1631 ut
1295 1602 1461 1642 apparet,
1497 1598 1579 1631 tibi-

862 1661 928 1684 cen
958 1660 1027 1684 non
1051 1649 1287 1692 intelligebat.
1340 1649 1434 1683 Illud
1464 1653 1582 1683 autem

861 1713 947 1736 moro
962 1703 1072 1736 educto
1091 1702 1210 1735 nescio
1231 1700 1403 1745 quomodo
1419 1710 1487 1734 non
1509 1702 1584 1744 pla·

862 1757 939 1787 cet:
963 1763 1079 1797 neque
1096 1752 1284 1786 Phaedrnm
1311 1753 1396 1786 olet.
1440 1752 1585 1787 Postre-

863 1816 920 1839 mo
942 1815 1012 1838 non
1041 1805 1201 1849 concipio
1231 1804 1406 1848 quomodo
1433 1814 1506 1838 rem
1538 1804 1587 1838 sit

863 1858 1072 1900 imaginatus
1104 1856 1294 1900 Rigaltius,
1325 1856 1480 1891 scenicos
1503 1855 1588 1890 arti-

864 1909 950 1941 fices
977 1908 1107 1942 educto
1143 1909 1204 1941 illo
1235 1917 1331 1943 moro
1362 1909 1587 1942 acclamasse.

866 1961 958 1994 Nam
975 1969 1089 2004 neque
1104 1960 1139 1992 in
1156 1960 1228 2003 ejus
1240 1961 1386 2003 gratiam
1403 1960 1438 1993 id
1454 1960 1587 1994 factum

868 2015 990 2053 aperte
1006 2014 1177 2043 monstrat
1186 2011 1368 2045 Pliaedrus.
1414 2006 1509 2047 Qnin'
1522 2021 1587 2046 nec

868 2072 912 2095 ea
928 2062 1149 2105 ambiguitas,
1163 2061 1208 2096 de
1234 2074 1302 2107 qua
1327 2062 1528 2099 dicebamus
1542 2075 1588 2099 ex

869 2113 1119 2155 Rittershuslo,
1144 2114 1296 2150 habebat
1334 2116 1449 2149 locum
1478 2117 1514 2149 in
1544 2126 1589 2150 eo

869 2165 1037 2206 carmine,
1050 2165 1142 2208 qnod
1159 2164 1389 2209 Imperatoris
1405 2168 1512 2201 solius
1527 2169 1589 2201 ho-

870 2216 944 2249 nori
960 2216 1054 2249 serio
1077 2215 1287 2250 destinatum
1312 2217 1440 2253 fuerat.
1484 2219 1589 2253 Unde

860 2267 1068 2311 'insignitior
1082 2268 1234 2303 tibicinis
1247 2271 1396 2305 stultitia
1409 2270 1477 2305 fuit
1492 2272 1537 2306 ad
1552 2282 1591 2305 se

872 2319 1041 2353 trahentis
1078 2320 1159 2362 ista,
1202 2326 1348 2364 propter
1379 2322 1591 2356 vocabulum

870 2371 1041 2414 principis,
1067 2372 1160 2414 quod
1178 2372 1342 2415 judicare
1368 2373 1521 2408 debebat
1545 2373 1591 2407 ad

874 2432 912 2455 ae
941 2422 1027 2454 nihil
1049 2424 1199 2455 attinere
1231 2425 1281 2457 sic
1308 2429 1524 2468 usurpatum,
1554 2429 1593 2459 et

874 2474 956 2507 huic
985 2474 1155 2507 inclusum
1181 2476 1380 2519 sententiae,
1409 2476 1493 2510 licet
1514 2475 1592 2520 ipse

875 2534 1013 2569 quoque
1048 2526 1219 2569 Princeps
1250 2532 1449 2561 vocaretur.
1494 2528 1594 2562 Pari-

876 2577 1007 2610 aienses
1028 2577 1086 2610 hic
1116 2578 1227 2610 multa
1252 2583 1402 2621 mutant,
1424 2580 1594 2614 audacter

876 2638 975 2670 sane,
991 2629 1018 2661 si
1036 2633 1168 2671 praeter
1184 2630 1271 2662 Msa.
1285 2629 1404 2665 fidem.
1449 2631 1595 2664 Ex.vul·

875 2685 978 2723 gato:
1007 2681 1093 2714 Tune
1107 2681 1218 2714 chorus
1239 2681 1385 2724 ignotum
1402 2693 1490 2716 more
1502 2685 1595 2717 ducto

874 2733 1034 2765 canticum
1047 2733 1198 2777 Imposuit
1206 2745 1218 2773 ‚·
1229 2732 1405 2767 iecissem:
1424 2734 1509 2768 Tm
1522 2735 1595 2768 cho-

876 2793 930 2816 rus
945 2785 1091 2826 ignotum
1106 2796 1181 2819 mox
1203 2787 1331 2822 reducto
1357 2787 1515 2821 canticum
1543 2787 1596 2820 In-

1428 2844 1449 2874 2
1473 2841 1506 2874 X
