1806 3236
214 184 301 228 336

212 291 322 333 Schef.
360 292 489 326 Rursus
511 294 731 334 φιλοσυφικῶς.
767 292 919 327 Audien-

214 344 279 376 dus
292 343 505 385 Augustinus
522 343 565 375 de
580 343 656 376 Civ.
671 344 739 376 Dei
751 353 800 377 ιν,
816 342 869 377 33.
884 349 922 377 et

213 404 248 428 v·
265 398 318 428 19.
370 395 470 427 Adde
501 395 586 428 Mel.
613 395 672 428 lib.
697 404 753 427 ιιι.
784 396 817 428 in
844 396 920 429 Pol.

213 446 322 478 Arist.
368 446 497 477 Praecla.
557 445 748 488 Caligulam
785 456 921 490 quoque

212 496 318 536 innui,
340 496 442 527 immo
458 495 640 528 Phaedrum
657 499 738 538 post
753 497 920 539 Caligulae

212 547 393 589 imperinm
421 547 611 589 scripsisse,
629 555 748 580 censet
769 548 918 582 Tristnn.

212 602 395 629 comment.
413 602 493 630 tom.
509 607 550 631 ιι.
564 608 599 640 p.
611 601 687 631 303.

256 649 363 681 Dente
397 648 519 691 aspero]
578 650 733 691 Seri-ato,
773 650 918 694 καρχάρῳ

210 698 354 738 δήγματι.
399 699 525 732 AElian.
537 709 615 733 xv1.
631 703 664 733 8.
687 701 821 734 Plinius
838 712 916 736 xix.

208 751 218 767 ‘
234 750 277 782 In
289 750 371 782 orbe
384 750 577 792 terrarum,’
593 751 714 794 inquit,
737 753 748 771 ‘
761 752 917 794 pulcher-

209 802 331 833 rimum
359 802 519 843 anguium
546 811 653 843 genus
675 808 742 843 est,
765 803 859 846 quod
881 803 915 836 in

209 861 298 894 aqua
327 852 433 884 vivit:
471 853 572 895 hydri
603 858 782 895 vocantur,
813 855 915 888 nullis

208 903 421 944 serpentium
438 903 616 937 inferiores
632 905 785 938 veneno?
809 906 888 948 Εἰς.

251 956 291 985 25
317 953 498 995 Corripere]
521 955 670 997 Proprie
682 955 724 988 de
736 956 915 999 Serpenti-

208 1005 282 1038 bus.
305 1004 468 1047 Propert.
492 1006 589 1047 Eleg.
603 1006 662 1040 lib.
678 1016 735 1039 ιιι.
752 1010 784 1041 8.
821 1009 831 1026 ‘
847 1008 914 1041 Ille

206 1056 271 1088 si'bi
288 1055 442 1088 admotas
455 1066 475 1088 a
487 1056 620 1098 virgine
633 1057 780 1100 corripit
795 1058 913 1091 escas.'

207 1107 310 1140 Ovid.
341 1107 484 1140 Metam.
512 1116 582 1141 xu.
609 1108 686 1141 init.
734 1112 744 1128 ‘
762 1110 915 1142 Matrem·

206 1158 336 1190 circum
352 1168 412 1190 sna
420 1158 542 1191 damna
551 1163 724 1193 rotantem
735 1160 913 1202 Corripuit

205 1218 357 1252 serpens,
387 1210 555 1253 avidaque
586 1211 780 1245 recondidit
809 1212 912 1247 alvo!

204 1261 321 1294 Valer.
333 1261 430 1292 Max.
440 1261 500 1293 lib.
513 1271 538 1293 ι.
559 1271 590 1294 c.
605 1265 636 1294 8.
658 1262 716 1296 fin.
728 1262 771 1295 de
781 1263 911 1304 ingenti

201 1316 363 1353 serpente
392 1311 493 1344 Atilii
522 1313 657 1354 Reguli.
694 1314 704 1331 ‘
721 1314 910 1357 Multisque

203 1363 373 1395 militibus
391 1362 522 1404 ingenti
542 1372 602 1395 ore
617 1364 798 1406 correptis,
820 1374 909 1398 com-

202 1413 357 1455 pluribus
386 1413 504 1446 caudae
533 1414 760 1449 voluminibus
791 1415 909 1448 elisis!

204 1465 289 1496 Gud.

247 1516 413 1558 Corripere
426 1516 535 1559 coepfft]
572 1517 630 1550 Sic
643 1519 784 1551 Terent.
799 1519 908 1553 Andr.

199 1565 281 1599 Act.
295 1575 352 1599 ιιι.
368 1577 414 1599 sc.
426 1570 458 1599 2.
481 1567 604 1600 ‘Itane
616 1568 753 1601 tandem
765 1569 907 1603 idoneus

198 1615 275 1649 Tibi
306 1617 426 1649 videor
445 1628 531 1660 esse,
561 1628 662 1662 quem
689 1624 760 1652 tam
785 1625 906 1663 aperte

199 1666 321 1700 fallere
346 1668 491 1709 incipias
502 1668 527 1700 ‚³²
561 1670 692 1702 Noster
712 1680 791 1702 mox
817 1681 849 1703 c.
869 1674 903 1704 4.

201 1727 250 1750 vs.
263 1721 315 1750 10.
330 1719 339 1735 ‘
355 1718 466 1751 redire
483 1729 632 1751 moerens
649 1720 778 1762 coepit?
799 1720 906 1760 Schef.

242 1768 409 1810 Corripere
420 1769 576 1810 singulae]
618 1768 673 1801 Ad
687 1771 777 1802 hunc
792 1771 910 1810 locum,

196 1823 341 1852 annotat
367 1818 630 1860 Rittershusius,
659 1824 699 1852 ut
727 1824 782 1853 est
811 1821 904 1854 cirea

195 1869 422 1902 Latinitatem
447 1869 739 1912 diligentissimus,
761 1880 805 1903 ea
824 1882 902 1915 quae

195 1924 411 1962 sequuntur:
449 1920 459 1937 ‘
482 1920 644 1962 Singulas
667 1923 749 1962 ιιι-0,·
773 1931 902 1955 omnes.

193 1969 251 2002 Sic
265 1967 355 2001 infra
383 1968 576 2011 aliquoties.
625 1970 819 2003 Videndum
842 1972 904 2014 igi-

194 2018 276 2061 tur,’
291 2020 405 2062 pergit
430 2019 521 2052 idem
545 2020 811 2063 Rittershusins,
832 2023 842 2041 ‘
857 2034 902 2057 ne

193 2070 355 2103 Muretus
371 2070 498 2112 injuria
512 2071 726 2112 sugillaverit
746 2073 903 2106 Pei-ioni-

192 2132 265 2162 um,
279 2122 337 2163 qui
358 2121 368 2139 ‘
380 2121 521 2163 singulis
532 2121 655 2154 diebus
668 2121 677 2137 '
690 2123 746 2155 vel
760 2123 771 2141 ‘
783 2125 881 2157 annis
891 2125 901 2139 ¹

193 2172 331 2212 dixerit,
361 2182 424 2213 pro
455 2172 672 2215 qnoffliebus,
697 2175 900 2216 quotannis?

192 2223 282 2256 Haec
297 2223 355 2255 ille
369 2233 377 2254 :
403 2222 464 2264 At,
479 2233 555 2256 mea
566 2223 704 2266 quidem
716 2226 900 2267 sententia,

194 2273 337 2305 fallitur.
369 2274 521 2306 Primum
533 2274 624 2306 enim
639 2273 704 2306 hoc
720 2275 794 2316 ipso
810 2275 898 2318 loco,

192 2333 259 2365 quo
277 2323 320 2356 de
343 2334 432 2356 nunc
449 2324 573 2365 agitur,
585 2324 724 2364 singulas
747 2335 814 2357 non
830 2326 896 2368 sig·-

190 2374 308 2407 nificat
320 2385 433 2415 omnes,
443 2375 503 2407 sed
514 2375 602 2418 quod
611 2375 747 2409 Gallice
753 2377 896 2410 dicimus

191 2427 236 2458 les
248 2436 323 2459 unes
333 2429 422 2468 apres
435 2427 479 2458 les
493 2430 611 2468 autres,
626 2426 659 2458 id
674 2431 740 2467 est,
754 2427 895 2461 Liviano

188 2486 285 2508 more
308 2477 318 2495 ⁴
331 2477 414 2509 alias
428 2482 505 2518 post
517 2476 626 2509 alias!
658 2477 728 2509 Sed
739 2476 895 2520 fortasse,

190 2527 280 2568 quod
297 2532 349 2559 est
374 2527 407 2559 iu
426 2527 630 2569 vaerbio,
644 2527 790 2570 δευτέρων
810 2529 894 2569 ἀμει-

189 2576 304 2609 νόνωνε
340 2578 455 2620 itaque
488 2578 577 2610 hunc
608 2579 753 2611 alterum
782 2579 893 2612 locum

188 2627 302 2669 affert,
318 2639 385 2671 quo
408 2631 612 2662 sententiam
641 2640 733 2662 suam
749 2631 891 2672 probet:

187 2680 196 2697 ‘
216 2680 344 2721 Magno
360 2680 477 2713 dolore
494 2681 604 2713 victus
623 2680 730 2723 coepit
743 2681 893 2723 singulas

188 2730 337 2763 Iulicerc
366 2731 502 2772 pretio.'
548 2733 676 2764 Verum
702 2731 768 2764 sibi
790 2733 891 2773 plane

188 2781 400 2815 adversatur.
424 2782 515 2816 Quid
529 2792 631 2824 ροιϊο
645 2783 787 2815 tertius?
801 2784 809 2800 ‘
822 2782 890 2816 Qui

683 198 826 231 NOTAE
861 199 1127 234 vARloRUM
1161 203 1213 235 IN

969 305 1118 338 regnum
1123 297 1268 340 adeptns
1275 298 1382 341 eoepit
1390 299 1482 332 vesci
1491 298 1663 342 singulm.
1652 301 1682 322 Α

968 347 1181 384 Tantundem
1217 348 1376 391 profecto
1417 352 1501 393 agit.
1567 350 1674 388 -Q'u'id

970 402 1110 439 quartus
1139 399 1308 442 denique?
1344 401 1355 419 ‘
1382 402 1473 434 Dum
1497 400 1684 439 seruntur*

969 447 1115 490 singula,
1129 449 1231 483 Cervi
1245 452 1573 495 quoque‚'&c.1bi
1587 452 1683 498 quo-⁵

969 507 1036 541 que
1060 498 1141 532 πάνυ
1169 501 1310 540 &momnis
1337 501 1509 544 χάσκονιῑα,
1531 511 1610 538 uam
1633 502 1672 537 *rb

967 550 1090 591 singula
1107 551 1238 600 itidem,
1247 557 1287 585 ut
1301 553 1336 585 in
1350 554 1435 586 locis
1449 559 1530 587 ante
1546 554 1685 596 allatius

967 600 1124 634 converti
1146 607 1182 635 et
1194 602 1340 646 intelligi
1352 603 1460 638 debet
1472 605 1573 647 plane
1591 615 1672 639 con·
1677 620 1682 625 ·

967 655 1023 683 tra
1052 651 1158 693 ipsius
1191 653 1425 686 sententium.
1436 654 1530 688 Fut.
1590 655 1670 688 Non

965 711 1079 742 omnes,
1105 707 1143 735 ut
1165 703 1309 745 exponit
1331 704 1590 748 Rittershueinn,
1606 706 1670 740 sed

964 761 1056 784 unam
1082 757 1153 795 post
1176 755 1322 795 alteram,
1357 759 1397 787 ut
1433 755 1523 788 dicit·
1545 753 1669 791 &bos-

966 802 1127 845 Virgilius
1136 803 1241 837 Geor.
1251 814 1310 838 ιιι.
1324 805 1335 823 ‘
1344 805 1414 838 Sed
1425 804 1514 848 fugit
1523 804 1676 848 intere&

963 851 1053 895 fugit
1089 854 1314 896 irreparabile
1352 860 1500 898 tempus,
1526 855 1673 899 Singula

963 904 1043 936 dum
1069 906 1163 948 capti
1194 906 1506 939 circumveniantur
1532 906 1672 940 amore-⁹

963 955 1069 997 Schef.
1104 957 1159 990 Ita
1179 957 1342 999 vegetius
1355 961 1421 990 art.
1431 957 1629 991 Veterinur.
1639 967 1678 991 1.-

963 1017 994 1042 c.
1005 1011 1059 1040 26.
1095 1008 1106 1026 ‘
1123 1007 1330 1050 Hujusmodi
1345 1011 1460 1040 autem
1475 1017 1560 1041 eura
1571 1017 1668 1041 ιιιιιιι-

963 1069 1064 1101 qnam
1085 1058 1147 1091 nisi
1174 1059 1315 1101 singulis
1342 1057 1487 1101 pedibus
1513 1058 1668 1092 adhiberi

962 1108 1091 1142 debet.’
1117 1109 1275 1143 Justinus
1286 1118 1327 1142 11.
1337 1112 1370 1142 2.
1393 1109 1669 1151 ‘maj0relabore

962 1160 994 1192 ei
1009 1160 1157 1202 singulas
1171 1160 1443 1193 consectandas!
1466 1160 1595 1194 Horat.
1610 1169 1667 1195 ιιι.

962 1210 1030 1244 Od.
1048 1213 1099 1243 11.
1141 1211 1152 1229 ‘
1170 1211 1270 1252 Quae,
1298 1211 1394 1244 velut
1412 1215 1523 1250 nactae
1539 1211 1666 1245 vitulos

960 1261 1092 1302 leaenae,
1127 1261 1286 1304 Singulos
1326 1261 1432 1295 eheu!
1484 1262 1673 1297 lucei-tutat.

959 1307 1040 1344 Vid.
1063 1311 1125 1345 inf.
1153 1312 1196 1344 ad
1226 1311 1296 1344 fab.
1311 1314 1365 1345 31.
1411 1311 1559 1345 Dictum
1581 1322 1664 1346 vero

957 1361 1024 1394 hoc
1040 1363 1136 1395 velut
1152 1362 1239 1395 illud
1251 1362 1355 1404 Flori,
1377 1371 1404 1396 1.
1418 1365 1450 1396 9.
1474 1367 1485 1382 ‘
1501 1363 1664 1406 proximis

957 1413 1149 1457 quibusque
1164 1413 1356 1456 correptis!
1384 1414 1498 1447 Burni.
1567 1437 1571 1443 ι
1668 1432 1671 1439 -

979 1481 983 1485 -
999 1468 1043 1497 26
1059 1465 1215 1506 Fugitant
1228 1464 1360 1507 inertes]
1394 1465 1533 1498 Ina-m
1546 1465 1664 1513 mullet

958 1515 1105 1558 Gudius,
1130 1516 1192 1549 sed
1215 1516 1344 1548 rectius
1367 1515 1571 1549 &ieiuna
1593 1515 1664 1549 dini

958 1572 1055 1610 puto,
1068 1567 1148 1610 quin
1161 1566 1332 1610 ignaviam
1351 1575 1469 1598 eorum
1485 1566 1612 1610 tangit,
1622 1570 1664 1599 ut

955 1617 1006 1650 ita
1035 1619 1159 1660 passim
1184 1618 1303 1651 inertia
1331 1627 1460 1660 pecora
1482 1617 1662 1651 dicuntur.

956 1669 1046 1701 Vide
1071 1669 1223 1712 Philarg.
1244 1669 1288 1702 ad
1311 1669 1434 1712 virgil.
1448 1669 1590 1711 ‘Georg-
1607 1676 1661 1702 Π.

954 1723 1008 1753 25.
1030 1712 1069 1753 et‘
1077 1720 1181 1753 Serv.
1204 1719 1247 1752 ad
1262 1719 1338 1752 AEn.
1356 1729 1405 1753 ιν.
1427 1722 1502 1753 158.
1536 1716 1665 1755 Inereea‘

953 1780 1050 1812 ergo,
1077 1771 1217 1814 quinon
1242 1770 1370 1803 audent
1391 1771 1552 1803 resistere
1577 1769 1668 1812 regis

954 1821 1011 1864 qui
1022 1831 1060 1853 se
1074 1831 1140 1853 non
1154 1825 1303 1862 movent,
1318 1826 1357 1853 ut
1371 1821 1420 1854 ita
1435 1820 1583 1854 fortibus
1599 1830 1660 1863 op-

953 1872 1036 1915 poni
1049 1871 1168 1905 docuit
1179 1872 1310 1904 Mutet.
1324 1871 1368 1904 ad
1384 1871 1496 1905 Cicer.
1507 1872 1540 1904 in
1553 1872 1668 1905 Catil.-

953 1931 979 1955 1.
996 1925 1028 1956 2.
1072 1922 1174 1965 Saepe
1196 1931 1280 1955 vero
1300 1921 1474 1955 inerteset
1486 1922 1622 1956 inermes
1635 1933 1659 1955 a

951 1973 1099 2006 librariis
1127 1971 1289 2005 confundi
1318 1975 1417 2015 patet
1436 1981 1490 2005 ,ex
1520 1972 1660 2006 Heiunii

952 2023 1044 2057 notis
1059 2023 1102 2056 ad
1119 2023 1224 2057 Ovid.
1235 2023 1323 2056 Met.
1338 2032 1374 2055 v.
1393 2025 1468 2056 1⁷5.
1504 2022 1622 2057 Burin.
1656 2024 1669 2055 ζ·

999 2076 1106 2108 Vocem
1114 2074 1283 2117 proecludit
1288 2072 1403 2115 metm]
1422 2074 1476 2106 Ex
1485 2073 1664 2116 Sophocle.

951 2126 1071 2169 Antig.
1085 2129 1161 2159 511.
1205 2124 1242 2158 si
1257 2125 1304 2165 μὴ
1323 2125 1477 2165 γλῶσσαν
1497 2123 1657 2165 aya-tem

949 2178 1059 2220 φόβος.
1101 2178 1222 2210 Senec.
1248 2176 1326 2210 OEd.
1353 2178 1429 2210 736.
1465 2176 1476 2195 ‘
1493 2176 1656 2210 Continet

949 2238 1068 2262 vocem
1084 2227 1222 2270 timot-l,
1239 2228 1352 2260 Bam.

996 2281 1108 2313 Vocem
1129 2279 1294 2321 praeludit
1307 2277 1421 2319 metm]
1453 2277 1656 2320 Eleganter,

948 2333 1112 2372 atqueex
1132 2329 1186 2369 iis,
1200 2339 1277 2372 quae
1303 2327 1339 2360 in
1361 2332 1496 2361 terrore
1510 2327 1584 2360 fieri
1600 2337 1655 2360 ns-

947 2380 1073 2420 solent,
1085 2379 1151 2412 hoc
1162 2379 1260 2411 dicit.
1281 2378 1339 2411 Sic
1353 2377 1516 2420 Virgilius
1530 2378 1606 2410 AEn.
1616 2380 1659 2410 2..

946 2431 957 2449 ‘
972 2431 1048 2462 Vox
1080 2429 1240 2462 faucibus
1277 2427 1401 2462 lusit?
1451 2427 1651 2460 Guntherun

945 2480 1005 2512 lib·
1018 2489 1076 2512 ιιι.
1109 2479 1120 2498 ⁴
1136 2480 1204 2512 Vix
1218 2479 1335 2512 fauces
1354 2478 1389 2510 in
1404 2477 1511 2510 verba
1526 2477 1649 2510 solutae

946 2531 1048 2563 Vocis
1062 2532 1130 2564 iter
1145 2534 1312 2573 praestare
1326 2528 1464 2562 valent!
1487 2529 1575 2562 Rite.

993 2582 1103 2614 Vocem
1118 2581 1284 2623 praecludit
1297 2580 1412 2622 metus]
1435 2580 1493 2612 Ita
1510 2581 1649 2613 Terent.

944 2631 1097 2664 Eunuch.
1120 2633 1129 2649 ‘
1141 2631 1274 2672 Lingua
1283 2631 1394 2663 haeret
1402 2630 1519 2663 metu.'
1535 2630 1648 2664 Achil.

943 2681 1025 2713 Tat.
1054 2681 1113 2712 lib.
1136 2690 1179 2713 11.
1204 2680 1303 2721 φόβος
1325 2680 1388 2722 γὰρ
1407 2679 1553 2720 γλώττης
1578 2681 1646 2713 ἐστὶ

941 2731 1062 2771 δεσμὸς,
1084 2733 1277 2772 eleganter;
1304 2731 1414 2763 Metus
1434 2735 1478 2764 est
1490 2733 1646 2764 vinculum

940 2782 1067 2822 linguae.
1103 2781 1195 2814 Gud.
