1806 3236
195 228 282 272 422

197 332 367 375 solebant,
383 331 474 377 quod
492 333 692 374 ἆτιμαγελεῖν
715 333 829 367 Graeci
852 333 902 366 di-

197 390 293 428 cunt,
307 385 421 418 furore
447 385 573 427 perciti
600 385 644 418 de
667 386 776 419 vaccis
791 389 902 419 certa-

194 437 291 470 bant.
313 437 402 469 Vide
416 438 549 469 Erasm.
566 437 601 469 in
617 437 763 479 adagio:
779 438 789 456 ⁴
806 436 904 472 Abiit

196 493 234 522 ct
250 489 309 522 bos
325 490 359 521 in
376 488 530 531 sylvam,'
547 489 613 531 ,ubi
637 489 772 522 erudita
795 490 904 522 multa

196 539 241 572 de
255 539 362 571 tauris
379 539 546 580 congerit.
570 539 684 572 Obvia
696 540 801 572 etiam
811 540 902 582 apud

195 588 325 621 Poe'tas
353 588 398 621 de
423 589 487 622 hac
516 599 631 632 pugna
655 590 843 623 Taurorum
867 595 904 623 et

196 649 302 681 regno
330 640 437 672 saltus
463 641 548 673 loca.
589 640 670 673 Vid.
696 639 811 683 Apoll.
839 642 903 674 Rb.

196 699 236 722 n.
253 692 306 722 88.
330 689 435 722 ovid.
452 691 540 723 Met.
557 699 610 723 rx.
620 693 675 723 46.
697 691 786 724 Stat.
797 692 904 726 Theb.

198 748 240 773 11.
263 742 337 772 323.
366 749 402 773 v.
418 743 491 773 330.
523 750 575 775 vr.
589 744 665 775 861.
688 746 724 775 et
748 751 801 777 xl.
827 746 903 776 251.

196 792 261 823 &c.
292 790 407 823 Bur-,m

239 842 387 882 Pugnam
408 843 583 885 taurorum]
607 844 787 879 Quomodo
801 845 905 877 Tauri

195 902 299 936 super
324 895 532 928 excellentia
561 900 597 928 et
625 897 823 939 principatu
852 907 905 930 ar-

195 945 304 978 menti
321 946 504 979 decertare
519 947 664 988 soleant,
679 951 716 980 et
733 947 846 980 victus
870 948 904 980 in

195 995 316 1028 silvam
331 1006 371 1030 ac
386 998 458 1030 sola
472 998 547 1030 loca
562 1007 639 1031 sese
655 998 835 1041 proripiat,
846 1000 905 1032 ubi

195 1047 284 1080 vires
300 1052 497 1091 recuperet,
513 1049 735 1092 expluribus
758 1051 905 1083 auctori-

197 1096 260 1129 bus
282 1097 383 1131 docui
407 1099 450 1131 ad
471 1099 680 1141 Oppianum.
717 1100 807 1133 Vide
829 1102 906 1134 Sta·

195 1147 281 1180 tium
304 1148 487 1191 Papinium
509 1150 614 1183 Theb.
642 1150 702 1184 lib.
719 1160 761 1185 11.
783 1155 821 1184 et
837 1161 904 1185 xri.

197 1197 286 1231 Ritt.

238 1252 256 1280 5
272 1249 477 1293 Principum]
501 1252 709 1295 Principatus
721 1254 832 1295 gregis
839 1255 905 1288 hoc

195 1298 272 1332 loco
301 1300 514 1334 dominatum
555 1307 592 1336 et
621 1313 763 1346 regnum
790 1305 904 1347 gregis

196 1359 378 1383 vaccarum
408 1352 543 1394 putavit
565 1352 781 1396 Schefferus3
813 1355 904 1388 unde

196 1400 306 1434 voluit
331 1402 509 1444 explicare
534 1403 685 1437 fabulam
715 1414 776 1438 xv.
805 1405 904 1448 hujus

194 1450 289 1483 libri.
334 1452 404 1484 Sed
420 1452 564 1487 fallitur.
611 1455 691 1487 Hoc
713 1456 804 1488 enim
827 1457 904 1489 loco

190 1502 390 1543 principatus
414 1504 525 1545 gregis
550 1508 605 1537 est
628 1515 770 1548 regnum
791 1516 906 1539 nemo-

195 1552 254 1594 ris,
268 1557 308 1585 ut
334 1554 501 1587 Phaedrus
524 1559 648 1596 postea
676 1566 713 1588 se
738 1557 905 1598 explicat,

194 1603 262 1636 hoc
292 1608 358 1647 est,
387 1615 569 1638 vaccarum
604 1606 697 1639 illius
726 1607 841 1649 gregis
870 1607 906 1639 in

195 1662 334 1687 nemore
360 1657 589 1697 pascentium.
642 1658 774 1690 Tau-rus
801 1657 906 1700 igitur

195 1704 325 1737 dicitur
346 1707 493 1748 princeps
512 1707 624 1748 greg-is
653 1708 844 1750 eleganter,
867 1713 906 1741 ut

195 1757 288 1797 apud
313 1758 409 1799 Virg.
438 1759 557 1800 Eclog.
585 1768 653 1792 vn.
680 1759 690 1777 ‘
706 1760 769 1792 Vir
790 1761 905 1802 gregis

195 1806 269 1848 ipse
294 1817 399 1850 caper
410 1807 434 1849 ς’
465 1809 509 1840 ad
536 1809 763 1843 imitationem
793 1812 903 1844 Theo-

195 1858 287 1891 criti.
330 1859 412 1900 Sed,
429 1859 519 1902 quod
538 1859 735 1894 Schefferus
747 1863 906 1908 princtpcz-

194 1911 262 1940 tum
274 1909 390 1942 civium
405 1909 525 1942 eadem
547 1911 681 1943 ratione
698 1912 830 1945 dictum
846 1922 907 1956 pu·

194 1963 259 2001 tet,
273 1960 401 2001 nescio,
417 1971 461 1993 an
480 1970 547 1993 non
563 1960 715 1996 fallatur.
760 1965 904 1997 Certum

195 2013 263 2051 est,
280 2010 464 2043 Phaedrum
486 2011 550 2044 hoc
576 2012 654 2044 loco
670 2014 825 2055 posuisse
840 2025 906 2058 pro

195 2069 326 2093 summo
357 2061 500 2104 imperio
531 2066 568 2095 et
594 2062 793 2105 dominatu;
845 2066 906 2098 sed

194 2111 436 2154 ‘principatus
463 2114 607 2146 civium’
636 2115 799 2148 Romanis
830 2121 907 2150 erat

193 2163 343 2203 πρωτεῖον
357 2163 522 2205 civitatis,
538 2174 607 2197 non
623 2166 820 2200 dominatus
834 2179 844 2209 ;
868 2173 907 2202 ut

193 2212 206 2231 ‘
220 2213 388 2256 Princeps
417 2214 565 2247 civium'
601 2219 666 2258 est,
700 2218 831 2259 primus
870 2224 908 2252 et

195 2263 391 2304 praecipuus
417 2264 451 2296 iu
479 2265 633 2307 civitate,
650 2267 709 2308 qui
731 2268 907 2311 principa-

195 2317 270 2345 tum
294 2314 327 2345 in
351 2323 412 2346 sua
435 2314 579 2348 civitate
595 2316 755 2357 obtinet;
778 2323 815 2350 ut
833 2320 907 2352 Cae-

196 2373 253 2395 sar
268 2363 310 2395 de
325 2364 541 2407 Dumnorige
558 2365 668 2399 AEduo
693 2367 843 2410 loquitur
864 2370 907 2404 de

196 2414 288 2446 Bell.
305 2413 395 2447 Gall.
411 2415 470 2448 lib.
482 2425 505 2448 1.
519 2416 576 2448 ubi
594 2417 777 2459 perspicue
789 2418 908 2452 distin-

197 2464 313 2505 guitur
327 2465 419 2497 inter
439 2466 449 2484 ‘
468 2466 708 2509 Principatum
724 2468 906 2512 obtinere‚'

197 2519 235 2547 et
249 2515 259 2533 ‘
271 2515 427 2557 Regnum
443 2517 623 2550 obtinere.’
644 2519 654 2536 ‘
666 2519 904 2562 Principatus’

196 2566 353 2598 absolute
369 2567 501 2608 positus
517 2567 560 2600 de
583 2578 713 2602 summo
729 2569 905 2604 dominatu

196 2616 413 2657 postmodum
429 2617 465 2649 in
481 2628 543 2665 usu
562 2628 635 2652 esse
658 2620 778 2662 coepit,
795 2631 904 2665 neque

195 2676 280 2699 vero
297 2677 437 2700 necesse
461 2674 536 2702 erat
559 2670 687 2704 addere
706 2672 831 2713 civium,
844 2674 905 2706 sed

195 2716 280 2749 illud
292 2718 302 2736 ‘
315 2717 460 2751 Civium’
471 2720 504 2752 in
517 2719 587 2753 fab.
600 2730 662 2755 xv.
676 2723 765 2755 malo
777 2723 905 2757 referre

199 2765 243 2797 ad
257 2766 267 2784 ‘
284 2767 483 2809 Pauperes!
526 2769 585 2803 Sic
599 2781 750 2813 pauperes
773 2773 903 2814 civium,

198 2820 235 2849 et
255 2818 410 2868 praecipui
433 2819 548 2854 civium
573 2826 670 2855 recte
698 2823 841 2868 dictum,
865 2830 904 2858 ut

668 237 811 271 NOTA:
847 238 1108 272 VARIORUM
1144 232 1221 271 1N'

952 334 1106 367 ‘sancte
1117 333 1297 377 Deorum,'
1319 333 1417 377 Virg.
1437 333 1577 368 Tacitus
1592 329 1656 370 titi

953 384 1028 417 x1.‘
1045 384 1187 418 Cunctis
1207 385 1343 427 civium,
1356 384 1384 417 si
1407 384 1505 418 bonis
1521 385 1655 419 artibus

952 435 1112 478 fiderent,
1126 435 1257 469 licitum
1273 441 1391 479 petere
1410 437 1659 480 magistratus:
1686 447 1689 449 ·

956 487 1043 520 Gud.

996 537 1184 580 Principum
1201 537 1328 579 gregis]
1359 537 1564 581 Principutus
1586 549 1660 581 gre·

949 589 1015 630 gis,
1040 593 1094 621 est
1119 588 1335 630 principatus
1361 597 1423 621 seu
1447 599 1590 632 regnum
1620 589 1658 623 in

953 649 1093 682 gregem
1106 651 1116 680 3
1139 638 1218 671 vide
1233 648 1310 681 sup.
1325 637 1368 671 ad
1384 638 1468 673 Fab.
1482 642 1535 673 16.
1566 639 1658 673 Grex

953 691 1009 723 hic
1030 691 1074 723 de
1100 694 1267 731 armento,
1291 689 1364 722 sive
1389 687 1511 724 bobus.
1546 691 1594 724 Et
1607 691 1658 724 sie

955 742 1078 775 Cicero
1107 742 1242 784 aliique.
1285 740 1368 782 Pro,
1392 750 1460 773 cum
1484 741 1535 774 iai
1555 745 1657 775 certe-

953 796 1035 836 rent,
1045 792 1166 826 scribit
1182 792 1356 834 Heinsius,
1367 801 1436 824 cum
1446 791 1659 830 decertarent,-

954 843 990 876 id
1018 843 1109 887 quod
1139 843 1338 885 amplector.
1391 841 1450 874 Sic
1475 841 1536 875 lib.
1565 850 1601 874 v.
1624 842 1660 876 Ξ.

954 894 964 913 ‘
980 895 1050 929 Qui
1062 892 1346 937 depugnaverat!
1368 892 1473 933 Schef.
1499 892 1555 926 Ita
1570 893 1580 911 ‘
1594 891 1662 926 De·

954 946 1141 978 certatoria
1156 955 1281 987 pugna,
1283 943 1348 977 ’ut
1369 943 1507 987 qnidam
1529 943 1661 986 legunt,

956 995 1047 1038 apud
1065 996 1232 1030 Quinctil.
1248 995 1336 1028 Inst.
1352 1004 1388 1027 v.
1404 997 1438 1028 4.

1002 1046 1135 1089 Gregis]
1163 1046 1312 1088 Gregem
1337 1046 1595 1088 navamus-neem
1609 1043 1660 1078 di-

956 1098 1022 1140 xit,
1038 1108 1102 1140 pro
1119 1101 1285 1131 armento.
1324 1097 1411 1130 Rite.
1432 1131 1435 1133 ,

999 1152 1020 1181 7
1044 1149 1157 1190 Natio,
1186 1149 1244 1190 ait,
1281 1147 1443 1191 separata]
1490 1146 1660 1181 Putabam

956 1201 1104 1243 primum
1118 1199 1218 1232 metri
1236 1207 1356 1231 caussa
1369 1197 1438 1239 legi
1452 1206 1574 1239 posse:
1597 1197 1662 1229 Eat

954 1251 1040 1283 ratio
1063 1259 1166 1292 separ.
1192 1249 1253 1290 ait,
1268 1259 1304 1281 uc
1326 1248 1392 1281 diu.
1408 1258 1446 1289 g.
1477 1247 1548 1280 Sed
1570 1256 1662 1280 nunc

954 1301 989 1334 in
1017 1300 1092 1333 visa
1130 1301 1334 1343 conjectura
1369 1303 1430 1331 tua
1467 1297 1661 1340 acquiesco.

955 1350 1079 1392 Semop.
1121 1349 1280 1383 Vivendi.
1313 1348 1356 1381 Id
1378 1351 1446 1390 est,
1461 1348 1521 1380 lex
1546 1347 1663 1380 viven-

955 1401 1001 1434 di.
1030 1402 1121 1434 Nam
1147 1411 1168 1433 a
1186 1404 1287 1442 ratus,
1300 1400 1396 1432 ratio.
1418 1398 1561 1431 Prascb.
1603 1397 1661 1431 Sc.

955 1453 1056 1494 alter,
1086 1452 1312 1493 respondens.
1383 1448 1662 1483 subandiendum

956 1506 1070 1535 autem
1110 1502 1166 1535 hic
1204 1502 1344 1544 quidm,-
1381 1500 1437 1533 cui
1474 1498 1662 1546 respondet:

955 1562 1047 1594 mox,
1075 1552 1138 1585 Sed
1161 1554 1276 1594 pulsus.
1314 1552 1415 1585 Natio
1439 1560 1574 1594 quoque
1593 1550 1664 1584 ele-

955 1608 1078 1645 ganter
1092 1603 1137 1636 de
1152 1602 1272 1636 bobus.
1296 1602 1419 1635 Festus
1431 1601 1504 1634 sive
1514 1601 1662 1634 Paulus:

962 1654 1023 1686 ‘In
1039 1653 1220 1696 pecoribus
1235 1663 1371 1696 quoque
1387 1652 1495 1685 bonus
1518 1660 1664 1694 proven-

958 1709 1012 1738 tus
1027 1704 1177 1747 foeturae,
1193 1705 1271 1737 bona
1285 1704 1371 1737 natio
1387 1702 1534 1735 dicitur!
1566 1703 1664 1735 Sca-

957 1755 1044 1797 liger
1078 1756 1144 1787 hoc
1180 1755 1278 1787 loco:
1335 1754 1345 1772 ‘
1360 1753 1539 1786 Praeterea
1575 1753 1664 1794 vult,

958 1815 1068 1848 neque
1092 1805 1266 1837 nationem
1293 1807 1427 1836 tantum
1457 1802 1499 1835 de
1522 1802 1663 1835 bomini-

957 1855 1034 1897 bus,
1049 1855 1108 1888 sed
1123 1859 1160 1888 et
1175 1855 1217 1887 de
1238 1854 1422 1897 pecoribus
1437 1852 1518 1886 dici.
1559 1853 1662 1887 Quod

957 1916 1024 1938 non
1051 1907 1124 1939 sine
1150 1906 1353 1939 Graecorum
1374 1904 1568 1938 imitatione
1591 1904 1663 1937 dic-

956 1962 1029 1990 tum
1049 1962 1116 1999 est,
1142 1961 1180 1990 ut
1202 1957 1377 1989 Homerus
1403 1955 1486 1988 0d.’
1523 1955 1663 1988 Priores

956 2009 1125 2042 editiones
1151 2008 1345 2041 habuerunt
1358 2008 1453 2048 ratio,
1469 2008 1542 2041 sine
1557 2008 1663 2041 ratio·

957 2069 1010 2093 ne.
1026 2059 1130 2099 Schef.
1166 2059 1253 2092 Cato
1269 2058 1360 2101 apud
1373 2059 1514 2091 Festum
1528 2069 1537 2091 ι
1561 2059 1572 2077 ‘
1588 2059 1666 2093 Qua

957 2114 1032 2143 arte
1048 2110 1141 2143 natio
1159 2119 1222 2142 sua
1243 2113 1402 2151 separata
1426 2109 1590 2142 seorsim!
1627 2109 1665 2142 Si

956 2166 1071 2195 autem
1086 2161 1248 2194 Gudiana
1263 2160 1458 2193 emendatio
1475 2160 1665 2202 arridebat,

955 2213 1075 2245 melius
1095 2212 1209 2253 legas:
1232 2210 1363 2243 stationi
1384 2214 1539 2253 separutae
1562 2210 1665 2243 diver-

954 2275 1022 2298 sum
1031 2274 1140 2306 genus.
1161 2265 1402 2306 cogitaveram
1413 2267 1451 2295 et
1462 2263 1530 2305 legi
1543 2271 1662 2305 posse:

957 2316 1056 2348 Ratio
1071 2319 1120 2347 est
1129 2317 1258 2356 parata,
1272 2324 1311 2347 en
1325 2314 1481 2347 diversum
1492 2323 1610 2356 genus.-
1625 2314 1662 2346 id

957 2370 1021 2408 est,
1036 2370 1088 2398 est
1104 2366 1138 2397 in
1155 2369 1316 2407 promptu
1333 2365 1445 2406 ratio;
1467 2364 1528 2398 sed
1542 2364 1664 2397 ultima

956 2417 1062 2450 verba
1086 2416 1197 2449 adhuc
1227 2419 1391 2458 corrupta
1418 2420 1508 2448 sunt.
1546 2414 1663 2447 Heins-

957 2468 1065 2500 Nobis
1080 2467 1176 2499 statio
1191 2467 1335 2508 placuit,
1359 2469 1396 2498 et
1419 2464 1572 2506 suppleri
1587 2464 1662 2496 haee

956 2517 1062 2550 verba
1084 2527 1178 2549 ranae
1199 2516 1249 2548 ita
1264 2515 1415 2548 debent:
1443 2515 1509 2546 Est
1523 2513 1661 2556 quidem

956 2572 1132 2601 taurorum
1151 2567 1256 2600 statio
1279 2576 1300 2598 a
1321 2565 1420 2599 nobis
1435 2563 1609 2606 separata,
1624 2568 1662 2597 et

956 2618 1126 2651 diversum
1142 2621 1222 2649 sunt
1237 2626 1369 2658 genus;
1391 2614 1465 2655 sed,
1486 2615 1550 2647 ἃς.
1583 2614 1662 2646 Vir·

955 2669 1013 2711 gil.
1030 2669 1159 2710 Georg.
1173 2676 1223 2700 xv,
1240 2670 1272 2699 8.
1295 2675 1395 2708 quem
1420 2664 1565 2696 adduxit
1588 2664 1660 2697 Gu-

955 2720 1043 2762 dius,
1056 2720 1120 2752 hoc
1149 2718 1279 2760 optime
1299 2716 1434 2749 firmat:
1455 2715 1465 2732 ‘
1481 2715 1660 2757 Principio

955 2772 1052 2804 sedes
1069 2770 1191 2812 apibus
1211 2768 1380 2810 statioque
1397 2765 1583 2808 petendae:
1616 2765 1660 2798 ’τὸ

953 2822 1076 2865 quidem
1101 2819 1255 2863 suppleri
1279 2817 1398 2862 debet,
1418 2820 1457 2851 ut
1478 2820 1515 2850 et
1540 2816 1659 2853 lib.,11.
