1806 3236
217 231 304 275 452

679 245 822 277 NOTAE
856 247 1124 280 VARloRUM
1159 250 1213 281 ΙΝ

263 338 377 371 Nescio
401 338 493 380 quid]
525 338 622 370 Bene
643 337 678 370 in
692 338 842 372 editione
857 350 925 372 me·
969 342 1079 384 periit,
1093 343 1185 383 per-It
1213 343 1443 379 scribendum.
1487 347 1550 380 Est
1563 351 1679 382 antem

219 389 276 422 dia
311 390 479 431 Rigaltius
511 389 568 422 hic
607 390 784 423 annotavit
811 391 924 423 locum

216 442 320 473 istum
347 440 525 472 Petronii:
563 449 640 482 cap.
665 443 718 473 33.
765 441 924 474 ‘Deinde

217 497 257 524 ut
285 491 399 523 audivi
439 495 594 523 veterem
635 491 832 525 convivam:
870 492 925 525 hic

216 542 331 575 nescio
348 542 427 584 quid
454 542 532 574 boni
549 541 656 574 debet
672 543 770 575 esse!
814 543 926 575 Caete-

216 605 290 626 rum
307 603 370 635 pro
388 603 452 625 esse
466 594 569 625 nescio
589 594 677 635 quid,
694 593 925 634 scribendum,

215 645 317 678 nescio
328 654 392 676 esse
405 644 492 685 quid,
505 644 642 678 numeri
657 654 785 676 caussa.
819 644 925 683 Schef.

261 695 374 728 Nescio
387 696 462 737 quid
478 695 563 736 boni]
588 695 731 727 Petron.
746 695 816 727 Sat.
833 695 843 713 ‘
857 696 926 727 De-

217 745 297 778 inde
329 749 367 777 ut
396 745 512 777 audivi
544 749 697 777 veterem
722 745 922 778 convivam:

215 796 270 829 hic
285 796 399 828 nescio
424 795 505 838 quid
522 794 604 827 boni
628 795 734 828 debet
749 799 845 837 esse,'
859 798 925 829 &c.

216 847 338 879 Idem:
374 847 537 879 ‘Secreto
564 845 730 888 quicquid
754 845 833 878 boni
863 856 925 888 per

182 935 185 937 ‚
214 896 397 930 facultates
414 900 554 938 poterat
569 896 775 929 coemebat!
801 897 877 937 Rig.

256 950 297 979 21
323 946 494 988 Dominus]
528 946 700 979 Tiberius.
747 948 803 979 Sic
827 957 924 980 voca-

213 998 339 1030 bantur
355 999 455 1030 titulo
467 997 596 1029 solenni
610 997 817 1038 posteriores
833 998 924 1040 prin-

213 1051 318 1092 cipes.
364 1051 569 1092 Quanquam
593 1048 685 1082 forte
712 1051 819 1092 magis
835 1050 923 1083 Nos·

212 1107 268 1133 ter
285 1101 475 1143 respexerit
501 1110 635 1132 servum
657 1101 856 1141 atriensem,
872 1106 923 1134 at·

213 1163 279 1195 que
305 1153 396 1184 illius
412 1152 537 1184 intuitu
552 1151 722 1184 Tiberium
746 1152 799 1184 hic
816 1153 923 1185 nomi-

211 1204 304 1236 narit
329 1203 498 1243 dominum,
513 1212 637 1244 nempe
653 1203 728 1245 ejus
749 1203 920 1237 atrIensis.

213 1253 320 1293 Schef.

254 1307 296 1336 22
333 1304 447 1336 Alacer
468 1305 602 1346 gaudio]
652 1304 825 1337 Gaudium
863 1305 920 1337 do-

211 1355 372 1396 nationis,
413 1359 481 1394 est,
524 1355 685 1397 gaudium
729 1355 919 1388 donationis

211 1416 344 1448 caussa,
385 1407 440 1438 vel
481 1407 524 1439 ob
569 1407 801 1440 donationem.
860 1407 918 1439 Sic

209 1458 219 1475 ‘
235 1458 402 1490 Victoriae
415 1457 587 1499 gaudium'
604 1456 695 1499 apud
710 1457 844 1489 Florum
859 1456 916 1489 lib.

216 1518 278 1541 111.
308 1519 338 1542 c.
367 1512 399 1541 2.
435 1508 540 1547 Schql'.
584 1508 714 1540 Eadem
745 1507 919 1540 locutione

211 1560 352 1593 Curtius
367 1560 426 1592 lib.
443 1568 479 1593 x.
510 1563 544 1592 5.
560 1559 692 1592 utitur:
718 1559 859 1601 ‘Itaque
876 1558 918 1590 ad

210 1611 470 1653 exspoliandum
501 1620 638 1652 corpus,
670 1610 727 1652 qui
763 1610 919 1642 vulnera-

209 1666 321 1702 verat,
352 1662 465 1693 alacer
499 1660 623 1702 gaudio
655 1660 830 1694 accurrit!
873 1662 920 1693 Et

211 1713 348 1755 aequalis
365 1713 494 1745 Nostro
512 1712 626 1744 Valer.
652 1712 748 1744 Max.
770 1721 849 1744 vm.
865 1714 918 1744 14.

208 1767 243 1796 5,
286 1763 412 1795 ‘Idem
442 1767 480 1795 ut
506 1762 614 1794 audiit
643 1762 837 1803 Scipionem
869 1762 920 1794 di-

210 1817 359 1854 centem,
382 1813 580 1855 Imperator
606 1817 641 1844 te
668 1812 840 1854 argenteis
867 1822 918 1844 ar-

209 1865 312 1896 millis
327 1864 444 1905 donat,
469 1864 581 1896 alacer
598 1863 720 1905 gaudio
737 1862 822 1895 abiit
835 1862 858 1895 :'
882 1867 919 1895 et

211 1916 263 1947 ita
293 1914 488 1946 ‘Alacrem'
509 1918 545 1946 et
572 1914 582 1932 ‘
601 1912 749 1946 Laetum'
780 1913 919 1955 conjun-

210 1969 260 2010 git
296 1968 419 2000 Cicero
454 1967 489 1998 in
520 1967 621 1999 Verr.
652 1971 721 1999 act.
747 1975 772 1998 1.
799 1969 831 1999 6.
862 1966 919 1999 ubi

210 2018 278 2051 vid.
296 2018 421 2050 Ascon.
439 2022 476 2049 et
491 2017 662 2059 Anonym.
679 2017 859 2050 Scholiast.
885 2021 921 2050 et

208 2070 346 2102 Manut.
362 2069 406 2101 ad
430 2069 546 2100 Famil.
564 2078 597 2100 v.
614 2072 666 2101 12.
684 2074 720 2101 et
744 2069 918 2101 Camerar.

209 2125 246 2152 et
262 2120 355 2161 Sylv.
372 2119 415 2150 ad
434 2118 495 2151 Or.
514 2129 574 2160 pro
590 2120 739 2151 Mur‘aen.
755 2128 841 2153 xxv.
865 2119 920 2152 Ita

212 2174 250 2201 ut
264 2170 319 2201 hic
335 2169 417 2201 niliil
432 2169 629 2201 mutandum
646 2170 703 2202 sit.
727 2170 843 2203 Burm.

254 2223 295 2252 23
319 2219 454 2261 Locuta]
484 2220 601 2251 Jocata
613 2221 790 2262 Excerpta
804 2221 918 2263 Rigal-

212 2271 265 2303 tii.
291 2270 403 2302 Heius.

254 2321 369 2362 Ducis]
390 2322 502 2363 Supra
522 2322 531 2339 ‘
550 2321 743 2353 Dominum'
768 2322 915 2355 vocavit.

209 2372 302 2404 Puto
323 2377 437 2404 autem
454 2382 516 2413 pro
533 2373 738 2413 imperatore
752 2372 917 2413 posuisse,

209 2423 299 2464 qnod
318 2427 387 2454 tum
406 2433 467 2454 usu
484 2422 550 2454 fuit
564 2426 744 2463 receptum
768 2422 802 2453 in
825 2423 916 2464 prin-

209 2474 353 2515 cipibus,
366 2474 450 2506 licet
466 2473 663 2515 aliquandiu
688 2472 845 2504 Tiberius
867 2483 917 2505 re-

209 2524 393 2556 cusaverit.
430 2523 520 2556 Vide
548 2527 685 2555 veteres
707 2523 864 2564 inscript.
880 2527 917 2555 et

209 2585 336 2607 numm.
360 2575 465 2614 Schef.
511 2575 564 2606 De
591 2575 696 2606 Ducis
721 2574 821 2606 titulo
838 2574 916 2606 vide

210 2636 286 2668 quae
302 2626 496 2658 notavimus
512 2626 555 2657 ad
573 2625 679 2658 Ovid.
694 2625 805 2667 Epist.
834 2634 915 2658 xm.

209 2678 263 2708 43.
287 2677 400 2708 Burm.

251 2729 294 2758 24
321 2727 394 2758 Non
403 2726 546 2768 multum]
571 2726 770 2759 Omiserunt
783 2735 914 2758 versum

209 2776 298 2808 hunc
316 2777 482 2818 Rigaltius
499 2781 535 2809 et
550 2777 675 2816 Faber,
697 2777 757 2808 sed
774 2777 914 2817 permit-

211 2830 284 2858 tere
316 2828 495 2869 sequentia
523 2837 590 2859 uon
620 2828 788 2860 videntur.
844 2829 913 2860 Pro

972 394 1170 434 nequicquam
1195 395 1305 437 periit,
1326 396 1417 429 idem
1443 406 1496 439 ac,
1524 397 1679 442 impensa

973 448 1026 476 est
1041 447 1078 476 et
1093 444 1244 478 adhibita
1259 445 1399 481 frustra.
1429 449 1533 488 Schef.

1020 487 1125 528 Opera
1136 489 1335 530 nequicquam
1347 491 1460 534 periit]
1478 493 1678 527 Macrobius

974 538 1113 572 Saturn.
1139 541 1198 574 lib.
1215 551 1256 575 11.
1286 542 1409 585 refert,
1436 549 1589 579 sutorem
1614 547 1677 579 im-

975 590 1102 632 pendio
1117 593 1318 626 exhaustum
1332 604 1424 637 saepe
1440 597 1483 629 ad
1499 606 1597 630 avem
1608 607 1678 630 non

974 643 1237 685 respondentem
1252 646 1367 679 dicere
1381 648 1537 682 solitum:
1558 650 1569 667 ‘
1583 649 1678 692 Ope-

975 703 1014 725 ra
1025 698 1060 726 et
1075 695 1231 736 impensa
1243 695 1370 738 periit!
1406 699 1544 732 Deinde
1558 699 1677 732 addit:

973 746 982 762 ‘
1000 745 1079 778 Hac
1102 747 1220 780 audita
1241 747 1320 780 dum
1342 748 1467 782 transit
1488 749 1679 792 Augustus,

974 796 1170 837 respondit:
1215 797 1307 830 Satis
1335 798 1426 831 domi
1452 799 1677 832 salutatorum

974 846 1092 879 talium
1123 848 1241 882 habeo.
1284 849 1462 891 Superfuit
1488 859 1678 885 corrone-

973 897 1092 938 moria,
1117 902 1155 930 ut
1183 902 1220 930 et
1247 898 1318 940 illa,
1347 900 1469 943 quibus
1503 901 1679 935 dominum

973 952 1172 989 querentem
1197 949 1337 983 solebat
1366 951 1498 994 audire,
1518 952 1691 986 subtexe«

975 1003 1049 1030 ret:
1084 998 1202 1040 Opera
1230 1004 1267 1032 et
1292 1001 1447 1043 impensa
1461 1003 1577 1045 periit.
1619 1002 1677 1038 Ad

974 1049 1063 1091 quod
1081 1049 1198 1082 Caesar
1209 1049 1298 1090 risit,
1310 1052 1445 1094 emique
1460 1053 1679 1096 avemjusstt,

973 1100 1094 1142 quanti
1109 1101 1236 1133 nullam
1255 1101 1366 1134 adhuc
1380 1103 1533 1138 emerat.'
1576 1104 1679 1138 cete-

974 1159 1047 1181 rum
1076 1150 1142 1182 huc
1173 1151 1297 1184 etiam.
1317 1151 1511 1195 pertinere'
1529 1154 1678 1188 arbitror

972 1201 1063 1243 quod
1093 1202 1128 1234 in
1154 1203 1279 1237 Isidori
1307 1205 1429 1246 glossis
1454 1206 1572 1248 legere
1599 1210 1673 1239 est:

969 1254 979 1270 ⁴
994 1252 1232 1295 Officiperdae,
1249 1255 1307 1297 qui
1321 1255 1374 1287 sui
1389 1255 1517 1289 laboris
1533 1266 1600 1289 non
1616 1257 1676 1290 lia-

972 1304 1055 1336 bent
1085 1305 1407 1339 remunerationem.
1457 1307 1580 1340 Catoni
1594 1318 1677 1351 quo-

970 1364 1037 1396 que
1067 1354 1242 1396 dicuntur,
1271 1355 1497 1399 Officiperdi.’
1554 1356 1676 1391 Innnit

969 1409 1083 1438 autem
1094 1405 1246 1439 Isidorus
1259 1407 1319 1439 hos
1332 1407 1472 1440 Catonis
1483 1407 1675 1451 philosophi

968 1457 1173 1490 versiculos:
1197 1458 1208 1476 ‘
1225 1458 1366 1490 Gratior
1388 1457 1519 1501 officiis,
1545 1469 1614 1502 quo
1629 1460 1675 1494 sis

969 1517 1068 1550 mage
1083 1508 1207 1550 carior,
1217 1513 1292 1541 esto
1306 1520 1315 1541 ε
1341 1509 1396 1542 Ne
1407 1503 1530 1542 nomen
1541 1510 1674 1552 subeas,

969 1558 1060 1601 quod
1075 1558 1207 1601 dicunt,
1221 1559 1434 1601 officiperdi?
1468 1561 1545 1602 Rig.

1013 1610 1241 1652 Nequicquam]
1262 1610 1485 1643 Scribendum
1499 1620 1567 1644 una
1578 1620 1676 1653 voce,

968 1661 1181 1703 nequicquam,
1208 1671 1309 1704 quam
1328 1663 1447 1699 'veram
1471 1672 1546 1695 esse
1559 1662 1677 1696 ortho-

969 1713 1158 1754 graphiam,
1174 1713 1209 1745 in
1231 1713 1438 1746 Lucretiano
1452 1714 1573 1747 Indice
1587 1709 1674 1747 indi-

968 1764 1060 1796 cavit
1082 1763 1285 1804 Giphanius.
1330 1764 1408 1796 Nec
1430 1773 1495 1806 ego
1520 1763 1623 1796 aliter
1637 1765 1673 1796 in

968 1812 1064 1853 libris
1080 1812 1320 1855 antiquissimis
1335 1813 1460 1855 reperi.
1482 1813 1608 1856 Solam.
1670 1837 1673 1839 >

1010 1866 1051 1895 25
1076 1863 1230 1904 qu'ores]
1279 1863 1428 1904 Mqioris,
1457 1865 1671 1899 archaismus.

967 1914 1149 1946 Servorum
1186 1914 1366 1947 libertates
1398 1924 1462 1956 per
1495 1915 1672 1957 ῥαπήνματα

968 1964 1148 2005 significat.
1173 1965 1250 2005 Rig.

1011 2015 1148 2057 qu'oris
1161 2016 1292 2058 mecum]
1331 2016 1371 2048 td
1397 2020 1463 2057 est,
1486 2017 1578 2059 apud
1604 2028 1671 2052 me.

967 2065 1066 2099 Infra
1104 2066 1157 2099 bis
1197 2065 1269 2099 fab.
1302 2069 1355 2099 75.
1403 2067 1566 2100 ‘Mecum
1595 2079 1673 2102 mea

967 2122 1048 2151 sunt
1076 2117 1224 2151 cuncta?
1266 2118 1405 2150 Terent.
1438 2117 1585 2160 Adelph..
1615 2119 1673 2153 111'.

966 2172 998 2202 4.
1012 2172 1068 2202 49.
1113 2172 1123 2188 ‘
1137 2169 1248 2202 Testis
1263 2179 1397 2202 mecum
1421 2173 1476 2202 est
1503 2170 1671 2203 annulus!

966 2220 1088 2262 Virgil.
1106 2220 1181 2252 AEn.
1196 2222 1230 2252 4.
1262 2221 1273 2237 ‘
1288 2220 1428 2252 Mecum
1454 2219 1521 2252 crit
1545 2220 1610 2253 iste
1624 2222 1673 2253 la-

966 2271 1053 2303 bor.'
1098 2271 1156 2303 Sic
1180 2270 1213 2303 in
1229 2271 1348 2313 lingua
1370 2271 1512 2313 vulgari,
1527 2281 1610 2304 esser
1623 2272 1671 2304 col
1700 2268 1705 2271 “

967 2322 1028 2363 Re,
1056 2325 1160 2354 restar
1185 2332 1242 2353 con
1273 2322 1382 2363 qualch
1406 2332 1478 2354 uno.
1525 2322 1670 2354 Prason.

966 2372 1102 2411 qu'oris
1116 2372 1342 2404 archaismum
1365 2376 1468 2414 putat
1487 2372 1670 2414 Rigaltius,

965 2433 1040 2464 pro,
1051 2422 1193 2463 mqy'ores.
1229 2422 1298 2454 Sed
1311 2422 1462 2455 fallitur:
1477 2431 1670 2464 quanquam

966 2478 1060 2506 recte
1086 2473 1334 2515 interpretetur
1361 2474 1466 2514 alapas
1485 2472 1530 2504 de
1554 2481 1670 2506 servo-

965 2534 1038 2556 rum
1050 2524 1269 2556 libertatibus
1287 2533 1349 2566 per
1360 2522 1547 2565 ῥαπίσματα.
1584 2523 1668 2556 Sen-

966 2584 1022 2606 sus
1048 2578 1119 2606 est:
1159 2575 1302 2606 Frustra
1328 2583 1444 2615 speras
1471 2572 1667 2606 libertatem

966 2634 1028 2666 pro
1044 2629 1112 2656 tam
1129 2624 1196 2655 levi
1221 2624 1343 2665 opella.
1387 2621 1493 2664 Apud
1511 2632 1565 2655 me
1593 2622 1666 2665 (bey

910 2694 913 2697 <
964 2677 1038 2716 mir,
1052 2676 1115 2706 hoc
1132 2675 1222 2706 enim
1239 2679 1294 2706 est
1316 2683 1446 2714 mecum,
1468 2674 1557 2706 sicut
1575 2674 1586 2692 ‘
1601 2675 1666 2707 Te-

965 2736 1040 2758 cum
1070 2725 1215 2767 habita’)
1238 2726 1332 2757 inulto
1361 2724 1501 2765 majoris,
1527 2734 1593 2757 non
1616 2725 1667 2758 ita

966 2776 1021 2807 vili
1032 2775 1160 2816 pretio,
1174 2778 1313 2815 veneunt,
1336 2775 1541 2816 venduntur,
1553 2776 1666 2817 alapa,

963 2826 1119 2858 nimirum
1134 2826 1201 2858 illae
1228 2825 1453 2868 liberatrices,
1473 2825 1518 2858 de
1543 2826 1664 2870 quibus
