<?xml version="1.0" encoding="UTF-8"?>
<!DOCTYPE html PUBLIC "-//W3C//DTD XHTML 1.0 Transitional//EN"
    "http://www.w3.org/TR/xhtml1/DTD/xhtml1-transitional.dtd">
<html xmlns="http://www.w3.org/1999/xhtml" xml:lang="en" lang="en">
 <head>
  <title>
</title>
<meta http-equiv="Content-Type" content="text/html;charset=utf-8" />
  <meta name='ocr-system' content='tesseract 3.04.00' />
  <meta name='ocr-capabilities' content='ocr_page ocr_carea ocr_par ocr_line ocrx_word'/>
</head>
<body>
  <div class='ocr_page' id='page_1' title='image "./fabualeaesopiae00phaeuoft_0563.png"; bbox 0 0 1806 3236; ppageno 0'>
   <div class='ocr_carea' id='block_1_1' title="bbox 338 218 1437 258">
    <p class='ocr_par' dir='ltr' id='par_1_1' title="bbox 338 218 1437 258">
     <span class='ocr_line' id='line_1_1' title="bbox 338 218 1437 258; baseline -0.007 0"><span class='ocrx_word' id='word_1_1' title='bbox 338 222 545 258; x_wconf 75' lang='lat' dir='ltr'><strong>PHAEDRt</strong></span> <span class='ocrx_word' id='word_1_2' title='bbox 579 222 689 256; x_wconf 68' lang='grc' dir='ltr'><strong>ΕΑΒ.</strong></span> <span class='ocrx_word' id='word_1_3' title='bbox 724 219 1029 255; x_wconf 72' lang='lat' dir='ltr'><strong>AEsomARUM</strong></span> <span class='ocrx_word' id='word_1_4' title='bbox 1063 221 1162 254; x_wconf 77' lang='lat' dir='ltr'><strong>mu.</strong></span> <span class='ocrx_word' id='word_1_5' title='bbox 1195 218 1272 252; x_wconf 83' lang='lat'>111.</span> <span class='ocrx_word' id='word_1_6' title='bbox 1308 220 1437 252; x_wconf 81' lang='lat' dir='ltr'><strong>EPIL.</strong></span> 
     </span>
    </p>
   </div>
   <div class='ocr_carea' id='block_1_2' title="bbox 154 318 896 2892">
    <p class='ocr_par' dir='ltr' id='par_1_2' title="bbox 154 318 878 415">
     <span class='ocr_line' id='line_1_2' title="bbox 162 318 878 366; baseline -0.008 -7"><span class='ocrx_word' id='word_1_7' title='bbox 162 321 280 364; x_wconf 57' lang='grc' dir='ltr'><strong>ω,</strong></span> <span class='ocrx_word' id='word_1_8' title='bbox 292 320 390 366; x_wconf 80' lang='lat' dir='ltr'><strong>qnod</strong></span> <span class='ocrx_word' id='word_1_9' title='bbox 401 320 556 356; x_wconf 75' lang='lat' dir='ltr'><strong>Phoedro</strong></span> <span class='ocrx_word' id='word_1_10' title='bbox 577 319 761 355; x_wconf 70' lang='lat' dir='ltr'><strong>familiare.</strong></span> <span class='ocrx_word' id='word_1_11' title='bbox 789 318 878 354; x_wconf 73' lang='lat' dir='ltr'><strong>Cod-</strong></span> 
     </span>
     <span class='ocr_line' id='line_1_3' title="bbox 154 370 877 419; baseline -0.009 -10"><span class='ocrx_word' id='word_1_12' title='bbox 154 372 392 419; x_wconf 55' lang='lat' dir='ltr'><strong>-Qhabet,</strong></span> <span class='ocrx_word' id='word_1_13' title='bbox 400 371 551 407; x_wconf 73' lang='lat' dir='ltr'><strong>Pn‘mm·</strong></span> <span class='ocrx_word' id='word_1_14' title='bbox 559 381 625 406; x_wconf 74' lang='lat' dir='ltr'><strong>em</strong></span> <span class='ocrx_word' id='word_1_15' title='bbox 634 370 697 404; x_wconf 72' lang='lat' dir='ltr'><strong>tibi</strong></span> <span class='ocrx_word' id='word_1_16' title='bbox 707 381 748 404; x_wconf 74' lang='grc' dir='ltr'><strong>κε</strong></span> <span class='ocrx_word' id='word_1_17' title='bbox 756 370 877 404; x_wconf 76' lang='lat' dir='ltr'><strong>videar.</strong></span> 
     </span>
    </p>

    <p class='ocr_par' dir='ltr' id='par_1_3' title="bbox 163 474 885 872">
     <span class='ocr_line' id='line_1_4' title="bbox 207 474 881 520; baseline -0.005 -9"><span class='ocrx_word' id='word_1_18' title='bbox 207 479 230 511; x_wconf 72' lang='lat'>⁸</span> <span class='ocrx_word' id='word_1_19' title='bbox 250 476 454 520; x_wconf 65' lang='lat' dir='ltr'><strong>Dentri-git]</strong></span> <span class='ocrx_word' id='word_1_20' title='bbox 477 477 588 510; x_wconf 84' lang='lat' dir='ltr'><strong>Putat</strong></span> <span class='ocrx_word' id='word_1_21' title='bbox 610 474 881 516; x_wconf 76' lang='lat' dir='ltr'><strong>Rittersliusius,</strong></span> 
     </span>
     <span class='ocr_line' id='line_1_5' title="bbox 163 526 881 573; baseline -0.006 -9"><span class='ocrx_word' id='word_1_22' title='bbox 163 527 359 573; x_wconf 60' lang='lat' dir='ltr'><strong>nusi-git.</strong></span> <span class='ocrx_word' id='word_1_23' title='bbox 402 529 451 562; x_wconf 88' lang='lat' dir='ltr'><strong>Et</strong></span> <span class='ocrx_word' id='word_1_24' title='bbox 465 537 549 562; x_wconf 86' lang='lat' dir='ltr'><strong>sane</strong></span> <span class='ocrx_word' id='word_1_25' title='bbox 560 528 707 562; x_wconf 82' lang='lat' dir='ltr'><strong>Cicero</strong></span> <span class='ocrx_word' id='word_1_26' title='bbox 697 538 734 561; x_wconf 88' lang='grc' dir='ltr'><strong>ιιι</strong></span> <span class='ocrx_word' id='word_1_27' title='bbox 751 528 819 571; x_wconf 83' lang='lat' dir='ltr'><strong>Ep.</strong></span> <span class='ocrx_word' id='word_1_28' title='bbox 835 526 881 560; x_wconf 86' lang='lat' dir='ltr'><strong>ad</strong></span> 
     </span>
     <span class='ocr_line' id='line_1_6' title="bbox 163 578 882 623; baseline -0.008 -5"><span class='ocrx_word' id='word_1_29' title='bbox 163 578 210 618; x_wconf 72' lang='lat'><strong>0·</strong></span> <span class='ocrx_word' id='word_1_30' title='bbox 225 579 323 616; x_wconf 70' lang='lat' dir='ltr'><strong>Fut.</strong></span> <span class='ocrx_word' id='word_1_31' title='bbox 344 580 356 599; x_wconf 87' lang='lat'>‘</span> <span class='ocrx_word' id='word_1_32' title='bbox 370 578 428 614; x_wconf 84' lang='lat' dir='ltr'><strong>Sic</strong></span> <span class='ocrx_word' id='word_1_33' title='bbox 441 579 583 621; x_wconf 80' lang='lat' dir='ltr'><strong>habeto,</strong></span> <span class='ocrx_word' id='word_1_34' title='bbox 598 589 774 623; x_wconf 85' lang='lat' dir='ltr'><strong>nunquam</strong></span> <span class='ocrx_word' id='word_1_35' title='bbox 789 588 845 612; x_wconf 90' lang='lat' dir='ltr'><strong>me</strong></span> <span class='ocrx_word' id='word_1_36' title='bbox 860 588 882 612; x_wconf 88' lang='lat' dir='ltr'><strong>a</strong></span> 
     </span>
     <span class='ocr_line' id='line_1_7' title="bbox 163 628 882 675; baseline -0.003 -9"><span class='ocrx_word' id='word_1_37' title='bbox 163 631 279 666; x_wconf 70' lang='lat' dir='ltr'><strong>censis</strong></span> <span class='ocrx_word' id='word_1_38' title='bbox 290 636 328 665; x_wconf 88' lang='lat' dir='ltr'><strong>et</strong></span> <span class='ocrx_word' id='word_1_39' title='bbox 329 631 475 675; x_wconf 81' lang='lat' dir='ltr'><strong>Judteus</strong></span> <span class='ocrx_word' id='word_1_40' title='bbox 485 631 736 666; x_wconf 84' lang='lat' dir='ltr'><strong>districtiorem</strong></span> <span class='ocrx_word' id='word_1_41' title='bbox 748 628 882 664; x_wconf 67' lang='lat' dir='ltr'><strong>fuisse!</strong></span> 
     </span>
     <span class='ocr_line' id='line_1_8' title="bbox 163 681 883 726; baseline -0.004 -9"><span class='ocrx_word' id='word_1_42' title='bbox 163 683 294 717; x_wconf 68' lang='lat' dir='ltr'><strong>Monet</strong></span> <span class='ocrx_word' id='word_1_43' title='bbox 318 683 367 726; x_wconf 81' lang='lat' dir='ltr'><strong>is,</strong></span> <span class='ocrx_word' id='word_1_44' title='bbox 383 682 442 726; x_wconf 85' lang='lat' dir='ltr'><strong>qui</strong></span> <span class='ocrx_word' id='word_1_45' title='bbox 470 682 624 716; x_wconf 79' lang='lat' dir='ltr'><strong>versioni</strong></span> <span class='ocrx_word' id='word_1_46' title='bbox 651 681 798 716; x_wconf 75' lang='lat' dir='ltr'><strong>Gallicae</strong></span> <span class='ocrx_word' id='word_1_47' title='bbox 812 681 883 724; x_wconf 87' lang='lat' dir='ltr'><strong>pri-</strong></span> 
     </span>
     <span class='ocr_line' id='line_1_9' title="bbox 163 732 883 776; baseline -0.006 -7"><span class='ocrx_word' id='word_1_48' title='bbox 163 743 242 770; x_wconf 71' lang='lat' dir='ltr'><strong>mns</strong></span> <span class='ocrx_word' id='word_1_49' title='bbox 266 738 369 768; x_wconf 85' lang='lat' dir='ltr'><strong>notas</strong></span> <span class='ocrx_word' id='word_1_50' title='bbox 393 733 542 776; x_wconf 76' lang='lat' dir='ltr'><strong>addidit,</strong></span> <span class='ocrx_word' id='word_1_51' title='bbox 570 733 772 775; x_wconf 87' lang='lat' dir='ltr'><strong>emendare,</strong></span> <span class='ocrx_word' id='word_1_52' title='bbox 801 732 883 765; x_wconf 82' lang='lat' dir='ltr'><strong>Dis-</strong></span> 
     </span>
     <span class='ocr_line' id='line_1_10' title="bbox 165 784 885 830; baseline -0.001 -11"><span class='ocrx_word' id='word_1_53' title='bbox 165 786 280 827; x_wconf 65' lang='lat' dir='ltr'><strong>trehit.</strong></span> <span class='ocrx_word' id='word_1_54' title='bbox 313 785 432 820; x_wconf 75' lang='lat' dir='ltr'><strong>Sebef.</strong></span> <span class='ocrx_word' id='word_1_55' title='bbox 489 785 674 828; x_wconf 73' lang='lat' dir='ltr'><strong>Distringit</strong></span> <span class='ocrx_word' id='word_1_56' title='bbox 717 784 805 830; x_wconf 82' lang='lat' dir='ltr'><strong>legit</strong></span> <span class='ocrx_word' id='word_1_57' title='bbox 847 789 885 818; x_wconf 85' lang='lat' dir='ltr'><strong>et</strong></span> 
     </span>
     <span class='ocr_line' id='line_1_11' title="bbox 165 836 291 872; baseline 0 0"><span class='ocrx_word' id='word_1_58' title='bbox 165 836 291 872; x_wconf 67' lang='lat' dir='ltr'><strong>nefins.</strong></span> 
     </span>
    </p>

    <p class='ocr_par' dir='ltr' id='par_1_4' title="bbox 167 887 886 1026">
     <span class='ocr_line' id='line_1_12' title="bbox 214 887 886 933; baseline -0.004 -10"><span class='ocrx_word' id='word_1_59' title='bbox 214 889 420 933; x_wconf 57' lang='lat' dir='ltr'><strong>Doetfflgss]</strong></span> <span class='ocrx_word' id='word_1_60' title='bbox 452 890 494 923; x_wconf 80' lang='lat' dir='ltr'><strong>F.</strong></span> <span class='ocrx_word' id='word_1_61' title='bbox 520 888 714 930; x_wconf 63' lang='lat' dir='ltr'><strong>Distringit.</strong></span> <span class='ocrx_word' id='word_1_62' title='bbox 758 887 818 921; x_wconf 79' lang='lat' dir='ltr'><strong>Sic</strong></span> <span class='ocrx_word' id='word_1_63' title='bbox 847 890 886 920; x_wconf 83' lang='lat' dir='ltr'><strong>et</strong></span> 
     </span>
     <span class='ocr_line' id='line_1_13' title="bbox 167 938 884 984; baseline -0.007 -8"><span class='ocrx_word' id='word_1_64' title='bbox 167 940 251 976; x_wconf 81' lang='lat' dir='ltr'><strong>alibi</strong></span> <span class='ocrx_word' id='word_1_65' title='bbox 265 941 335 975; x_wconf 79' lang='lat' dir='ltr'><strong>ista</strong></span> <span class='ocrx_word' id='word_1_66' title='bbox 348 950 534 984; x_wconf 77' lang='lat' dir='ltr'><strong>perperam</strong></span> <span class='ocrx_word' id='word_1_67' title='bbox 545 943 745 983; x_wconf 84' lang='lat' dir='ltr'><strong>permutata</strong></span> <span class='ocrx_word' id='word_1_68' title='bbox 756 938 884 981; x_wconf 81' lang='lat' dir='ltr'><strong>reperi.</strong></span> 
     </span>
     <span class='ocr_line' id='line_1_14' title="bbox 169 992 262 1026; baseline -0.011 0"><span class='ocrx_word' id='word_1_69' title='bbox 169 992 262 1026; x_wconf 69' lang='lat' dir='ltr'><strong>nite.</strong></span> 
     </span>
    </p>

    <p class='ocr_par' dir='ltr' id='par_1_5' title="bbox 168 1040 884 1193">
     <span class='ocr_line' id='line_1_15' title="bbox 182 1040 884 1086; baseline -0.004 -9"><span class='ocrx_word' id='word_1_70' title='bbox 182 1082 187 1086; x_wconf 82' lang='lat'>.</span> <span class='ocrx_word' id='word_1_71' title='bbox 211 1045 239 1077; x_wconf 73' lang='lat'><strong>⁴</strong></span> <span class='ocrx_word' id='word_1_72' title='bbox 256 1042 297 1079; x_wconf 70' lang='lat' dir='ltr'><strong>Su·</strong></span> <span class='ocrx_word' id='word_1_73' title='bbox 310 1043 383 1085; x_wconf 72' lang='lat' dir='ltr'><strong>quis</strong></span> <span class='ocrx_word' id='word_1_74' title='bbox 403 1040 530 1084; x_wconf 68' lang='lat' dir='ltr'><strong>eadm]</strong></span> <span class='ocrx_word' id='word_1_75' title='bbox 566 1041 653 1075; x_wconf 85' lang='lat' dir='ltr'><strong>Mox</strong></span> <span class='ocrx_word' id='word_1_76' title='bbox 668 1046 784 1075; x_wconf 85' lang='lat' dir='ltr'><strong>tamen</strong></span> <span class='ocrx_word' id='word_1_77' title='bbox 802 1050 835 1075; x_wconf 85' lang='lat' dir='ltr'><strong>v.</strong></span> <span class='ocrx_word' id='word_1_78' title='bbox 853 1044 884 1074; x_wconf 88' lang='lat'><strong>1.</strong></span> 
     </span>
     <span class='ocr_line' id='line_1_16' title="bbox 168 1094 603 1128; baseline 0 0"><span class='ocrx_word' id='word_1_79' title='bbox 168 1094 235 1128; x_wconf 79' lang='lat' dir='ltr'><strong>boc</strong></span> <span class='ocrx_word' id='word_1_80' title='bbox 251 1098 430 1128; x_wconf 73' lang='lat' dir='ltr'><strong>retractat.</strong></span> <span class='ocrx_word' id='word_1_81' title='bbox 454 1094 603 1128; x_wconf 57' lang='lat' dir='ltr'><strong>Fre-&#39;mk</strong></span> 
     </span>
     <span class='ocr_line' id='line_1_17' title="bbox 185 1145 883 1193; baseline -0.001 -14"><span class='ocrx_word' id='word_1_82' title='bbox 185 1145 350 1193; x_wconf 48' lang='lat' dir='ltr'><strong>30mnn]</strong></span> <span class='ocrx_word' id='word_1_83' title='bbox 371 1145 441 1179; x_wconf 69' lang='lat' dir='ltr'><strong>Ma.</strong></span> <span class='ocrx_word' id='word_1_84' title='bbox 453 1154 579 1178; x_wconf 74' lang='lat' dir='ltr'><strong>conare.</strong></span> <span class='ocrx_word' id='word_1_85' title='bbox 591 1145 780 1188; x_wconf 84' lang='lat' dir='ltr'><strong>Corrnpte.</strong></span> <span class='ocrx_word' id='word_1_86' title='bbox 797 1145 883 1178; x_wconf 71' lang='lat' dir='ltr'><strong>Gna.</strong></span> 
     </span>
    </p>

    <p class='ocr_par' dir='ltr' id='par_1_6' title="bbox 167 1195 892 2374">
     <span class='ocr_line' id='line_1_18' title="bbox 212 1195 884 1239; baseline -0.003 -9"><span class='ocrx_word' id='word_1_87' title='bbox 212 1199 240 1230; x_wconf 73' lang='lat'><strong>6»</strong></span> <span class='ocrx_word' id='word_1_88' title='bbox 256 1195 425 1239; x_wconf 64' lang='lat' dir='ltr'><strong>Materia]</strong></span> <span class='ocrx_word' id='word_1_89' title='bbox 446 1196 782 1236; x_wconf 75' lang='lat' dir='ltr'><strong>Ms.Rem.mrt¹n-oe;</strong></span> <span class='ocrx_word' id='word_1_90' title='bbox 805 1206 884 1239; x_wconf 84' lang='lat' dir='ltr'><strong>quae</strong></span> 
     </span>
     <span class='ocr_line' id='line_1_19' title="bbox 167 1248 884 1292; baseline -0.004 -8"><span class='ocrx_word' id='word_1_91' title='bbox 167 1259 254 1284; x_wconf 80' lang='lat' dir='ltr'><strong>vera</strong></span> <span class='ocrx_word' id='word_1_92' title='bbox 267 1253 306 1284; x_wconf 83' lang='lat' dir='ltr'><strong>et</strong></span> <span class='ocrx_word' id='word_1_93' title='bbox 329 1249 482 1292; x_wconf 78' lang='lat' dir='ltr'><strong>genuina</strong></span> <span class='ocrx_word' id='word_1_94' title='bbox 506 1249 624 1291; x_wconf 86' lang='lat' dir='ltr'><strong>lectio,</strong></span> <span class='ocrx_word' id='word_1_95' title='bbox 639 1259 742 1292; x_wconf 88' lang='lat' dir='ltr'><strong>quam</strong></span> <span class='ocrx_word' id='word_1_96' title='bbox 757 1253 795 1282; x_wconf 87' lang='lat' dir='ltr'><strong>et</strong></span> <span class='ocrx_word' id='word_1_97' title='bbox 810 1248 884 1282; x_wconf 85' lang='lat' dir='ltr'><strong>Sal-</strong></span> 
     </span>
     <span class='ocr_line' id='line_1_20' title="bbox 167 1300 885 1344; baseline -0.006 -7"><span class='ocrx_word' id='word_1_98' title='bbox 167 1301 296 1337; x_wconf 76' lang='lat' dir='ltr'><strong>masius</strong></span> <span class='ocrx_word' id='word_1_99' title='bbox 310 1311 356 1334; x_wconf 82' lang='lat' dir='ltr'><strong>ex</strong></span> <span class='ocrx_word' id='word_1_100' title='bbox 370 1301 440 1334; x_wconf 81' lang='lat' dir='ltr'><strong>Ms.</strong></span> <span class='ocrx_word' id='word_1_101' title='bbox 454 1300 600 1344; x_wconf 75' lang='lat' dir='ltr'><strong>margini</strong></span> <span class='ocrx_word' id='word_1_102' title='bbox 615 1310 678 1334; x_wconf 87' lang='lat' dir='ltr'><strong>suo</strong></span> <span class='ocrx_word' id='word_1_103' title='bbox 691 1300 885 1343; x_wconf 83' lang='lat' dir='ltr'><strong>adscripse-</strong></span> 
     </span>
     <span class='ocr_line' id='line_1_21' title="bbox 169 1352 884 1395; baseline -0.006 -7"><span class='ocrx_word' id='word_1_104' title='bbox 169 1357 242 1388; x_wconf 62' lang='grc' dir='ltr'><strong>ηε.</strong></span> <span class='ocrx_word' id='word_1_105' title='bbox 259 1353 402 1387; x_wconf 67' lang='lat' dir='ltr'><strong>Natura</strong></span> <span class='ocrx_word' id='word_1_106' title='bbox 414 1353 518 1394; x_wconf 72' lang='lat' dir='ltr'><strong>eopia,</strong></span> <span class='ocrx_word' id='word_1_107' title='bbox 532 1361 594 1395; x_wconf 82' lang='lat' dir='ltr'><strong>pro</strong></span> <span class='ocrx_word' id='word_1_108' title='bbox 610 1352 754 1394; x_wconf 81' lang='lat' dir='ltr'><strong>copiosa</strong></span> <span class='ocrx_word' id='word_1_109' title='bbox 768 1361 884 1385; x_wconf 86' lang='lat' dir='ltr'><strong>rerum</strong></span> 
     </span>
     <span class='ocr_line' id='line_1_22' title="bbox 167 1401 884 1447; baseline -0.006 -8"><span class='ocrx_word' id='word_1_110' title='bbox 167 1405 363 1445; x_wconf 47' lang='lat' dir='ltr'><strong>varietata</strong></span> <span class='ocrx_word' id='word_1_111' title='bbox 393 1407 435 1437; x_wconf 88' lang='lat' dir='ltr'><strong>nt</strong></span> <span class='ocrx_word' id='word_1_112' title='bbox 449 1404 526 1447; x_wconf 81' lang='lat' dir='ltr'><strong>ipse</strong></span> <span class='ocrx_word' id='word_1_113' title='bbox 542 1412 581 1437; x_wconf 82' lang='lat' dir='ltr'><strong>se</strong></span> <span class='ocrx_word' id='word_1_114' title='bbox 594 1403 751 1446; x_wconf 78' lang='lat' dir='ltr'><strong>explieat</strong></span> <span class='ocrx_word' id='word_1_115' title='bbox 765 1401 857 1436; x_wconf 82' lang='lat' dir='ltr'><strong>infra</strong></span> <span class='ocrx_word' id='word_1_116' title='bbox 873 1413 884 1443; x_wconf 73' lang='grc' dir='ltr'><strong>ς</strong></span> 
     </span>
     <span class='ocr_line' id='line_1_23' title="bbox 168 1453 886 1500; baseline -0.007 -10"><span class='ocrx_word' id='word_1_117' title='bbox 168 1460 277 1500; x_wconf 70' lang='lat' dir='ltr'><strong>atqua</strong></span> <span class='ocrx_word' id='word_1_118' title='bbox 292 1454 331 1489; x_wconf 76' lang='lat' dir='ltr'><strong>td</strong></span> <span class='ocrx_word' id='word_1_119' title='bbox 343 1453 492 1489; x_wconf 80' lang='lat' dir='ltr'><strong>voluisse</strong></span> <span class='ocrx_word' id='word_1_120' title='bbox 516 1453 648 1498; x_wconf 87' lang='lat' dir='ltr'><strong>liquido</strong></span> <span class='ocrx_word' id='word_1_121' title='bbox 663 1453 886 1495; x_wconf 73' lang='lat' dir='ltr'><strong>confirmant,</strong></span> 
     </span>
     <span class='ocr_line' id='line_1_24' title="bbox 171 1504 886 1550; baseline -0.006 -10"><span class='ocrx_word' id='word_1_122' title='bbox 171 1516 252 1550; x_wconf 67' lang='lat' dir='ltr'><strong>qna</strong></span> <span class='ocrx_word' id='word_1_123' title='bbox 278 1506 314 1539; x_wconf 89' lang='lat' dir='ltr'><strong>in</strong></span> <span class='ocrx_word' id='word_1_124' title='bbox 330 1515 405 1540; x_wconf 87' lang='lat' dir='ltr'><strong>rem</strong></span> <span class='ocrx_word' id='word_1_125' title='bbox 426 1505 573 1539; x_wconf 84' lang='lat' dir='ltr'><strong>eandem</strong></span> <span class='ocrx_word' id='word_1_126' title='bbox 599 1504 703 1547; x_wconf 76' lang='lat' dir='ltr'><strong>paulo</strong></span> <span class='ocrx_word' id='word_1_127' title='bbox 728 1508 810 1546; x_wconf 84' lang='lat' dir='ltr'><strong>post</strong></span> <span class='ocrx_word' id='word_1_128' title='bbox 834 1513 886 1537; x_wconf 88' lang='lat' dir='ltr'><strong>se-</strong></span> 
     </span>
     <span class='ocr_line' id='line_1_25' title="bbox 171 1555 889 1602; baseline -0.006 -10"><span class='ocrx_word' id='word_1_129' title='bbox 171 1561 326 1602; x_wconf 72' lang='lat' dir='ltr'><strong>quautur</strong></span> <span class='ocrx_word' id='word_1_130' title='bbox 350 1557 410 1591; x_wconf 89' lang='lat' dir='ltr'><strong>lib.</strong></span> <span class='ocrx_word' id='word_1_131' title='bbox 425 1566 462 1590; x_wconf 81' lang='lat' dir='ltr'><strong>v.</strong></span> <span class='ocrx_word' id='word_1_132' title='bbox 488 1555 562 1589; x_wconf 82' lang='lat' dir='ltr'><strong>fab.</strong></span> <span class='ocrx_word' id='word_1_133' title='bbox 576 1559 610 1588; x_wconf 80' lang='grc'><strong>5.</strong></span> <span class='ocrx_word' id='word_1_134' title='bbox 655 1555 666 1574; x_wconf 87' lang='lat'>‘</span> <span class='ocrx_word' id='word_1_135' title='bbox 683 1555 732 1588; x_wconf 80' lang='lat' dir='ltr'><strong>Et</strong></span> <span class='ocrx_word' id='word_1_136' title='bbox 746 1556 889 1598; x_wconf 85' lang='lat' dir='ltr'><strong>copiosa</strong></span> 
     </span>
     <span class='ocr_line' id='line_1_26' title="bbox 169 1605 888 1649; baseline -0.004 -7"><span class='ocrx_word' id='word_1_137' title='bbox 169 1618 288 1643; x_wconf 74' lang='lat' dir='ltr'><strong>rernm</strong></span> <span class='ocrx_word' id='word_1_138' title='bbox 304 1607 462 1643; x_wconf 83' lang='lat' dir='ltr'><strong>abundat</strong></span> <span class='ocrx_word' id='word_1_139' title='bbox 476 1605 655 1641; x_wconf 66' lang='lat' dir='ltr'><strong>varietas:</strong></span> <span class='ocrx_word' id='word_1_140' title='bbox 679 1607 770 1642; x_wconf 80' lang='lat' dir='ltr'><strong>Quae</strong></span> <span class='ocrx_word' id='word_1_141' title='bbox 786 1607 888 1649; x_wconf 85' lang='lat' dir='ltr'><strong>plane</strong></span> 
     </span>
     <span class='ocr_line' id='line_1_27' title="bbox 171 1658 890 1704; baseline -0.006 -9"><span class='ocrx_word' id='word_1_142' title='bbox 171 1659 388 1704; x_wconf 76' lang='lat' dir='ltr'><strong>respondent</strong></span> <span class='ocrx_word' id='word_1_143' title='bbox 401 1659 499 1693; x_wconf 85' lang='lat' dir='ltr'><strong>bisce</strong></span> <span class='ocrx_word' id='word_1_144' title='bbox 515 1669 524 1692; x_wconf 72' lang='grc' dir='ltr'><em>ε</em></span> <span class='ocrx_word' id='word_1_145' title='bbox 547 1662 671 1692; x_wconf 74' lang='lat' dir='ltr'><strong>natum</strong></span> <span class='ocrx_word' id='word_1_146' title='bbox 685 1662 778 1692; x_wconf 71' lang='lat' dir='ltr'><strong>tanta</strong></span> <span class='ocrx_word' id='word_1_147' title='bbox 791 1658 890 1692; x_wconf 75' lang='lat' dir='ltr'><strong>abun-</strong></span> 
     </span>
     <span class='ocr_line' id='line_1_28' title="bbox 171 1709 890 1755; baseline -0.007 -8"><span class='ocrx_word' id='word_1_148' title='bbox 171 1712 341 1755; x_wconf 56' lang='lat' dir='ltr'><strong>aucupia,</strong></span> <span class='ocrx_word' id='word_1_149' title='bbox 351 1709 589 1752; x_wconf 73' lang='lat' dir='ltr'><strong>laborisuber‚</strong></span> <span class='ocrx_word' id='word_1_150' title='bbox 600 1712 655 1753; x_wconf 57' lang='lat' dir='ltr'><strong>&amp;c-</strong></span> <span class='ocrx_word' id='word_1_151' title='bbox 671 1709 800 1753; x_wconf 84' lang='lat' dir='ltr'><strong>quibus</strong></span> <span class='ocrx_word' id='word_1_152' title='bbox 814 1719 890 1742; x_wconf 79' lang='lat' dir='ltr'><strong>ver·</strong></span> 
     </span>
     <span class='ocr_line' id='line_1_29' title="bbox 170 1759 888 1798; baseline -0.006 0"><span class='ocrx_word' id='word_1_153' title='bbox 170 1763 228 1797; x_wconf 75' lang='lat' dir='ltr'><strong>bis</strong></span> <span class='ocrx_word' id='word_1_154' title='bbox 252 1761 422 1798; x_wconf 63' lang='lat' dir='ltr'><strong>Pbrdrns</strong></span> <span class='ocrx_word' id='word_1_155' title='bbox 451 1761 540 1795; x_wconf 83' lang='lat' dir='ltr'><strong>adeo</strong></span> <span class='ocrx_word' id='word_1_156' title='bbox 569 1762 612 1794; x_wconf 87' lang='lat' dir='ltr'><strong>ad</strong></span> <span class='ocrx_word' id='word_1_157' title='bbox 640 1771 740 1794; x_wconf 86' lang='lat' dir='ltr'><strong>suum</strong></span> <span class='ocrx_word' id='word_1_158' title='bbox 778 1759 888 1794; x_wconf 83' lang='lat' dir='ltr'><strong>fatum</strong></span> 
     </span>
     <span class='ocr_line' id='line_1_30' title="bbox 170 1810 889 1856; baseline -0.007 -7"><span class='ocrx_word' id='word_1_159' title='bbox 170 1813 361 1856; x_wconf 77' lang='lat' dir='ltr'><strong>concinnis,</strong></span> <span class='ocrx_word' id='word_1_160' title='bbox 374 1812 558 1846; x_wconf 85' lang='lat' dir='ltr'><strong>vaticinari</strong></span> <span class='ocrx_word' id='word_1_161' title='bbox 581 1812 705 1855; x_wconf 85' lang='lat' dir='ltr'><strong>magis,</strong></span> <span class='ocrx_word' id='word_1_162' title='bbox 720 1821 823 1856; x_wconf 82' lang='lat' dir='ltr'><strong>qnam</strong></span> <span class='ocrx_word' id='word_1_163' title='bbox 839 1810 889 1844; x_wconf 88' lang='lat' dir='ltr'><strong>fa-</strong></span> 
     </span>
     <span class='ocr_line' id='line_1_31' title="bbox 170 1864 889 1907; baseline -0.007 -6"><span class='ocrx_word' id='word_1_164' title='bbox 170 1865 287 1901; x_wconf 82' lang='lat' dir='ltr'><strong>bulari</strong></span> <span class='ocrx_word' id='word_1_165' title='bbox 322 1865 472 1899; x_wconf 78' lang='lat' dir='ltr'><strong>voluisse</strong></span> <span class='ocrx_word' id='word_1_166' title='bbox 502 1864 599 1898; x_wconf 85' lang='lat' dir='ltr'><strong>credi</strong></span> <span class='ocrx_word' id='word_1_167' title='bbox 628 1868 757 1907; x_wconf 83' lang='lat' dir='ltr'><strong>potest.</strong></span> <span class='ocrx_word' id='word_1_168' title='bbox 812 1864 889 1906; x_wconf 88' lang='lat' dir='ltr'><strong>Ego</strong></span> 
     </span>
     <span class='ocr_line' id='line_1_32' title="bbox 172 1915 887 1959; baseline -0.004 -8"><span class='ocrx_word' id='word_1_169' title='bbox 172 1921 364 1951; x_wconf 84' lang='lat' dir='ltr'><strong>certeeum</strong></span> <span class='ocrx_word' id='word_1_170' title='bbox 390 1915 458 1949; x_wconf 85' lang='lat' dir='ltr'><strong>Ao.</strong></span> <span class='ocrx_word' id='word_1_171' title='bbox 486 1918 584 1949; x_wconf 80' lang='lat'><strong>1658.</strong></span> <span class='ocrx_word' id='word_1_172' title='bbox 613 1925 670 1957; x_wconf 81' lang='lat' dir='ltr'><strong>ea,</strong></span> <span class='ocrx_word' id='word_1_173' title='bbox 701 1925 780 1959; x_wconf 82' lang='lat' dir='ltr'><strong>quae</strong></span> <span class='ocrx_word' id='word_1_174' title='bbox 802 1916 887 1948; x_wconf 81' lang='lat' dir='ltr'><strong>Tan.</strong></span> 
     </span>
     <span class='ocr_line' id='line_1_33' title="bbox 172 1965 889 2008; baseline -0.006 -5"><span class='ocrx_word' id='word_1_175' title='bbox 172 1968 289 2004; x_wconf 71' lang='lat' dir='ltr'><strong>Eaben·</strong></span> <span class='ocrx_word' id='word_1_176' title='bbox 304 1968 341 2001; x_wconf 87' lang='lat' dir='ltr'><strong>in</strong></span> <span class='ocrx_word' id='word_1_177' title='bbox 356 1971 534 2001; x_wconf 70' lang='lat' dir='ltr'><strong>auctorem</strong></span> <span class='ocrx_word' id='word_1_178' title='bbox 550 1965 707 2000; x_wconf 80' lang='lat' dir='ltr'><strong>nostrum</strong></span> <span class='ocrx_word' id='word_1_179' title='bbox 733 1971 889 2008; x_wconf 85' lang='lat' dir='ltr'><strong>notarat,</strong></span> 
     </span>
     <span class='ocr_line' id='line_1_34' title="bbox 171 2018 890 2063; baseline -0.003 -10"><span class='ocrx_word' id='word_1_180' title='bbox 171 2020 324 2063; x_wconf 82' lang='lat' dir='ltr'><strong>primum</strong></span> <span class='ocrx_word' id='word_1_181' title='bbox 339 2019 516 2060; x_wconf 80' lang='lat' dir='ltr'><strong>vidissem,</strong></span> <span class='ocrx_word' id='word_1_182' title='bbox 529 2018 703 2061; x_wconf 81' lang='lat' dir='ltr'><strong>avideque</strong></span> <span class='ocrx_word' id='word_1_183' title='bbox 723 2019 890 2062; x_wconf 78' lang='lat' dir='ltr'><strong>perlegis-</strong></span> 
     </span>
     <span class='ocr_line' id='line_1_35' title="bbox 174 2069 892 2112; baseline -0.003 -7"><span class='ocrx_word' id='word_1_184' title='bbox 174 2080 262 2112; x_wconf 74' lang='lat' dir='ltr'><strong>sem,</strong></span> <span class='ocrx_word' id='word_1_185' title='bbox 275 2070 430 2104; x_wconf 84' lang='lat' dir='ltr'><strong>laborem</strong></span> <span class='ocrx_word' id='word_1_186' title='bbox 454 2070 551 2103; x_wconf 91' lang='lat' dir='ltr'><strong>illum</strong></span> <span class='ocrx_word' id='word_1_187' title='bbox 575 2069 667 2103; x_wconf 84' lang='lat' dir='ltr'><strong>infra</strong></span> <span class='ocrx_word' id='word_1_188' title='bbox 689 2080 803 2103; x_wconf 90' lang='lat' dir='ltr'><strong>meam</strong></span> <span class='ocrx_word' id='word_1_189' title='bbox 832 2080 892 2103; x_wconf 84' lang='lat' dir='ltr'><strong>ex-</strong></span> 
     </span>
     <span class='ocr_line' id='line_1_36' title="bbox 175 2121 891 2166; baseline -0.001 -10"><span class='ocrx_word' id='word_1_190' title='bbox 175 2122 431 2166; x_wconf 73' lang='lat' dir='ltr'><strong>spectationem</strong></span> <span class='ocrx_word' id='word_1_191' title='bbox 464 2121 743 2165; x_wconf 84' lang='lat' dir='ltr'><strong>deprehendens,</strong></span> <span class='ocrx_word' id='word_1_192' title='bbox 768 2132 891 2156; x_wconf 82' lang='lat' dir='ltr'><strong>oracu-</strong></span> 
     </span>
     <span class='ocr_line' id='line_1_37' title="bbox 174 2174 891 2209; baseline -0.001 0"><span class='ocrx_word' id='word_1_193' title='bbox 174 2175 246 2209; x_wconf 84' lang='lat' dir='ltr'><strong>lum</strong></span> <span class='ocrx_word' id='word_1_194' title='bbox 260 2175 325 2209; x_wconf 83' lang='lat' dir='ltr'><strong>boe</strong></span> <span class='ocrx_word' id='word_1_195' title='bbox 340 2174 551 2208; x_wconf 77' lang='lat' dir='ltr'><strong>fabulatoris</strong></span> <span class='ocrx_word' id='word_1_196' title='bbox 578 2174 690 2208; x_wconf 81' lang='lat' dir='ltr'><strong>nostri</strong></span> <span class='ocrx_word' id='word_1_197' title='bbox 716 2174 891 2208; x_wconf 80' lang='lat' dir='ltr'><strong>Editionis</strong></span> 
     </span>
     <span class='ocr_line' id='line_1_38' title="bbox 173 2225 891 2271; baseline -0.004 -10"><span class='ocrx_word' id='word_1_198' title='bbox 173 2228 251 2271; x_wconf 81' lang='lat' dir='ltr'><strong>ejus</strong></span> <span class='ocrx_word' id='word_1_199' title='bbox 274 2226 382 2261; x_wconf 82' lang='lat' dir='ltr'><strong>fronti</strong></span> <span class='ocrx_word' id='word_1_200' title='bbox 396 2225 675 2269; x_wconf 82' lang='lat' dir='ltr'><strong>adscripseram3</strong></span> <span class='ocrx_word' id='word_1_201' title='bbox 702 2236 771 2269; x_wconf 85' lang='lat' dir='ltr'><strong>qua</strong></span> <span class='ocrx_word' id='word_1_202' title='bbox 793 2226 829 2259; x_wconf 90' lang='lat' dir='ltr'><strong>in</strong></span> <span class='ocrx_word' id='word_1_203' title='bbox 852 2235 891 2259; x_wconf 89' lang='lat' dir='ltr'><strong>re</strong></span> 
     </span>
     <span class='ocr_line' id='line_1_39' title="bbox 174 2277 892 2321; baseline -0.006 -7"><span class='ocrx_word' id='word_1_204' title='bbox 174 2280 305 2314; x_wconf 82' lang='lat' dir='ltr'><strong>nullam</strong></span> <span class='ocrx_word' id='word_1_205' title='bbox 334 2288 390 2312; x_wconf 76' lang='lat' dir='ltr'><strong>ine</strong></span> <span class='ocrx_word' id='word_1_206' title='bbox 423 2277 586 2321; x_wconf 87' lang='lat' dir='ltr'><strong>injuriam</strong></span> <span class='ocrx_word' id='word_1_207' title='bbox 615 2278 729 2311; x_wconf 88' lang='lat' dir='ltr'><strong>Fabro</strong></span> <span class='ocrx_word' id='word_1_208' title='bbox 753 2277 892 2319; x_wconf 84' lang='lat' dir='ltr'><strong>fecisse,</strong></span> 
     </span>
     <span class='ocr_line' id='line_1_40' title="bbox 176 2330 621 2374; baseline -0.011 -8"><span class='ocrx_word' id='word_1_209' title='bbox 176 2341 234 2366; x_wconf 86' lang='lat' dir='ltr'><strong>res</strong></span> <span class='ocrx_word' id='word_1_210' title='bbox 248 2331 325 2374; x_wconf 82' lang='lat' dir='ltr'><strong>ipsa</strong></span> <span class='ocrx_word' id='word_1_211' title='bbox 345 2330 510 2374; x_wconf 84' lang='lat' dir='ltr'><strong>loquitur.</strong></span> <span class='ocrx_word' id='word_1_212' title='bbox 535 2330 621 2362; x_wconf 81' lang='lat' dir='ltr'><strong>Gud.</strong></span> 
     </span>
    </p>

    <p class='ocr_par' dir='ltr' id='par_1_7' title="bbox 176 2381 893 2532">
     <span class='ocr_line' id='line_1_41' title="bbox 218 2381 892 2424; baseline -0.004 -7"><span class='ocrx_word' id='word_1_213' title='bbox 218 2381 386 2424; x_wconf 69' lang='lat' dir='ltr'><strong>Abundet]</strong></span> <span class='ocrx_word' id='word_1_214' title='bbox 422 2381 521 2415; x_wconf 83' lang='lat' dir='ltr'><strong>Utin</strong></span> <span class='ocrx_word' id='word_1_215' title='bbox 534 2381 594 2414; x_wconf 87' lang='lat' dir='ltr'><strong>illo</strong></span> <span class='ocrx_word' id='word_1_216' title='bbox 608 2381 748 2424; x_wconf 81' lang='lat' dir='ltr'><strong>Virgilii</strong></span> <span class='ocrx_word' id='word_1_217' title='bbox 763 2381 892 2423; x_wconf 78' lang='lat' dir='ltr'><strong>Georg.</strong></span> 
     </span>
     <span class='ocr_line' id='line_1_42' title="bbox 176 2432 893 2470; baseline -0.004 0"><span class='ocrx_word' id='word_1_218' title='bbox 176 2445 235 2470; x_wconf 89' lang='grc' dir='ltr'>ιιι.</span> <span class='ocrx_word' id='word_1_219' title='bbox 279 2435 290 2454; x_wconf 92' lang='lat'>‘</span> <span class='ocrx_word' id='word_1_220' title='bbox 309 2435 442 2467; x_wconf 83' lang='lat' dir='ltr'><strong>Rursus</strong></span> <span class='ocrx_word' id='word_1_221' title='bbox 468 2433 667 2468; x_wconf 83' lang='lat' dir='ltr'><strong>abundabat</strong></span> <span class='ocrx_word' id='word_1_222' title='bbox 695 2432 824 2467; x_wconf 85' lang='lat' dir='ltr'><strong>fluidus</strong></span> <span class='ocrx_word' id='word_1_223' title='bbox 851 2434 893 2467; x_wconf 90' lang='lat' dir='ltr'><strong>li-</strong></span> 
     </span>
     <span class='ocr_line' id='line_1_43' title="bbox 178 2484 500 2532; baseline -0.006 -10"><span class='ocrx_word' id='word_1_224' title='bbox 178 2486 289 2532; x_wconf 85' lang='lat' dir='ltr'><strong>qnor,&#39;</strong></span> <span class='ocrx_word' id='word_1_225' title='bbox 302 2488 368 2520; x_wconf 85' lang='lat' dir='ltr'><strong>&amp;c.</strong></span> <span class='ocrx_word' id='word_1_226' title='bbox 391 2484 500 2526; x_wconf 77' lang='lat' dir='ltr'><strong>Schef.</strong></span> 
     </span>
    </p>

    <p class='ocr_par' dir='ltr' id='par_1_8' title="bbox 175 2537 896 2730">
     <span class='ocr_line' id='line_1_44' title="bbox 218 2537 895 2580; baseline -0.001 -7"><span class='ocrx_word' id='word_1_227' title='bbox 218 2542 241 2573; x_wconf 88' lang='lat'>8</span> <span class='ocrx_word' id='word_1_228' title='bbox 264 2537 453 2580; x_wconf 68' lang='lat' dir='ltr'><strong>Proemtum]</strong></span> <span class='ocrx_word' id='word_1_229' title='bbox 499 2537 685 2571; x_wconf 74' lang='lat' dir='ltr'><strong>Salmasius</strong></span> <span class='ocrx_word' id='word_1_230' title='bbox 712 2537 762 2571; x_wconf 80' lang='lat' dir='ltr'><strong>&#39;ad</strong></span> <span class='ocrx_word' id='word_1_231' title='bbox 799 2547 895 2572; x_wconf 82' lang='lat' dir='ltr'><strong>oram</strong></span> 
     </span>
     <span class='ocr_line' id='line_1_45' title="bbox 175 2589 895 2632; baseline 0 -8"><span class='ocrx_word' id='word_1_232' title='bbox 175 2590 259 2629; x_wconf 83' lang='lat' dir='ltr'><strong>libri</strong></span> <span class='ocrx_word' id='word_1_233' title='bbox 284 2590 360 2624; x_wconf 85' lang='lat' dir='ltr'><strong>sui:</strong></span> <span class='ocrx_word' id='word_1_234' title='bbox 394 2590 404 2608; x_wconf 88' lang='lat'>‘</span> <span class='ocrx_word' id='word_1_235' title='bbox 423 2590 541 2632; x_wconf 80' lang='lat' dir='ltr'><strong>Lege:</strong></span> <span class='ocrx_word' id='word_1_236' title='bbox 576 2589 749 2623; x_wconf 79' lang='lat' dir='ltr'><strong>Brevitati</strong></span> <span class='ocrx_word' id='word_1_237' title='bbox 764 2594 895 2624; x_wconf 62' lang='lat' dir='ltr'><strong>nostrie</strong></span> 
     </span>
     <span class='ocr_line' id='line_1_46' title="bbox 175 2641 896 2686; baseline 0 -10"><span class='ocrx_word' id='word_1_238' title='bbox 175 2642 335 2682; x_wconf 85' lang='lat' dir='ltr'><strong>nimirum</strong></span> <span class='ocrx_word' id='word_1_239' title='bbox 352 2645 390 2675; x_wconf 85' lang='lat' dir='ltr'><strong>nt</strong></span> <span class='ocrx_word' id='word_1_240' title='bbox 405 2641 542 2684; x_wconf 81' lang='lat' dir='ltr'><strong>reddas,</strong></span> <span class='ocrx_word' id='word_1_241' title='bbox 556 2646 654 2685; x_wconf 84' lang='lat' dir='ltr'><strong>peto,</strong></span> <span class='ocrx_word' id='word_1_242' title='bbox 678 2642 783 2678; x_wconf 83' lang='lat' dir='ltr'><strong>Quod</strong></span> <span class='ocrx_word' id='word_1_243' title='bbox 797 2642 896 2686; x_wconf 81' lang='lat' dir='ltr'><strong>polli-</strong></span> 
     </span>
     <span class='ocr_line' id='line_1_47' title="bbox 178 2694 459 2730; baseline -0.014 -1"><span class='ocrx_word' id='word_1_244' title='bbox 178 2694 273 2730; x_wconf 74' lang='lat' dir='ltr'><strong>citus</strong></span> <span class='ocrx_word' id='word_1_245' title='bbox 284 2694 346 2727; x_wconf 65' lang='lat' dir='ltr'><strong>es!</strong></span> <span class='ocrx_word' id='word_1_246' title='bbox 371 2694 459 2726; x_wconf 73' lang='lat' dir='ltr'><strong>Gna.</strong></span> 
     </span>
    </p>

    <p class='ocr_par' dir='ltr' id='par_1_9' title="bbox 179 2745 896 2839">
     <span class='ocr_line' id='line_1_48' title="bbox 221 2745 896 2789; baseline 0 -10"><span class='ocrx_word' id='word_1_247' title='bbox 221 2748 247 2779; x_wconf 74' lang='grc'>9</span> <span class='ocrx_word' id='word_1_248' title='bbox 268 2746 361 2783; x_wconf 73' lang='lat' dir='ltr'><strong>Quod</strong></span> <span class='ocrx_word' id='word_1_249' title='bbox 395 2755 428 2778; x_wconf 85' lang='lat' dir='ltr'><strong>es</strong></span> <span class='ocrx_word' id='word_1_250' title='bbox 449 2745 624 2789; x_wconf 70' lang='lat' dir='ltr'><strong>pollicitus]</strong></span> <span class='ocrx_word' id='word_1_251' title='bbox 668 2745 753 2788; x_wconf 80' lang='lat' dir='ltr'><strong>Leg.</strong></span> <span class='ocrx_word' id='word_1_252' title='bbox 792 2745 896 2780; x_wconf 83' lang='lat' dir='ltr'><strong>metri</strong></span> 
     </span>
     <span class='ocr_line' id='line_1_49' title="bbox 179 2796 584 2839; baseline -0.002 -7"><span class='ocrx_word' id='word_1_253' title='bbox 179 2806 295 2837; x_wconf 69' lang='lat' dir='ltr'><strong>cause,</strong></span> <span class='ocrx_word' id='word_1_254' title='bbox 308 2796 468 2839; x_wconf 73' lang='lat' dir='ltr'><strong>policitus.</strong></span> <span class='ocrx_word' id='word_1_255' title='bbox 492 2797 584 2831; x_wconf 84' lang='lat' dir='ltr'><strong>Ritt.</strong></span> 
     </span>
    </p>

    <p class='ocr_par' dir='ltr' id='par_1_10' title="bbox 191 2847 896 2892">
     <span class='ocr_line' id='line_1_50' title="bbox 191 2847 896 2892; baseline 0.001 -12"><span class='ocrx_word' id='word_1_256' title='bbox 191 2875 194 2880; x_wconf 92' lang='lat'>.</span> <span class='ocrx_word' id='word_1_257' title='bbox 225 2848 352 2883; x_wconf 66' lang='lat' dir='ltr'><strong>Exhibe</strong></span> <span class='ocrx_word' id='word_1_258' title='bbox 379 2849 464 2882; x_wconf 73' lang='lat' dir='ltr'><strong>vocis</strong></span> <span class='ocrx_word' id='word_1_259' title='bbox 490 2848 608 2892; x_wconf 80' lang='lat' dir='ltr'><strong>fidem]</strong></span> <span class='ocrx_word' id='word_1_260' title='bbox 650 2848 790 2887; x_wconf 70' lang='lat' dir='ltr'><strong>Praesta</strong></span> <span class='ocrx_word' id='word_1_261' title='bbox 819 2847 896 2891; x_wconf 83' lang='lat' dir='ltr'><strong>ipso</strong></span> 
     </span>
    </p>
   </div>
   <div class='ocr_carea' id='block_1_3' title="bbox 1556 208 1639 252">
    <p class='ocr_par' dir='ltr' id='par_1_11' title="bbox 1556 208 1639 252">
     <span class='ocr_line' id='line_1_51' title="bbox 1556 208 1639 252; baseline 0 0"><span class='ocrx_word' id='word_1_262' title='bbox 1556 208 1639 252; x_wconf 77' lang='lat'><strong>551</strong></span> 
     </span>
    </p>
   </div>
   <div class='ocr_carea' id='block_1_4' title="bbox 928 316 1666 2880">
    <p class='ocr_par' dir='ltr' id='par_1_12' title="bbox 928 316 1650 564">
     <span class='ocr_line' id='line_1_52' title="bbox 928 316 1648 362; baseline -0.004 -10"><span class='ocrx_word' id='word_1_263' title='bbox 928 327 1048 362; x_wconf 78' lang='lat' dir='ltr'><strong>opere,</strong></span> <span class='ocrx_word' id='word_1_264' title='bbox 1064 317 1158 362; x_wconf 85' lang='lat' dir='ltr'><strong>quod</strong></span> <span class='ocrx_word' id='word_1_265' title='bbox 1174 326 1261 352; x_wconf 83' lang='lat' dir='ltr'><strong>voee</strong></span> <span class='ocrx_word' id='word_1_266' title='bbox 1276 327 1319 354; x_wconf 75' lang='lat' dir='ltr'><strong>ne</strong></span> <span class='ocrx_word' id='word_1_267' title='bbox 1344 324 1503 352; x_wconf 84' lang='lat' dir='ltr'><strong>sermone</strong></span> <span class='ocrx_word' id='word_1_268' title='bbox 1520 316 1648 360; x_wconf 77' lang='lat' dir='ltr'><strong>promi-</strong></span> 
     </span>
     <span class='ocr_line' id='line_1_53' title="bbox 928 368 1650 413; baseline -0.001 -10"><span class='ocrx_word' id='word_1_269' title='bbox 928 370 1017 404; x_wconf 84' lang='lat' dir='ltr'><strong>sisti.</strong></span> <span class='ocrx_word' id='word_1_270' title='bbox 1060 370 1119 403; x_wconf 84' lang='lat' dir='ltr'><strong>Ita</strong></span> <span class='ocrx_word' id='word_1_271' title='bbox 1158 369 1308 403; x_wconf 66' lang='lat' dir='ltr'><strong>exhibere</strong></span> <span class='ocrx_word' id='word_1_272' title='bbox 1326 368 1430 413; x_wconf 73' lang='lat' dir='ltr'><strong>fidem</strong></span> <span class='ocrx_word' id='word_1_273' title='bbox 1466 368 1650 410; x_wconf 82' lang='lat' dir='ltr'><strong>usurpavit</strong></span> 
     </span>
     <span class='ocr_line' id='line_1_54' title="bbox 930 419 1650 463; baseline -0.004 -8"><span class='ocrx_word' id='word_1_274' title='bbox 930 422 1121 455; x_wconf 77' lang='lat' dir='ltr'><strong>Columella</strong></span> <span class='ocrx_word' id='word_1_275' title='bbox 1144 430 1188 454; x_wconf 83' lang='lat'><strong>11.</strong></span> <span class='ocrx_word' id='word_1_276' title='bbox 1217 424 1249 455; x_wconf 87' lang='lat'><strong>1.</strong></span> <span class='ocrx_word' id='word_1_277' title='bbox 1279 419 1552 463; x_wconf 60' lang='lat' dir='ltr'><strong>{Inspiciendus</strong></span> <span class='ocrx_word' id='word_1_278' title='bbox 1579 419 1650 453; x_wconf 86' lang='lat' dir='ltr'><strong>erit</strong></span> 
     </span>
     <span class='ocr_line' id='line_1_55' title="bbox 929 471 1647 516; baseline -0.003 -9"><span class='ocrx_word' id='word_1_279' title='bbox 929 474 1081 516; x_wconf 82' lang='lat' dir='ltr'><strong>villicus,</strong></span> <span class='ocrx_word' id='word_1_280' title='bbox 1107 483 1151 507; x_wconf 88' lang='lat' dir='ltr'><strong>an</strong></span> <span class='ocrx_word' id='word_1_281' title='bbox 1177 473 1285 507; x_wconf 84' lang='lat' dir='ltr'><strong>etiam</strong></span> <span class='ocrx_word' id='word_1_282' title='bbox 1311 472 1449 506; x_wconf 87' lang='lat' dir='ltr'><strong>domino</strong></span> <span class='ocrx_word' id='word_1_283' title='bbox 1472 471 1577 506; x_wconf 83' lang='lat' dir='ltr'><strong>fidem</strong></span> <span class='ocrx_word' id='word_1_284' title='bbox 1605 481 1647 505; x_wconf 81' lang='lat' dir='ltr'><strong>ae</strong></span> 
     </span>
     <span class='ocr_line' id='line_1_56' title="bbox 929 523 1550 564; baseline -0.003 -6"><span class='ocrx_word' id='word_1_285' title='bbox 929 525 1209 559; x_wconf 84' lang='lat' dir='ltr'><strong>benevolentiam</strong></span> <span class='ocrx_word' id='word_1_286' title='bbox 1225 523 1415 558; x_wconf 64' lang='lat' dir='ltr'><strong>exhibeat!</strong></span> <span class='ocrx_word' id='word_1_287' title='bbox 1439 523 1550 564; x_wconf 65' lang='lat' dir='ltr'><strong>Senes.</strong></span> 
     </span>
    </p>

    <p class='ocr_par' dir='ltr' id='par_1_13' title="bbox 930 575 1654 926">
     <span class='ocr_line' id='line_1_57' title="bbox 974 575 1650 620; baseline -0.003 -10"><span class='ocrx_word' id='word_1_288' title='bbox 974 577 1101 610; x_wconf 71' lang='lat' dir='ltr'><strong>Exhibe</strong></span> <span class='ocrx_word' id='word_1_289' title='bbox 1126 577 1214 610; x_wconf 68' lang='lat' dir='ltr'><strong>vocis</strong></span> <span class='ocrx_word' id='word_1_290' title='bbox 1232 576 1352 620; x_wconf 66' lang='lat' dir='ltr'><strong>fidenn]</strong></span> <span class='ocrx_word' id='word_1_291' title='bbox 1399 575 1548 609; x_wconf 80' lang='lat' dir='ltr'><strong>Petron.</strong></span> <span class='ocrx_word' id='word_1_292' title='bbox 1573 575 1650 608; x_wconf 86' lang='lat' dir='ltr'><strong>Sat.</strong></span> 
     </span>
     <span class='ocr_line' id='line_1_58' title="bbox 930 626 1652 672; baseline -0.004 -9"><span class='ocrx_word' id='word_1_293' title='bbox 930 630 941 649; x_wconf 89' lang='lat'>‘</span> <span class='ocrx_word' id='word_1_294' title='bbox 958 628 1098 671; x_wconf 78' lang='lat' dir='ltr'><strong>Quteso,</strong></span> <span class='ocrx_word' id='word_1_295' title='bbox 1120 628 1248 672; x_wconf 85' lang='lat' dir='ltr'><strong>inquit,</strong></span> <span class='ocrx_word' id='word_1_296' title='bbox 1271 627 1434 670; x_wconf 74' lang='lat' dir='ltr'><strong>Enmlpi,</strong></span> <span class='ocrx_word' id='word_1_297' title='bbox 1456 626 1562 660; x_wconf 85' lang='lat' dir='ltr'><strong>fidem</strong></span> <span class='ocrx_word' id='word_1_298' title='bbox 1579 636 1652 660; x_wconf 89' lang='lat' dir='ltr'><strong>me-</strong></span> 
     </span>
     <span class='ocr_line' id='line_1_59' title="bbox 931 678 1651 722; baseline -0.001 -9"><span class='ocrx_word' id='word_1_299' title='bbox 931 679 1052 714; x_wconf 65' lang='lat' dir='ltr'><strong>moria*-</strong></span> <span class='ocrx_word' id='word_1_300' title='bbox 1079 685 1150 713; x_wconf 65' lang='lat' dir='ltr'><strong>tun</strong></span> <span class='ocrx_word' id='word_1_301' title='bbox 1171 679 1335 722; x_wconf 59' lang='lat' dir='ltr'><strong>appello?</strong></span> <span class='ocrx_word' id='word_1_302' title='bbox 1380 678 1518 713; x_wconf 81' lang='lat' dir='ltr'><strong>Plinius</strong></span> <span class='ocrx_word' id='word_1_303' title='bbox 1534 678 1651 721; x_wconf 80' lang='lat' dir='ltr'><strong>Epist.</strong></span> 
     </span>
     <span class='ocr_line' id='line_1_60' title="bbox 932 730 1652 765; baseline -0.001 -1"><span class='ocrx_word' id='word_1_304' title='bbox 932 731 995 764; x_wconf 89' lang='lat' dir='ltr'><strong>lib.</strong></span> <span class='ocrx_word' id='word_1_305' title='bbox 1017 740 1078 765; x_wconf 86' lang='grc' dir='ltr'>ιιι.</span> <span class='ocrx_word' id='word_1_306' title='bbox 1094 733 1148 764; x_wconf 82' lang='grc'><strong>14.</strong></span> <span class='ocrx_word' id='word_1_307' title='bbox 1182 733 1192 750; x_wconf 91' lang='lat'>‘</span> <span class='ocrx_word' id='word_1_308' title='bbox 1208 730 1400 764; x_wconf 86' lang='lat' dir='ltr'><strong>Immobilis</strong></span> <span class='ocrx_word' id='word_1_309' title='bbox 1423 734 1463 764; x_wconf 89' lang='lat' dir='ltr'><strong>et</strong></span> <span class='ocrx_word' id='word_1_310' title='bbox 1486 735 1652 764; x_wconf 79' lang='lat' dir='ltr'><strong>extentus</strong></span> 
     </span>
     <span class='ocr_line' id='line_1_61' title="bbox 931 781 1654 828; baseline -0.003 -12"><span class='ocrx_word' id='word_1_311' title='bbox 931 782 1038 816; x_wconf 82' lang='lat' dir='ltr'><strong>fidem</strong></span> <span class='ocrx_word' id='word_1_312' title='bbox 1050 786 1206 828; x_wconf 43' lang='lat' dir='ltr'><strong>pleraetae</strong></span> <span class='ocrx_word' id='word_1_313' title='bbox 1222 782 1345 815; x_wconf 84' lang='lat' dir='ltr'><strong>mortis</strong></span> <span class='ocrx_word' id='word_1_314' title='bbox 1360 781 1540 825; x_wconf 65' lang='lat' dir='ltr'><strong>implevit!</strong></span> <span class='ocrx_word' id='word_1_315' title='bbox 1568 781 1654 824; x_wconf 81' lang='lat' dir='ltr'><strong>Ipse</strong></span> 
     </span>
     <span class='ocr_line' id='line_1_62' title="bbox 934 832 1651 876; baseline -0.001 -9"><span class='ocrx_word' id='word_1_316' title='bbox 934 843 1062 876; x_wconf 84' lang='lat' dir='ltr'><strong>supra:</strong></span> <span class='ocrx_word' id='word_1_317' title='bbox 1100 833 1174 867; x_wconf 88' lang='lat' dir='ltr'><strong>‘Ut</strong></span> <span class='ocrx_word' id='word_1_318' title='bbox 1208 832 1394 876; x_wconf 82' lang='lat' dir='ltr'><strong>adjuvaret</strong></span> <span class='ocrx_word' id='word_1_319' title='bbox 1424 832 1651 875; x_wconf 60' lang='lat' dir='ltr'><strong>jurisjurandi</strong></span> 
     </span>
     <span class='ocr_line' id='line_1_63' title="bbox 933 884 1168 926; baseline -0.004 -7"><span class='ocrx_word' id='word_1_320' title='bbox 933 884 1063 919; x_wconf 59' lang='lat' dir='ltr'><strong>fidem?</strong></span> <span class='ocrx_word' id='word_1_321' title='bbox 1086 884 1168 926; x_wconf 66' lang='lat' dir='ltr'><strong>mg.</strong></span> 
     </span>
    </p>

    <p class='ocr_par' dir='ltr' id='par_1_14' title="bbox 933 935 1656 1290">
     <span class='ocr_line' id='line_1_64' title="bbox 979 935 1654 978; baseline -0.003 -8"><span class='ocrx_word' id='word_1_322' title='bbox 979 939 1022 970; x_wconf 87' lang='grc'><strong>10</strong></span> <span class='ocrx_word' id='word_1_323' title='bbox 1037 936 1125 970; x_wconf 82' lang='lat' dir='ltr'><strong>Nam</strong></span> <span class='ocrx_word' id='word_1_324' title='bbox 1140 935 1208 968; x_wconf 72' lang='lat' dir='ltr'><strong>vita</strong></span> <span class='ocrx_word' id='word_1_325' title='bbox 1220 935 1318 968; x_wconf 78' lang='lat' dir='ltr'><strong>morti</strong></span> <span class='ocrx_word' id='word_1_326' title='bbox 1329 935 1456 978; x_wconf 74' lang='lat' dir='ltr'><strong>propior</strong></span> <span class='ocrx_word' id='word_1_327' title='bbox 1464 939 1514 969; x_wconf 67' lang='lat' dir='ltr'><strong>est</strong></span> <span class='ocrx_word' id='word_1_328' title='bbox 1521 935 1654 978; x_wconf 74' lang='lat' dir='ltr'><strong>cotidie]</strong></span> 
     </span>
     <span class='ocr_line' id='line_1_65' title="bbox 934 987 1655 1031; baseline -0.001 -11"><span class='ocrx_word' id='word_1_329' title='bbox 934 987 1037 1021; x_wconf 86' lang='lat' dir='ltr'><strong>Hauc</strong></span> <span class='ocrx_word' id='word_1_330' title='bbox 1061 987 1272 1020; x_wconf 80' lang='lat' dir='ltr'><strong>sententiam</strong></span> <span class='ocrx_word' id='word_1_331' title='bbox 1299 987 1453 1028; x_wconf 72' lang='lat' dir='ltr'><strong>eleganti</strong></span> <span class='ocrx_word' id='word_1_332' title='bbox 1476 997 1655 1031; x_wconf 74' lang='lat' dir='ltr'><strong>compara-</strong></span> 
     </span>
     <span class='ocr_line' id='line_1_66' title="bbox 935 1038 1654 1081; baseline -0.001 -9"><span class='ocrx_word' id='word_1_333' title='bbox 935 1039 1031 1073; x_wconf 87' lang='lat' dir='ltr'><strong>tione</strong></span> <span class='ocrx_word' id='word_1_334' title='bbox 1062 1039 1252 1071; x_wconf 86' lang='lat' dir='ltr'><strong>illustravit</strong></span> <span class='ocrx_word' id='word_1_335' title='bbox 1279 1038 1386 1081; x_wconf 63' lang='lat' dir='ltr'><strong>poeta</strong></span> <span class='ocrx_word' id='word_1_336' title='bbox 1424 1039 1562 1081; x_wconf 84' lang='lat' dir='ltr'><strong>quidam</strong></span> <span class='ocrx_word' id='word_1_337' title='bbox 1601 1049 1654 1071; x_wconf 88' lang='lat' dir='ltr'><strong>re-</strong></span> 
     </span>
     <span class='ocr_line' id='line_1_67' title="bbox 934 1090 1654 1126; baseline -0.003 -2"><span class='ocrx_word' id='word_1_338' title='bbox 934 1091 1093 1126; x_wconf 79' lang='lat' dir='ltr'><strong>centior:</strong></span> <span class='ocrx_word' id='word_1_339' title='bbox 1118 1094 1127 1110; x_wconf 89' lang='lat'>‘</span> <span class='ocrx_word' id='word_1_340' title='bbox 1143 1091 1253 1123; x_wconf 86' lang='lat' dir='ltr'><strong>Velut</strong></span> <span class='ocrx_word' id='word_1_341' title='bbox 1268 1090 1420 1123; x_wconf 87' lang='lat' dir='ltr'><strong>seeundo</strong></span> <span class='ocrx_word' id='word_1_342' title='bbox 1438 1095 1541 1123; x_wconf 86' lang='lat' dir='ltr'><strong>vecta</strong></span> <span class='ocrx_word' id='word_1_343' title='bbox 1557 1091 1654 1123; x_wconf 80' lang='lat' dir='ltr'><strong>navis</strong></span> 
     </span>
     <span class='ocr_line' id='line_1_68' title="bbox 933 1141 1655 1185; baseline -0.003 -9"><span class='ocrx_word' id='word_1_344' title='bbox 933 1142 1077 1176; x_wconf 85' lang='lat' dir='ltr'><strong>flumine</strong></span> <span class='ocrx_word' id='word_1_345' title='bbox 1109 1141 1247 1175; x_wconf 84' lang='lat' dir='ltr'><strong>Sensim</strong></span> <span class='ocrx_word' id='word_1_346' title='bbox 1283 1141 1493 1185; x_wconf 83' lang='lat' dir='ltr'><strong>propinquat</strong></span> <span class='ocrx_word' id='word_1_347' title='bbox 1523 1142 1655 1174; x_wconf 86' lang='lat' dir='ltr'><strong>littori:</strong></span> 
     </span>
     <span class='ocr_line' id='line_1_69' title="bbox 935 1192 1656 1236; baseline -0.006 -8"><span class='ocrx_word' id='word_1_348' title='bbox 935 1195 987 1228; x_wconf 87' lang='lat' dir='ltr'><strong>sie</strong></span> <span class='ocrx_word' id='word_1_349' title='bbox 1005 1194 1118 1228; x_wconf 82' lang='lat' dir='ltr'><strong>indies</strong></span> <span class='ocrx_word' id='word_1_350' title='bbox 1132 1192 1293 1226; x_wconf 85' lang='lat' dir='ltr'><strong>Vivendo</strong></span> <span class='ocrx_word' id='word_1_351' title='bbox 1315 1193 1421 1227; x_wconf 85' lang='lat' dir='ltr'><strong>morti</strong></span> <span class='ocrx_word' id='word_1_352' title='bbox 1447 1192 1656 1236; x_wconf 84' lang='lat' dir='ltr'><strong>appellimur</strong></span> 
     </span>
     <span class='ocr_line' id='line_1_70' title="bbox 935 1244 1306 1290; baseline -0.011 -10"><span class='ocrx_word' id='word_1_353' title='bbox 935 1244 1191 1290; x_wconf 66' lang='lat' dir='ltr'><strong>propinquius:</strong></span> <span class='ocrx_word' id='word_1_354' title='bbox 1215 1244 1306 1278; x_wconf 73' lang='lat' dir='ltr'><strong>Rite.</strong></span> 
     </span>
    </p>

    <p class='ocr_par' dir='ltr' id='par_1_15' title="bbox 935 1294 1660 1848">
     <span class='ocr_line' id='line_1_71' title="bbox 979 1294 1656 1338; baseline -0.006 -6"><span class='ocrx_word' id='word_1_355' title='bbox 979 1300 1020 1332; x_wconf 88' lang='grc'><strong>11</strong></span> <span class='ocrx_word' id='word_1_356' title='bbox 1045 1298 1120 1330; x_wconf 84' lang='lat' dir='ltr'><strong>Hoc</strong></span> <span class='ocrx_word' id='word_1_357' title='bbox 1133 1295 1253 1337; x_wconf 73' lang='lat' dir='ltr'><strong>minus]</strong></span> <span class='ocrx_word' id='word_1_358' title='bbox 1287 1294 1398 1332; x_wconf 83' lang='lat' dir='ltr'><strong>Miror</strong></span> <span class='ocrx_word' id='word_1_359' title='bbox 1424 1294 1586 1338; x_wconf 85' lang='lat' dir='ltr'><strong>equidem</strong></span> <span class='ocrx_word' id='word_1_360' title='bbox 1602 1300 1656 1329; x_wconf 88' lang='lat' dir='ltr'><strong>tot</strong></span> 
     </span>
     <span class='ocr_line' id='line_1_72' title="bbox 935 1347 1659 1389; baseline -0.004 -6"><span class='ocrx_word' id='word_1_361' title='bbox 935 1349 1153 1383; x_wconf 82' lang='lat' dir='ltr'><strong>doctissimos</strong></span> <span class='ocrx_word' id='word_1_362' title='bbox 1182 1349 1276 1381; x_wconf 85' lang='lat' dir='ltr'><strong>viros</strong></span> <span class='ocrx_word' id='word_1_363' title='bbox 1317 1357 1387 1381; x_wconf 86' lang='lat' dir='ltr'><strong>non</strong></span> <span class='ocrx_word' id='word_1_364' title='bbox 1425 1347 1566 1389; x_wconf 83' lang='lat' dir='ltr'><strong>vidisse,</strong></span> <span class='ocrx_word' id='word_1_365' title='bbox 1595 1353 1659 1380; x_wconf 86' lang='lat' dir='ltr'><strong>aut</strong></span> 
     </span>
     <span class='ocr_line' id='line_1_73' title="bbox 936 1400 1656 1441; baseline -0.006 -6"><span class='ocrx_word' id='word_1_366' title='bbox 936 1406 1037 1436; x_wconf 85' lang='lat' dir='ltr'><strong>eerte</strong></span> <span class='ocrx_word' id='word_1_367' title='bbox 1049 1410 1117 1434; x_wconf 91' lang='lat' dir='ltr'><strong>non</strong></span> <span class='ocrx_word' id='word_1_368' title='bbox 1130 1400 1318 1441; x_wconf 84' lang='lat' dir='ltr'><strong>monuisse,</strong></span> <span class='ocrx_word' id='word_1_369' title='bbox 1332 1409 1468 1432; x_wconf 85' lang='lat' dir='ltr'><strong>versum</strong></span> <span class='ocrx_word' id='word_1_370' title='bbox 1480 1400 1571 1434; x_wconf 88' lang='lat' dir='ltr'><strong>hunc</strong></span> <span class='ocrx_word' id='word_1_371' title='bbox 1584 1400 1656 1432; x_wconf 87' lang='lat' dir='ltr'><strong>suis</strong></span> 
     </span>
     <span class='ocr_line' id='line_1_74' title="bbox 935 1450 1654 1493; baseline -0.004 -7"><span class='ocrx_word' id='word_1_372' title='bbox 935 1451 1106 1486; x_wconf 78' lang='lat' dir='ltr'><strong>mensuris</strong></span> <span class='ocrx_word' id='word_1_373' title='bbox 1134 1460 1267 1484; x_wconf 82' lang='lat' dir='ltr'><strong>carere.</strong></span> <span class='ocrx_word' id='word_1_374' title='bbox 1311 1450 1502 1484; x_wconf 83' lang='lat' dir='ltr'><strong>Emendari</strong></span> <span class='ocrx_word' id='word_1_375' title='bbox 1519 1451 1654 1493; x_wconf 75' lang='lat' dir='ltr'><strong>possit:</strong></span> 
     </span>
     <span class='ocr_line' id='line_1_75' title="bbox 941 1502 1658 1539; baseline -0.006 -1"><span class='ocrx_word' id='word_1_376' title='bbox 941 1505 987 1539; x_wconf 76' lang='lat' dir='ltr'><strong>Et</strong></span> <span class='ocrx_word' id='word_1_377' title='bbox 1000 1504 1057 1536; x_wconf 73' lang='lat' dir='ltr'><strong>hoc</strong></span> <span class='ocrx_word' id='word_1_378' title='bbox 1071 1503 1175 1536; x_wconf 77' lang='lat' dir='ltr'><strong>minus</strong></span> <span class='ocrx_word' id='word_1_379' title='bbox 1188 1505 1220 1535; x_wconf 87' lang='lat' dir='ltr'><strong>et</strong></span> <span class='ocrx_word' id='word_1_380' title='bbox 1234 1502 1340 1535; x_wconf 70' lang='lat' dir='ltr'><strong>miuus</strong></span> <span class='ocrx_word' id='word_1_381' title='bbox 1351 1503 1394 1534; x_wconf 75' lang='lat' dir='ltr'><strong>ad</strong></span> <span class='ocrx_word' id='word_1_382' title='bbox 1418 1511 1468 1533; x_wconf 86' lang='lat' dir='ltr'><strong>me</strong></span> <span class='ocrx_word' id='word_1_383' title='bbox 1488 1502 1573 1534; x_wconf 76' lang='lat' dir='ltr'><strong>venit</strong></span> <span class='ocrx_word' id='word_1_384' title='bbox 1590 1512 1658 1534; x_wconf 81' lang='lat' dir='ltr'><strong>mn-</strong></span> 
     </span>
     <span class='ocr_line' id='line_1_76' title="bbox 937 1549 1660 1595; baseline -0.003 -5"><span class='ocrx_word' id='word_1_385' title='bbox 937 1556 1033 1590; x_wconf 76' lang='lat' dir='ltr'><strong>neris.</strong></span> <span class='ocrx_word' id='word_1_386' title='bbox 1075 1549 1174 1589; x_wconf 75' lang='lat' dir='ltr'><strong>Nota.</strong></span> <span class='ocrx_word' id='word_1_387' title='bbox 1187 1555 1248 1588; x_wconf 81' lang='lat' dir='ltr'><strong>ina</strong></span> <span class='ocrx_word' id='word_1_388' title='bbox 1264 1559 1360 1595; x_wconf 82' lang='lat' dir='ltr'><strong>sunt,</strong></span> <span class='ocrx_word' id='word_1_389' title='bbox 1375 1555 1385 1572; x_wconf 92' lang='lat'>‘</span> <span class='ocrx_word' id='word_1_390' title='bbox 1398 1554 1517 1587; x_wconf 81' lang='lat' dir='ltr'><strong>Minus</strong></span> <span class='ocrx_word' id='word_1_391' title='bbox 1534 1556 1660 1588; x_wconf 79' lang='lat' dir='ltr'><strong>minus·</strong></span> 
     </span>
     <span class='ocr_line' id='line_1_77' title="bbox 939 1606 1659 1651; baseline -0.003 -10"><span class='ocrx_word' id='word_1_392' title='bbox 939 1607 1032 1651; x_wconf 86' lang='lat' dir='ltr'><strong>que‚’</strong></span> <span class='ocrx_word' id='word_1_393' title='bbox 1053 1607 1065 1626; x_wconf 90' lang='lat'>‘</span> <span class='ocrx_word' id='word_1_394' title='bbox 1080 1608 1200 1640; x_wconf 82' lang='lat' dir='ltr'><strong>Minus</strong></span> <span class='ocrx_word' id='word_1_395' title='bbox 1214 1610 1252 1640; x_wconf 89' lang='lat' dir='ltr'><strong>et</strong></span> <span class='ocrx_word' id='word_1_396' title='bbox 1265 1606 1402 1647; x_wconf 64' lang='lat' dir='ltr'><strong>minus:</strong></span> <span class='ocrx_word' id='word_1_397' title='bbox 1427 1610 1436 1625; x_wconf 81' lang='lat'>⁴</span> <span class='ocrx_word' id='word_1_398' title='bbox 1456 1607 1571 1649; x_wconf 84' lang='lat' dir='ltr'><strong>Magis</strong></span> <span class='ocrx_word' id='word_1_399' title='bbox 1588 1616 1659 1640; x_wconf 86' lang='lat' dir='ltr'><strong>ma-</strong></span> 
     </span>
     <span class='ocr_line' id='line_1_78' title="bbox 939 1657 1659 1703; baseline -0.004 -11"><span class='ocrx_word' id='word_1_400' title='bbox 939 1659 1086 1703; x_wconf 64' lang='lat' dir='ltr'><strong>gisque?</strong></span> <span class='ocrx_word' id='word_1_401' title='bbox 1111 1659 1231 1692; x_wconf 84' lang='lat' dir='ltr'><strong>Graeci</strong></span> <span class='ocrx_word' id='word_1_402' title='bbox 1243 1659 1379 1690; x_wconf 77' lang='grc' dir='ltr'>Μᾶλλον</span> <span class='ocrx_word' id='word_1_403' title='bbox 1388 1658 1532 1699; x_wconf 52' lang='lat' dir='ltr'><strong>nmen</strong></span> <span class='ocrx_word' id='word_1_404' title='bbox 1551 1657 1659 1691; x_wconf 83' lang='lat' dir='ltr'><strong>Alex·</strong></span> 
     </span>
     <span class='ocr_line' id='line_1_79' title="bbox 938 1710 1658 1754; baseline -0.003 -10"><span class='ocrx_word' id='word_1_405' title='bbox 938 1711 968 1744; x_wconf 87' lang='lat' dir='ltr'><strong>is</strong></span> <span class='ocrx_word' id='word_1_406' title='bbox 983 1710 1077 1754; x_wconf 84' lang='lat' dir='ltr'><strong>apud</strong></span> <span class='ocrx_word' id='word_1_407' title='bbox 1101 1710 1258 1744; x_wconf 83' lang='lat' dir='ltr'><strong>Suidam.</strong></span> <span class='ocrx_word' id='word_1_408' title='bbox 1307 1711 1434 1744; x_wconf 82' lang='lat' dir='ltr'><strong>Posset</strong></span> <span class='ocrx_word' id='word_1_409' title='bbox 1459 1710 1564 1743; x_wconf 85' lang='lat' dir='ltr'><strong>etiam</strong></span> <span class='ocrx_word' id='word_1_410' title='bbox 1589 1720 1658 1742; x_wconf 84' lang='lat' dir='ltr'><strong>non</strong></span> 
     </span>
     <span class='ocr_line' id='line_1_80' title="bbox 938 1761 1660 1805; baseline -0.006 -8"><span class='ocrx_word' id='word_1_411' title='bbox 938 1763 1052 1798; x_wconf 87' lang='lat' dir='ltr'><strong>minus</strong></span> <span class='ocrx_word' id='word_1_412' title='bbox 1068 1762 1248 1796; x_wconf 87' lang='lat' dir='ltr'><strong>commode</strong></span> <span class='ocrx_word' id='word_1_413' title='bbox 1269 1762 1364 1805; x_wconf 77' lang='lat' dir='ltr'><strong>legi:</strong></span> <span class='ocrx_word' id='word_1_414' title='bbox 1399 1762 1447 1795; x_wconf 77' lang='lat' dir='ltr'><strong>Et</strong></span> <span class='ocrx_word' id='word_1_415' title='bbox 1472 1762 1529 1794; x_wconf 69' lang='lat' dir='ltr'><strong>noc</strong></span> <span class='ocrx_word' id='word_1_416' title='bbox 1554 1761 1660 1794; x_wconf 68' lang='lat' dir='ltr'><strong>”tinus</strong></span> 
     </span>
     <span class='ocr_line' id='line_1_81' title="bbox 937 1813 1503 1848; baseline -0.002 -1"><span class='ocrx_word' id='word_1_417' title='bbox 937 1815 988 1848; x_wconf 77' lang='lat' dir='ltr'><strong>tui</strong></span> <span class='ocrx_word' id='word_1_418' title='bbox 1002 1815 1045 1847; x_wconf 79' lang='lat' dir='ltr'><strong>ad</strong></span> <span class='ocrx_word' id='word_1_419' title='bbox 1060 1824 1110 1847; x_wconf 84' lang='lat' dir='ltr'><strong>me</strong></span> <span class='ocrx_word' id='word_1_420' title='bbox 1122 1814 1227 1847; x_wconf 79' lang='lat' dir='ltr'><strong>veniet</strong></span> <span class='ocrx_word' id='word_1_421' title='bbox 1240 1814 1393 1847; x_wconf 79' lang='lat' dir='ltr'><strong>muneris.</strong></span> <span class='ocrx_word' id='word_1_422' title='bbox 1415 1813 1503 1846; x_wconf 83' lang='lat' dir='ltr'><strong>Fab.</strong></span> 
     </span>
    </p>

    <p class='ocr_par' dir='ltr' id='par_1_16' title="bbox 938 1866 1666 2880">
     <span class='ocr_line' id='line_1_82' title="bbox 983 1866 1660 1908; baseline -0.004 -7"><span class='ocrx_word' id='word_1_423' title='bbox 983 1868 1096 1902; x_wconf 70' lang='lat' dir='ltr'><strong>Minus</strong></span> <span class='ocrx_word' id='word_1_424' title='bbox 1119 1866 1240 1908; x_wconf 77' lang='lat' dir='ltr'><strong>veniet]</strong></span> <span class='ocrx_word' id='word_1_425' title='bbox 1272 1867 1383 1908; x_wconf 86' lang='lat' dir='ltr'><strong>Lege,</strong></span> <span class='ocrx_word' id='word_1_426' title='bbox 1407 1867 1511 1899; x_wconf 81' lang='lat' dir='ltr'><strong>minus</strong></span> <span class='ocrx_word' id='word_1_427' title='bbox 1533 1877 1593 1899; x_wconf 77' lang='lat' dir='ltr'><strong>usu</strong></span> <span class='ocrx_word' id='word_1_428' title='bbox 1609 1877 1660 1899; x_wconf 85' lang='lat' dir='ltr'><strong>re-</strong></span> 
     </span>
     <span class='ocr_line' id='line_1_83' title="bbox 938 1917 1661 1959; baseline -0.004 -6"><span class='ocrx_word' id='word_1_429' title='bbox 938 1919 1018 1954; x_wconf 76' lang='lat' dir='ltr'><strong>niet.</strong></span> <span class='ocrx_word' id='word_1_430' title='bbox 1063 1919 1114 1951; x_wconf 89' lang='lat' dir='ltr'><strong>Ut</strong></span> <span class='ocrx_word' id='word_1_431' title='bbox 1139 1928 1261 1951; x_wconf 87' lang='lat' dir='ltr'><strong>versus</strong></span> <span class='ocrx_word' id='word_1_432' title='bbox 1287 1923 1440 1959; x_wconf 77' lang='lat' dir='ltr'><strong>constet,</strong></span> <span class='ocrx_word' id='word_1_433' title='bbox 1464 1917 1661 1950; x_wconf 86' lang='lat' dir='ltr'><strong>revocanda</strong></span> 
     </span>
     <span class='ocr_line' id='line_1_84' title="bbox 939 1970 1660 2012; baseline -0.003 -9"><span class='ocrx_word' id='word_1_434' title='bbox 939 1970 1077 2003; x_wconf 88' lang='lat' dir='ltr'><strong>omnino</strong></span> <span class='ocrx_word' id='word_1_435' title='bbox 1094 1974 1148 2002; x_wconf 90' lang='lat' dir='ltr'><strong>est</strong></span> <span class='ocrx_word' id='word_1_436' title='bbox 1170 1970 1312 2011; x_wconf 78' lang='lat' dir='ltr'><strong>integra</strong></span> <span class='ocrx_word' id='word_1_437' title='bbox 1343 1970 1464 2002; x_wconf 85' lang='lat' dir='ltr'><strong>vocula</strong></span> <span class='ocrx_word' id='word_1_438' title='bbox 1490 1979 1560 2009; x_wconf 78' lang='lat' dir='ltr'><strong>usu,</strong></span> <span class='ocrx_word' id='word_1_439' title='bbox 1582 1980 1660 2012; x_wconf 76' lang='lat' dir='ltr'><strong>quae</strong></span> 
     </span>
     <span class='ocr_line' id='line_1_85' title="bbox 940 2019 1661 2054; baseline -0.003 0"><span class='ocrx_word' id='word_1_440' title='bbox 940 2021 987 2054; x_wconf 89' lang='lat' dir='ltr'><strong>ob</strong></span> <span class='ocrx_word' id='word_1_441' title='bbox 1012 2021 1231 2053; x_wconf 86' lang='lat' dir='ltr'><strong>librariorum</strong></span> <span class='ocrx_word' id='word_1_442' title='bbox 1255 2020 1291 2053; x_wconf 91' lang='lat' dir='ltr'><strong>in</strong></span> <span class='ocrx_word' id='word_1_443' title='bbox 1317 2019 1547 2053; x_wconf 82' lang='lat' dir='ltr'><strong>describendo</strong></span> <span class='ocrx_word' id='word_1_444' title='bbox 1568 2031 1661 2054; x_wconf 87' lang='lat' dir='ltr'><strong>com-</strong></span> 
     </span>
     <span class='ocr_line' id='line_1_86' title="bbox 941 2070 1661 2115; baseline 0 -11"><span class='ocrx_word' id='word_1_445' title='bbox 941 2071 1071 2115; x_wconf 85' lang='lat' dir='ltr'><strong>pendia</strong></span> <span class='ocrx_word' id='word_1_446' title='bbox 1096 2070 1255 2111; x_wconf 62' lang='lat' dir='ltr'><strong>exciam</strong></span> <span class='ocrx_word' id='word_1_447' title='bbox 1291 2074 1329 2102; x_wconf 88' lang='lat' dir='ltr'><strong>ut</strong></span> <span class='ocrx_word' id='word_1_448' title='bbox 1353 2080 1396 2103; x_wconf 90' lang='lat' dir='ltr'><strong>eo</strong></span> <span class='ocrx_word' id='word_1_449' title='bbox 1422 2070 1526 2104; x_wconf 89' lang='lat' dir='ltr'><strong>modo</strong></span> <span class='ocrx_word' id='word_1_450' title='bbox 1542 2073 1661 2104; x_wconf 79' lang='lat' dir='ltr'><strong>multae</strong></span> 
     </span>
     <span class='ocr_line' id='line_1_87' title="bbox 941 2120 1662 2165; baseline -0.001 -9"><span class='ocrx_word' id='word_1_451' title='bbox 941 2123 1018 2156; x_wconf 82' lang='lat' dir='ltr'><strong>aliae</strong></span> <span class='ocrx_word' id='word_1_452' title='bbox 1033 2131 1137 2155; x_wconf 84' lang='lat' dir='ltr'><strong>voces</strong></span> <span class='ocrx_word' id='word_1_453' title='bbox 1152 2125 1190 2153; x_wconf 90' lang='lat' dir='ltr'><strong>et</strong></span> <span class='ocrx_word' id='word_1_454' title='bbox 1203 2120 1345 2164; x_wconf 70' lang='lat' dir='ltr'><strong>syllabae</strong></span> <span class='ocrx_word' id='word_1_455' title='bbox 1362 2121 1509 2164; x_wconf 84' lang='lat' dir='ltr'><strong>periere,</strong></span> <span class='ocrx_word' id='word_1_456' title='bbox 1520 2120 1556 2154; x_wconf 76' lang='lat' dir='ltr'><strong>et</strong></span> <span class='ocrx_word' id='word_1_457' title='bbox 1568 2129 1662 2165; x_wconf 82' lang='lat' dir='ltr'><strong>post-</strong></span> 
     </span>
     <span class='ocr_line' id='line_1_88' title="bbox 942 2172 1662 2208; baseline -0.003 0"><span class='ocrx_word' id='word_1_458' title='bbox 942 2184 985 2208; x_wconf 88' lang='lat' dir='ltr'><strong>ea</strong></span> <span class='ocrx_word' id='word_1_459' title='bbox 998 2184 1019 2207; x_wconf 84' lang='lat' dir='ltr'><strong>a</strong></span> <span class='ocrx_word' id='word_1_460' title='bbox 1034 2173 1118 2206; x_wconf 82' lang='lat' dir='ltr'><strong>viris</strong></span> <span class='ocrx_word' id='word_1_461' title='bbox 1139 2172 1255 2205; x_wconf 78' lang='lat' dir='ltr'><strong>doctis</strong></span> <span class='ocrx_word' id='word_1_462' title='bbox 1283 2172 1455 2205; x_wconf 72' lang='lat' dir='ltr'><strong>restitutae</strong></span> <span class='ocrx_word' id='word_1_463' title='bbox 1469 2178 1561 2208; x_wconf 85' lang='lat' dir='ltr'><strong>sunt.</strong></span> <span class='ocrx_word' id='word_1_464' title='bbox 1604 2175 1662 2207; x_wconf 92' lang='lat' dir='ltr'><strong>De</strong></span> 
     </span>
     <span class='ocr_line' id='line_1_89' title="bbox 942 2223 1663 2267; baseline -0.001 -8"><span class='ocrx_word' id='word_1_465' title='bbox 942 2236 1007 2259; x_wconf 84' lang='lat' dir='ltr'><strong>usu</strong></span> <span class='ocrx_word' id='word_1_466' title='bbox 1022 2224 1174 2258; x_wconf 88' lang='lat' dir='ltr'><strong>muueris</strong></span> <span class='ocrx_word' id='word_1_467' title='bbox 1189 2223 1353 2267; x_wconf 86' lang='lat' dir='ltr'><strong>loquitur,</strong></span> <span class='ocrx_word' id='word_1_468' title='bbox 1381 2228 1419 2258; x_wconf 90' lang='lat' dir='ltr'><strong>et</strong></span> <span class='ocrx_word' id='word_1_469' title='bbox 1442 2225 1486 2258; x_wconf 92' lang='lat' dir='ltr'><strong>ob</strong></span> <span class='ocrx_word' id='word_1_470' title='bbox 1513 2225 1663 2258; x_wconf 84' lang='lat' dir='ltr'><strong>brevita-</strong></span> 
     </span>
     <span class='ocr_line' id='line_1_90' title="bbox 943 2276 1661 2321; baseline 0.001 -10"><span class='ocrx_word' id='word_1_471' title='bbox 943 2282 1016 2312; x_wconf 88' lang='lat' dir='ltr'><strong>tem</strong></span> <span class='ocrx_word' id='word_1_472' title='bbox 1030 2277 1112 2310; x_wconf 85' lang='lat' dir='ltr'><strong>vitae</strong></span> <span class='ocrx_word' id='word_1_473' title='bbox 1129 2276 1199 2309; x_wconf 88' lang='lat' dir='ltr'><strong>cito</strong></span> <span class='ocrx_word' id='word_1_474' title='bbox 1214 2276 1473 2319; x_wconf 86' lang='lat' dir='ltr'><strong>expediendum</strong></span> <span class='ocrx_word' id='word_1_475' title='bbox 1490 2287 1566 2311; x_wconf 79' lang='lat' dir='ltr'><strong>esse</strong></span> <span class='ocrx_word' id='word_1_476' title='bbox 1583 2289 1661 2321; x_wconf 85' lang='lat' dir='ltr'><strong>pro-</strong></span> 
     </span>
     <span class='ocr_line' id='line_1_91' title="bbox 943 2326 1663 2370; baseline 0 -8"><span class='ocrx_word' id='word_1_477' title='bbox 943 2328 1083 2362; x_wconf 83' lang='lat' dir='ltr'><strong>missum</strong></span> <span class='ocrx_word' id='word_1_478' title='bbox 1110 2326 1319 2360; x_wconf 85' lang='lat' dir='ltr'><strong>beneficium</strong></span> <span class='ocrx_word' id='word_1_479' title='bbox 1340 2333 1472 2370; x_wconf 85' lang='lat' dir='ltr'><strong>monet,</strong></span> <span class='ocrx_word' id='word_1_480' title='bbox 1487 2333 1527 2362; x_wconf 90' lang='lat' dir='ltr'><strong>ut</strong></span> <span class='ocrx_word' id='word_1_481' title='bbox 1552 2339 1594 2362; x_wconf 90' lang='lat' dir='ltr'><strong>eo</strong></span> <span class='ocrx_word' id='word_1_482' title='bbox 1612 2331 1663 2362; x_wconf 85' lang='lat' dir='ltr'><strong>uti</strong></span> 
     </span>
     <span class='ocr_line' id='line_1_92' title="bbox 944 2378 1663 2423; baseline 0.001 -10"><span class='ocrx_word' id='word_1_483' title='bbox 944 2383 1065 2423; x_wconf 82' lang='lat' dir='ltr'><strong>posset</strong></span> <span class='ocrx_word' id='word_1_484' title='bbox 1089 2378 1234 2421; x_wconf 80' lang='lat' dir='ltr'><strong>longius.</strong></span> <span class='ocrx_word' id='word_1_485' title='bbox 1279 2378 1409 2411; x_wconf 83' lang='lat' dir='ltr'><strong>Munus</strong></span> <span class='ocrx_word' id='word_1_486' title='bbox 1425 2380 1518 2423; x_wconf 87' lang='lat' dir='ltr'><strong>quod</strong></span> <span class='ocrx_word' id='word_1_487' title='bbox 1543 2380 1663 2414; x_wconf 83' lang='lat' dir='ltr'><strong>differ-</strong></span> 
     </span>
     <span class='ocr_line' id='line_1_93' title="bbox 946 2431 1662 2474; baseline 0.001 -10"><span class='ocrx_word' id='word_1_488' title='bbox 946 2437 1003 2465; x_wconf 85' lang='lat' dir='ltr'><strong>tur</strong></span> <span class='ocrx_word' id='word_1_489' title='bbox 1018 2431 1110 2464; x_wconf 85' lang='lat' dir='ltr'><strong>idem</strong></span> <span class='ocrx_word' id='word_1_490' title='bbox 1127 2439 1204 2463; x_wconf 90' lang='lat' dir='ltr'><strong>esse</strong></span> <span class='ocrx_word' id='word_1_491' title='bbox 1220 2433 1356 2472; x_wconf 63' lang='lat' dir='ltr'><strong>potem</strong></span> <span class='ocrx_word' id='word_1_492' title='bbox 1391 2434 1499 2474; x_wconf 86' lang='lat' dir='ltr'><strong>atque</strong></span> <span class='ocrx_word' id='word_1_493' title='bbox 1526 2432 1578 2465; x_wconf 84' lang='lat' dir='ltr'><strong>ita</strong></span> <span class='ocrx_word' id='word_1_494' title='bbox 1593 2442 1662 2465; x_wconf 89' lang='lat' dir='ltr'><strong>non</strong></span> 
     </span>
     <span class='ocr_line' id='line_1_94' title="bbox 945 2481 1663 2524; baseline -0.001 -6"><span class='ocrx_word' id='word_1_495' title='bbox 945 2487 1071 2519; x_wconf 79' lang='lat' dir='ltr'><strong>natura</strong></span> <span class='ocrx_word' id='word_1_496' title='bbox 1085 2481 1150 2524; x_wconf 87' lang='lat' dir='ltr'><strong>rei,</strong></span> <span class='ocrx_word' id='word_1_497' title='bbox 1169 2481 1230 2515; x_wconf 76' lang='lat' dir='ltr'><strong>sed</strong></span> <span class='ocrx_word' id='word_1_498' title='bbox 1256 2491 1319 2514; x_wconf 88' lang='lat' dir='ltr'><strong>usu</strong></span> <span class='ocrx_word' id='word_1_499' title='bbox 1335 2485 1469 2515; x_wconf 85' lang='lat' dir='ltr'><strong>tantum</strong></span> <span class='ocrx_word' id='word_1_500' title='bbox 1492 2493 1536 2516; x_wconf 87' lang='lat' dir='ltr'><strong>eo</strong></span> <span class='ocrx_word' id='word_1_501' title='bbox 1550 2483 1663 2517; x_wconf 85' lang='lat' dir='ltr'><strong>minus</strong></span> 
     </span>
     <span class='ocr_line' id='line_1_95' title="bbox 946 2532 1665 2578; baseline -0.001 -9"><span class='ocrx_word' id='word_1_502' title='bbox 946 2539 1015 2577; x_wconf 81' lang='lat' dir='ltr'><strong>est,</strong></span> <span class='ocrx_word' id='word_1_503' title='bbox 1030 2544 1098 2578; x_wconf 93' lang='lat' dir='ltr'><strong>quo</strong></span> <span class='ocrx_word' id='word_1_504' title='bbox 1114 2533 1190 2576; x_wconf 83' lang='lat' dir='ltr'><strong>plus</strong></span> <span class='ocrx_word' id='word_1_505' title='bbox 1209 2532 1376 2576; x_wconf 86' lang='lat' dir='ltr'><strong>temporis</strong></span> <span class='ocrx_word' id='word_1_506' title='bbox 1391 2534 1565 2568; x_wconf 88' lang='lat' dir='ltr'><strong>consumit</strong></span> <span class='ocrx_word' id='word_1_507' title='bbox 1579 2535 1665 2568; x_wconf 85' lang='lat' dir='ltr'><strong>dila·</strong></span> 
     </span>
     <span class='ocr_line' id='line_1_96' title="bbox 946 2583 1663 2630; baseline 0.001 -11"><span class='ocrx_word' id='word_1_508' title='bbox 946 2586 1009 2620; x_wconf 83' lang='lat' dir='ltr'><strong>tio.</strong></span> <span class='ocrx_word' id='word_1_509' title='bbox 1061 2584 1252 2628; x_wconf 85' lang='lat' dir='ltr'><strong>Sequentia</strong></span> <span class='ocrx_word' id='word_1_510' title='bbox 1282 2583 1395 2617; x_wconf 85' lang='lat' dir='ltr'><strong>adhuc</strong></span> <span class='ocrx_word' id='word_1_511' title='bbox 1425 2586 1533 2628; x_wconf 83' lang='lat' dir='ltr'><strong>magis</strong></span> <span class='ocrx_word' id='word_1_512' title='bbox 1563 2586 1663 2630; x_wconf 73' lang='lat' dir='ltr'><strong>liujus</strong></span> 
     </span>
     <span class='ocr_line' id='line_1_97' title="bbox 946 2635 1664 2678; baseline -0.001 -6"><span class='ocrx_word' id='word_1_513' title='bbox 946 2636 1108 2672; x_wconf 86' lang='lat' dir='ltr'><strong>lectionis</strong></span> <span class='ocrx_word' id='word_1_514' title='bbox 1139 2635 1326 2668; x_wconf 84' lang='lat' dir='ltr'><strong>veritatem</strong></span> <span class='ocrx_word' id='word_1_515' title='bbox 1364 2639 1520 2678; x_wconf 85' lang='lat' dir='ltr'><strong>tuentur,</strong></span> <span class='ocrx_word' id='word_1_516' title='bbox 1552 2642 1589 2670; x_wconf 88' lang='lat' dir='ltr'><strong>et</strong></span> <span class='ocrx_word' id='word_1_517' title='bbox 1618 2638 1664 2672; x_wconf 89' lang='lat' dir='ltr'><strong>de</strong></span> 
     </span>
     <span class='ocr_line' id='line_1_98' title="bbox 948 2685 1665 2726; baseline -0.004 -4"><span class='ocrx_word' id='word_1_518' title='bbox 948 2700 1012 2726; x_wconf 83' lang='lat' dir='ltr'><strong>usu</strong></span> <span class='ocrx_word' id='word_1_519' title='bbox 1041 2688 1114 2722; x_wconf 90' lang='lat' dir='ltr'><strong>solo</strong></span> <span class='ocrx_word' id='word_1_520' title='bbox 1144 2691 1259 2720; x_wconf 80' lang='lat' dir='ltr'><strong>actum</strong></span> <span class='ocrx_word' id='word_1_521' title='bbox 1285 2685 1391 2719; x_wconf 84' lang='lat' dir='ltr'><strong>fuisse</strong></span> <span class='ocrx_word' id='word_1_522' title='bbox 1421 2686 1570 2723; x_wconf 82' lang='lat' dir='ltr'><strong>docent:</strong></span> <span class='ocrx_word' id='word_1_523' title='bbox 1600 2689 1665 2722; x_wconf 84' lang='lat' dir='ltr'><strong>‘Si</strong></span> 
     </span>
     <span class='ocr_line' id='line_1_99' title="bbox 947 2738 1666 2783; baseline -0.001 -8"><span class='ocrx_word' id='word_1_524' title='bbox 947 2741 1022 2775; x_wconf 86' lang='lat' dir='ltr'><strong>eito</strong></span> <span class='ocrx_word' id='word_1_525' title='bbox 1036 2749 1109 2773; x_wconf 86' lang='lat' dir='ltr'><strong>rem</strong></span> <span class='ocrx_word' id='word_1_526' title='bbox 1137 2747 1297 2782; x_wconf 80' lang='lat' dir='ltr'><strong>peragas,</strong></span> <span class='ocrx_word' id='word_1_527' title='bbox 1322 2748 1401 2771; x_wconf 85' lang='lat' dir='ltr'><strong>usus</strong></span> <span class='ocrx_word' id='word_1_528' title='bbox 1425 2738 1488 2773; x_wconf 87' lang='lat' dir='ltr'><strong>fiet</strong></span> <span class='ocrx_word' id='word_1_529' title='bbox 1506 2739 1666 2783; x_wconf 84' lang='lat' dir='ltr'><strong>longior;</strong></span> 
     </span>
     <span class='ocr_line' id='line_1_100' title="bbox 948 2789 1663 2834; baseline -0.001 -8"><span class='ocrx_word' id='word_1_530' title='bbox 948 2793 1061 2826; x_wconf 86' lang='lat' dir='ltr'><strong>Fruar</strong></span> <span class='ocrx_word' id='word_1_531' title='bbox 1090 2790 1232 2831; x_wconf 86' lang='lat' dir='ltr'><strong>diutius,</strong></span> <span class='ocrx_word' id='word_1_532' title='bbox 1261 2789 1290 2822; x_wconf 84' lang='lat' dir='ltr'><strong>si</strong></span> <span class='ocrx_word' id='word_1_533' title='bbox 1320 2789 1467 2823; x_wconf 82' lang='lat' dir='ltr'><strong>celerius</strong></span> <span class='ocrx_word' id='word_1_534' title='bbox 1499 2792 1663 2834; x_wconf 85' lang='lat' dir='ltr'><strong>eoepero.&#39;</strong></span> 
     </span>
     <span class='ocr_line' id='line_1_101' title="bbox 948 2841 1665 2880; baseline -0.006 0"><span class='ocrx_word' id='word_1_535' title='bbox 948 2844 1036 2880; x_wconf 75' lang='lat' dir='ltr'><strong>Quae</strong></span> <span class='ocrx_word' id='word_1_536' title='bbox 1052 2841 1160 2876; x_wconf 88' lang='lat' dir='ltr'><strong>verba</strong></span> <span class='ocrx_word' id='word_1_537' title='bbox 1174 2841 1257 2875; x_wconf 81' lang='lat' dir='ltr'><strong>mihi</strong></span> <span class='ocrx_word' id='word_1_538' title='bbox 1272 2841 1305 2873; x_wconf 86' lang='lat' dir='ltr'><strong>in</strong></span> <span class='ocrx_word' id='word_1_539' title='bbox 1324 2846 1474 2876; x_wconf 84' lang='lat' dir='ltr'><strong>mentem</strong></span> <span class='ocrx_word' id='word_1_540' title='bbox 1498 2847 1665 2877; x_wconf 86' lang='lat' dir='ltr'><strong>revocant</strong></span> 
     </span>
    </p>
   </div>
  </div>
 </body>
</html>
