1806 3236
200 232 286 275 254
490 244 687 276 rumoni
724 245 1036 278 FABULARUM
1068 247 1367 281 AEsopmnum

202 339 262 381 Et
284 339 527 383 vindicavit
548 353 645 383 sese
668 341 769 383 forti
790 341 988 385 dextera.

203 408 393 452 Latrone
413 409 578 460 occiso,
599 409 781 451 timidus
799 411 990 452 accurrit
1008 423 1171 462 comeS‚

202 476 466 531 Stringitque
485 476 706 530 gladium:
731 475 850 528 dein,
869 476 1030 532 rejecta
1047 479 1242 532 paenula,
1632 483 1661 525 5

202 544 340 598 Cedo,
359 544 520 599 inquit,
540 544 689 597 illum3
714 545 809 600 jam
830 545 995 587 curabo
1016 547 1192 598 sentiat,

202 611 332 664 Quos
352 612 588 654 attentarit.
645 611 786 663 Tune,
807 612 885 667 qui
907 612 1264 667 depugnaverat:

199 678 388 731 Vellem,
407 680 509 722 istis
529 679 677 722 verbis
695 679 851 722 saltem
871 680 1120 737 adjuvisses
1137 681 1287 733 modo,

201 747 486 792 Constantior
503 747 703 798 fuissem,
723 761 832 791 vera
851 749 1138 792 existimans:

201 816 335 859 Nunc
355 817 496 859 conde
515 816 692 867 sermm,
710 818 753 857 et
770 815 964 870 linguam
985 816 1153 871 pariter
1173 816 1361 869 futilem,
1603 821 1660 863 10

201 885 266 927 Ut
283 885 436 941 possis
453 884 567 927 alios
586 885 836 940 ignorantes
856 883 1019 927 fallere.

200 952 310 1007 Ego,
331 954 410 1008 qui
429 966 524 996 sum
542 956 772 1008 expertuS,
793 953 969 1008 quantis
986 953 1132 1008 fugias
1153 954 1333 1008 viribuS,

200 1019 320 1071 Scio,
341 1033 473 1075 quam
492 1020 645 1064 virtuti
663 1033 749 1064 non
767 1020 826 1063 sit
845 1020 1111 1064 credendum
1133 1025 1238 1065 tuae.
1266 1037 1268 1040 ’

199 1161 251 1190 tro
263 1158 310 1201 fit
324 1158 389 1191 illis
402 1158 536 1199 obviam,
563 1158 620 1200 qui
643 1159 737 1200 petiit
760 1169 871 1191 aarum
896 1159 1048 1192 minitans
1075 1163 1212 1193 mortem.
1260 1160 1430 1203 Promptum
1444 1171 1537 1194 manu
1551 1157 1663 1203 statim

190 1201 315 1239 faciens
326 1202 474 1243 impetum
487 1202 610 1244 repellit
624 1202 688 1234 vim
702 1203 747 1242 vi,
771 1206 862 1244 atque
875 1202 998 1235 invadit
1014 1204 1214 1242 Latronem,
1228 1213 1284 1236 nec
1296 1204 1433 1246 opimam,
1451 1205 1570 1246 gladio.
1613 1205 1660 1239 Et

197 1254 264 1277 sese
278 1244 437 1286 expedivit
451 1246 518 1277 acri
533 1254 637 1277 manu.
682 1245 837 1278 Praedone
850 1244 1029 1285 interfecto,
1052 1246 1153 1278 socius
1166 1245 1300 1279 imbellia
1323 1247 1421 1287 venit,
1445 1250 1476 1279 et
1491 1248 1596 1280 educit
1609 1257 1662 1281 en-

199 1297 285 1319 sem.-
307 1288 418 1320 deinde
431 1287 551 1328 abjecto
563 1287 659 1329 paulo
682 1289 815 1320 clamat.-
842 1288 979 1321 Ubinam
993 1289 1047 1321 ille
1063 1286 1137 1322 est?
1162 1289 1233 1328 jam
1257 1289 1389 1332 efficiam
1411 1290 1572 1333 intelligat
1586 1301 1663 1333 quos

198 1340 366 1370 aggressus
386 1334 444 1364 est.
490 1331 570 1372 Tum
583 1332 638 1372 qui
652 1334 850 1373 conseruerat
867 1341 1004 1372 manum,
1027 1330 1118 1364 dixit
1133 1342 1142 1364 ε
1170 1332 1301 1364 Utinam
1314 1333 1425 1373 saltem
1438 1342 1494 1374 me
1508 1336 1582 1366 tunc
1594 1343 1663 1366 sus-

200 1373 344 1406 tinuisses
359 1374 408 1406 his
422 1373 523 1406 verbis
534 1385 547 1412 ,·
572 1373 709 1413 fuissem
734 1374 904 1407 animosior
924 1377 1074 1416 reputans
1094 1384 1178 1407 vera.
1224 1375 1320 1408 Nunc
1345 1375 1437 1418 mitte
1461 1376 1604 1417 gladium
1629 1380 1662 1410 et

199 1415 356 1449 verbosam
375 1417 500 1458 pariter
511 1417 733 1459 jactationem,
753 1421 790 1451 ut
802 1417 912 1460 possis
934 1418 1076 1461 decipere
1097 1418 1231 1459 ignotos.
1277 1419 1362 1461 Ego,
1383 1418 1437 1461 qui
1458 1420 1530 1452 novi
1542 1423 1662 1462 quanta

813 1500 1049 1514 eeeeeeeeeeee

199 1565 342 1597 quorum
358 1555 481 1597 refert,
496 1555 529 1588 in
545 1556 655 1589 Editt.
679 1557 848 1590 Rittersh.
874 1557 956 1589 Urs.
968 1556 1119 1598 Hoogst.
1135 1556 1267 1589 Danet.
1278 1556 1395 1589 Maitt.
1417 1557 1535 1589 Burm.
1550 1557 1660 1590 Fabb.

198 1599 314 1641 AEsop.
329 1599 464 1632 Delect.
480 1609 513 1640 p.
531 1602 603 1632 113.
647 1599 729 1632 vid.
747 1600 853 1632 etiam
869 1598 1031 1640 Albinus,
1046 1599 1202 1632 Gallicus
1217 1600 1403 1642 interpres,
1427 1609 1448 1632 a
1470 1600 1588 1632 Burm.
1602 1610 1662 1633 no-

200 1646 303 1684 tatus,
318 1646 355 1675 et
369 1642 471 1676 Misc.
487 1643 582 1685 Lips.
594 1653 630 1684 p.
648 1645 786 1676 260.—-3
800 1643 950 1684 Hoogst.
966 1643 1083 1675 mallet
1097 1643 1236 1685 legere:
1251 1642 1475 1685 Sesequesorti
1487 1642 1662 1676 vindicavit

198 1685 339 1717 dextera.
384 1685 443 1717 Ita
457 1686 547 1718 enim
570 1695 706 1718 versum
722 1685 853 1728 gratius
867 1685 972 1718 fluere
990 1688 1186 1718 censen-4
1212 1685 1364 1718 Timidus.
1386 1686 1495 1727 Bene,
1519 1695 1587 1718 non
1611 1690 1661 1719 tu-

197 1728 312 1768 midus,
328 1732 367 1760 ut
380 1729 455 1760 vult
469 1729 600 1761 Meurs.
645 1729 724 1761 Hoc
739 1729 826 1770 vult,
844 1737 934 1769 eum,
948 1728 1007 1770 qni
1021 1728 1189 1761 hactenns
1204 1727 1271 1761 fuit
1286 1728 1440 1769 timidus,
1464 1733 1501 1761 et
1514 1729 1616 1762 stetit
1640 1738 1661 1761 e

199 1771 397 1813 longinquo,
416 1780 505 1803 nunc
532 1771 738 1812 accurrisse,
762 1772 931 1813 simulque
956 1772 1094 1803 accurrit
1118 1771 1261 1813 pulchre
1283 1776 1382 1804 notat
1405 1771 1660 1804 simulationem

198 1813 304 1846 studii
320 1818 357 1846 et
373 1813 516 1846 ardoris.
538 1813 719 1856 Scheffi—-5
744 1814 812 1846 Ma.
828 1814 911 1847 Per.
933 1818 971 1846 et
995 1814 1089 1846 Pith.
1112 1813 1301 1846 deinde—9
1324 1814 1394 1847 Hie
1419 1824 1537 1846 versus
1561 1814 1661 1847 deest

198 1857 232 1888 in
247 1857 316 1889 Ms.
330 1857 411 1890 Per.
427 1857 489 1889 sed
502 1857 632 1890 habent
647 1857 732 1890 Mss.
746 1857 842 1898 Pith.
857 1857 955 1890 Rem.
979 1861 1016 1889 et
1041 1856 1121 1889 libri
1148 1857 1331 1889 edith—12
1354 1857 1524 1899 Cuningh.
1548 1857 1661 1891 edidit

190 1899 414 1940 fugeris—13
437 1900 479 1932 In
496 1901 582 1932 Mss.
595 1899 692 1933 Pith.
706 1903 744 1932 et
759 1899 858 1933 Rem.
877 1900 1007 1942 legitur
1023 1899 1097 1932 Seio
1111 1900 1199 1941 quid,
1226 1909 1290 1941 pro
1306 1909 1372 1943 quo
1387 1899 1483 1933 Pith.
1505 1901 1661 1943 reposuit

198 1943 272 1975 Scio
286 1944 388 1984 quod,-
412 1943 530 1986 sicque
547 1943 647 1985 vulgo
661 1943 793 1985 legunt.
837 1942 907 1975 Sed
930 1943 1112 1984 legendum
1128 1952 1203 1975 esse
1224 1953 1327 1984 quam,
1343 1943 1433 1975 vidit
1448 1943 1660 1976 Granum-ad

196 1986 229 2017 11.
247 1987 270 2018 l.
286 1985 475 2025 Scheffero‚
495 1986 610 2018 Bentl.
625 1986 747 2018 Burm.
770 1986 876 2019 Gesn.
891 1985 927 2018 in
941 1986 1042 2019 Thes.
1056 1985 1160 2018 Febr.
1176 1990 1259 2018 tom.
1274 1995 1317 2018 ιι.
1338 1996 1374 2028 p.
1386 1989 1462 2020 423.
1489 1986 1659 2029 Heusing.

196 2029 270 2061 aliis
285 2027 560 2071 suffragantibus.
603 2028 756 2062 Gronov.
773 2029 864 2061 enim
877 2029 940 2061 scio
954 2029 1034 2070 quod
1047 2028 1171 2061 Latine
1183 2028 1254 2061 dici
1266 2033 1391 2071 negat;
1405 2032 1466 2061 aut
1477 2030 1567 2062 enim
1581 2039 1658 2063 eor-

198 2076 303 2113 rupta
316 2082 402 2112 esse,
417 2076 476 2104 aut
492 2073 591 2104 aliter
605 2071 818 2114 accipienda,
831 2081 1045 2114 quaecunque
1067 2072 1103 2103 in
1125 2072 1213 2104 hanc
1237 2081 1309 2104 rem
1335 2072 1572 2113 congesserint
1594 2073 1660 2106 viri

197 2114 305 2147 docti.
351 2114 466 2158 Atque
482 2116 586 2147 etiam
597 2114 756 2148 Sanctius
773 2115 861 2147 Min.
877 2114 937 2147 lib.
953 2123 1009 2147 111.
1024 2124 1055 2147 e.
1073 2117 1126 2147 14.
1139 2115 1203 2147 scio
1216 2116 1295 2156 quod
1310 2124 1378 2147 non
1396 2115 1554 2148 Latinum
1571 2125 1658 2155 esse,

196 2159 324 2190 acriter
339 2158 584 2200 contendebat,
598 2158 780 2191 addicente
796 2157 889 2191 Gud.
935 2158 1015 2190 Non
1029 2158 1132 2209 pauci
1147 2162 1274 2199 tamen,
1297 2167 1364 2190 nee
1377 2158 1450 2190 sine
1464 2168 1581 2199 causa,
1605 2163 1660 2192 tu·

197 2206 300 2233 entur
316 2202 538 2234 Latinitatem
554 2201 736 2234 locutionis
749 2201 814 2233 scio
828 2202 920 2243 quod,
934 2204 972 2233 ut
984 2201 1125 2243 Sciopp.
1140 2201 1174 2233 in
1193 2200 1335 2234 Auctar.
1349 2201 1598 2244 Mariangelip.
1610 2211 1657 2235 m.

196 2247 251 2275 45.
265 2254 339 2286 sqq.
362 2246 461 2277 Voss.
477 2245 521 2277 de
538 2245 674 2278 Constr.
689 2254 720 2277 c.
733 2246 787 2277 20.
813 2249 850 2277 et
881 2247 935 2277 62.
959 2244 1073 2276 Faber
1099 2244 1134 2276 in
1163 2244 1246 2277 Not.
1273 2243 1317 2276 ad
1345 2244 1485 2277 Phaedr.
1510 2244 1656 2279 Desbill.

198 2287 255 2328 qui
279 2287 398 2319 laudat
422 2288 536 2320 Plant.
551 2287 648 2320 Asin.
672 2297 698 2320 ι.
726 2290 759 2319 1.
788 2289 843 2320 37.
864 2286 1012 2319 maxime
1032 2287 1192 2320 Perizon.
1216 2287 1259 2319 ad
1281 2287 1398 2320 Sanet.
1423 2288 1512 2320 Min.
1524 2288 1584 2320 lib.
1600 2297 1658 2321 ur.

197 2340 274 2371 cap.
291 2333 343 2363 14.
359 2341 392 2371 p.
407 2341 453 2362 m.
477 2333 551 2363 546.
573 2341 648 2373 sqq.
694 2330 918 2372 Receperunt
941 2330 1045 2361 etiam
1069 2330 1212 2372 Bipont.
1236 2330 1371 2363 Editor.
1394 2331 1488 2363 Edit.
1511 2337 1657 2364 sterent.

196 2373 296 2406 Jisrd.
312 2373 384 2405 Scio
398 2375 488 2415 quod.
535 2373 583 2406 At
598 2383 681 2406 vero
704 2382 781 2405 eum
805 2373 838 2404 in
864 2373 933 2405 Ms.
949 2373 1086 2405 Perotti
1114 2374 1161 2405 sit
1186 2373 1260 2405 Scio
1274 2383 1365 2415 quam
1375 2384 1388 2412 ‚·
1410 2374 1495 2406 Mss.
1510 2374 1602 2407 Pith.
1619 2378 1656 2407 et

199 2416 295 2450 Rem.
311 2426 393 2450 vero
409 2417 559 2449 habeant
574 2416 648 2449 Scio
659 2416 756 2457 quid,·
778 2415 962 2448 lectionem
976 2416 1114 2448 Perotti
1124 2417 1196 2458 jam
1213 2417 1294 2449 olim
1311 2416 1543 2458 recipiendam
1559 2417 1655 2457 duxi,

198 2469 273 2501 quae
290 2459 406 2501 placet
417 2460 534 2492 Burm.
547 2464 584 2492 et
599 2463 742 2501 recepta
753 2462 806 2491 est
819 2469 839 2490 a
850 2458 1020 2500 Cuningh.
1035 2460 1120 2492 Tou.
1138 2459 1222 2492 Lall.
1233 2460 1334 2492 Brot.
1346 2459 1458 2492 Desb.
1470 2460 1655 2492 Tzsehnck.

198 2502 340 2544 Langio,
356 2504 400 2535 al.
444 2503 502 2535 lta
518 2502 621 2535 Ovid.
638 2503 728 2534 Fast.
745 2510 794 2534 lv.
810 2504 885 2538 529.
909 2502 918 2519 ‘
936 2502 1019 2533 Dux
1035 2502 1152 2534 comiti
1162 2507 1292 2542 narrat,
1309 2511 1411 2543 qnam
1426 2502 1471 2534 sit
1484 2502 1549 2535 sibi
1563 2501 1653 2535 filins

199 2545 316 2586 aeger,’
327 2546 385 2578 ubi
401 2546 502 2578 etiam
517 2547 595 2588 quod
608 2546 708 2586 vulgo
722 2544 863 2586 legitur,
891 2548 980 2576 teste
994 2544 1113 2576 Burm.
1157 2545 1250 2578 Gud.
1273 2555 1292 2577 e
1313 2545 1408 2578 libris
1423 2545 1563 2587 scriptis.
1586 2555 1655 2578 non

197 2588 314 2631 inepte
331 2590 514 2631 proponit:
537 2588 611 2621 Scio
624 2589 698 2630 quid
711 2588 824 2621 sinoti
841 2597 922 2620 nunc
935 2587 978 2619 sit
991 2589 1176 2620 credendum
1193 2591 1266 2629 tuoe,
1289 2592 1328 2621 ut
1350 2588 1396 2621 sit
1410 2597 1549 2621 sensus:
1573 2589 1653 2621 Seio

850 2706 996 2740 NOTAE

240 2786 258 2813 5
284 2781 414 2821 Reiecta
435 2783 571 2825 νωτιαῖα]
593 2783 711 2816 Vestis
731 2782 838 2816 densa
855 2793 896 2816 ac
951 2783 1132 2815 assumitur
1146 2786 1287 2825 propter
1298 2783 1442 2816 imbrem
1457 2788 1516 2816 aut
1531 2784 1650 2827 frigus»

197 2832 285 2874 vilis,
307 2842 382 2874 quae
408 2843 510 2875 supra
536 2835 685 2868 tunicam
711 2835 745 2867 in
770 2835 893 2868 itinere
1011 2866 1013 2868 .
1153 2852 1157 2857 ·
