1806 3236
241 204 328 248 572

242 310 317 344 Att.
338 309 348 327 ‘
363 309 502 342 Tibicen
517 309 574 342 ubi
595 307 688 341 canit
702 308 821 350 Phryx
837 316 943 340 curvo

242 370 347 403 grave
373 359 524 393 calamo!
569 359 624 392 Sic
649 359 659 376 ‘
683 358 817 391 Fistula
841 358 942 390 dulce

242 410 358 452 cauit:
377 412 442 442 &c-
468 409 552 441 Gud.

286 464 326 494 13
351 460 516 501 Luaimus]
549 460 694 503 Quoque
721 463 774 492 est
800 468 843 492 ex
870 458 944 501 ejus

242 504 315 546 Eci.
343 522 370 544 1.
400 514 453 545 10.
484 511 541 543 ubi
569 511 638 544 ait:
670 510 680 528 ‘
703 510 836 543 Ludere
866 519 941 552 quae

241 563 364 595 vellem
402 561 554 595 calamo?
613 562 816 604 Quanquam
844 561 944 593 simul

240 613 406 655 respiciat
419 613 464 646 ad
481 612 711 645 remissionem
731 613 823 645 illam
841 613 944 645 animi

241 667 306 706 p‘er
340 665 445 697 breve
483 673 633 706 carmen,
665 663 773 706 qualis
804 663 943 706 proprie

240 715 251 732 ‘
266 713 394 747 Ludus'
408 714 598 755 dicebatur,
620 718 656 747 et
671 714 729 756 qui
743 724 783 746 ea
798 714 943 746 uteban-

241 769 310 807 tur,
332 766 342 783 ‘
360 765 524 798 Ludere.’
568 765 657 797 Vide
683 765 774 799 Plin.
794 766 859 806 Ep.
875 774 942 797 vn.

239 819 272 849 9.
296 820 332 848 et
347 826 421 859 quae
438 825 498 848 nos
521 815 654 858 pridem
670 815 703 847 in
721 815 883 858 opusculo
898 815 942 847 de

239 867 348 909 Stylo.
408 866 536 898 Verum
576 866 677 898 aliter
715 865 772 898 hic
807 866 940 898 Faber:

238 917 250 936 ‘
266 916 422 958 Nullibi,’
445 917 509 958 ait,
530 917 540 935 ‘
557 927 630 949 rem
650 916 821 949 infelicius
837 917 944 958 gessit

238 965 454 1000 Schefferus!
477 967 569 1001 Quid
588 968 657 1010 ita?
681 968 692 986 ‘
707 968 810 1009 Nam,
824 970 856 1000 et
869 977 944 1000 sane

239 1017 326 1059 bene,
342 1017 518 1050 concessio
534 1018 665 1050 ironica
679 1021 746 1059 est,
761 1018 851 1061 quod
867 1028 942 1051 sen-

236 1068 305 1100 tire
321 1067 465 1100 debuit:
510 1068 652 1102 Scilicet
674 1079 743 1101 non
771 1070 862 1102 sensi
878 1080 943 1113 ego

237 1119 327 1151 hanc
343 1119 612 1152 concessionem.
656 1120 723 1152 Sed
740 1130 834 1162 num,
860 1121 889 1153 si
903 1125 943 1154 ut

238 1169 326 1211 ipse,
349 1169 399 1202 ita
415 1179 478 1212 ego
494 1179 570 1202 eam
595 1171 698 1214 sensi,
719 1172 798 1205 hinc
823 1181 943 1215 seque-

238 1224 308 1260 tur,
355 1230 430 1252 esse
471 1221 708 1254 retinendam?
767 1223 848 1255 Nou
888 1226 942 1256 est

240 1271 445 1314 quaestiovde
462 1271 619 1304 formulae
633 1273 733 1315 hujus
749 1283 865 1315 sensu,
880 1274 941 1306 sed

239 1322 282 1354 de
300 1332 382 1355 voce
398 1322 483 1355 bene.
530 1322 619 1356 Haec
635 1323 818 1366 ambigitur
831 1333 874 1356 an
890 1334 942 1357 re-

238 1373 342 1405 tineri
358 1373 498 1416 debeat,
519 1384 598 1414 num
615 1384 678 1416 pro
692 1384 734 1406 ea
746 1374 852 1407 scribi
870 1376 940 1409 levi.

236 1423 309 1455 Pro
324 1423 398 1456 bene
419 1428 488 1456 stat
511 1412 620 1456 editio
645 1424 808 1466 Rigaltii3
830 1425 939 1458 incer-

237 1477 326 1515 tum,
339 1484 383 1506 an
398 1474 576 1507 excodice
593 1475 764 1516 Remensi,
779 1485 856 1508 cum
872 1486 941 1509 non

236 1533 351 1566 pauca
385 1525 575 1558 immutarit
614 1525 689 1568 ipse
731 1527 941 1569 conjecturis

238 1575 375 1617 ductus,
397 1579 437 1608 ut
461 1585 505 1608 ex
528 1576 711 1608 collatione
741 1577 860 1618 primm
889 1587 940 1611 se-

237 1626 429 1669 cundaeque
442 1626 600 1659 editionis
610 1626 719 1669 liquet
731 1626 843 1661 facile.
870 1629 940 1661 Pro

237 1673 311 1718 let'n‘,
335 1676 443 1710 editio
466 1677 607 1718 Pithoei,
629 1682 666 1710 et
679 1678 867 1720 virgiliana
888 1688 940 1711 ra·

237 1727 287 1759 tio
310 1727 483 1769 loquendi,
506 1728 604 1770 cujus
633 1729 760 1761 Noster
785 1739 861 1762 esse
887 1739 939 1762 so-

237 1777 289 1809 let
314 1778 565 1811 tenacissimus.
608 1777 665 1811 An
680 1789 751 1811 rem
776 1780 867 1821 gerit
892 1780 940 1812 iu-

235 1826 398 1870 feliciter,
419 1828 477 1870 qui
502 1838 571 1860 non
592 1831 721 1861 temere
745 1839 774 1861 a·
791 1830 938 1862 lectione

236 1878 302 1911 hac
328 1878 482 1911 recedit?
524 1879 592 1911 Sed
619 1880 753 1922 pergit:
778 1884 787 1899 ‘
803 1880 939 1913 Deinde

237 1930 450 1963 existimavit
459 1930 531 1963 lnaec
544 1934 747 1972 argumenta
761 1931 806 1963 ad
820 1931 939 1964 tibiam

239 1980 337 2014 caui?
380 1981 482 2013 Unde
501 1991 578 2014 vero
596 1982 661 2014 hoc
676 1981 720 2014 de
735 1991 789 2015 me
805 1983 940 2015 rescivit

238 2033 375 2065 Faber?
397 2032 468 2074 ubi,
491 2036 551 2065 aut
565 2042 632 2075 quo
647 2032 753 2066 verbo
767 2033 863 2066 dixi?
893 2034 940 2066 Et

237 2084 320 2126 quid
337 2084 474 2126 quaeso?
516 2084 642 2116 Annon
657 2084 763 2126 possis
774 2085 837 2117 hoc
853 2085 940 2126 obji-

238 2143 333 2176 cere,
361 2134 435 2166 sive
471 2134 558 2176 bene,
593 2135 664 2167 sive
694 2136 754 2167 levi
783 2136 940 2178 legatur?

237 2185 362 2228 Itaque
391 2195 512 2218 revera
550 2195 716 2228 nusquam
744 2186 819 2229 (Ita
848 2187 940 2219 enim

237 2237 328 2269 malo
344 2246 419 2279 ego,
435 2246 535 2279 quam
551 2236 561 2254 ‘
577 2236 727 2278 nullibi')
741 2246 814 2269 rem
829 2237 940 2270 infeli-

239 2286 313 2318 cius
338 2287 445 2328 gessit
468 2286 590 2318 Faber.
633 2287 759 2319 Sensus
788 2288 855 2320 loci
883 2288 940 2321 hic

239 2340 313 2369 est:
347 2337 496 2369 Videtur
523 2336 613 2369 haud
643 2336 748 2369 dubie
777 2337 838 2370 tibi
874 2338 939 2370 hoc

239 2387 412 2420 scribendi
427 2397 534 2429 genus
554 2387 709 2428 joculare
735 2391 838 2430 atque
860 2398 939 2421 con-

239 2439 447 2481 temptibile.
491 2440 537 2473 Et
561 2438 731 2482 profecto,
753 2440 841 2472 solet
865 2440 939 2472 haec

239 2499 314 2523 esse
329 2491 541 2523 consuetudo
555 2494 693 2531 nostra3
715 2491 851 2532 quando
874 2500 940 2523 non

239 2541 400 2573 habemus
422 2545 655 2583 argumentum
670 2540 806 2583 aliquod
822 2550 940 2583 grave,

240 2591 283 2624 de
298 2602 364 2634 quo
378 2593 575 2632 scribamus,
596 2591 699 2624 animi
714 2600 814 2624 causa
832 2595 868 2623 et
882 2601 939 2624 ve-

240 2641 304 2675 luti
325 2652 388 2684 per
406 2642 524 2684 jocum
548 2642 616 2674 levi
637 2642 767 2674 calamo
782 2639 941 2684 ludimus,

239 2702 294 2734 ac,
307 2697 447 2734 arrepto
462 2692 579 2734 quovis
589 2692 718 2724 minuto
729 2696 940 2734 argumento,

241 2743 370 2785 aliquos
407 2742 609 2776 effundimus
645 2742 838 2775 versiculos.
895 2742 938 2775 In

240 2803 418 2834 commune
436 2794 601 2838 loquitur,
622 2803 688 2828 non
713 2793 874 2837 privatim
896 2793 939 2827 de

698 212 839 245 NO'rAE
871 212 1139 245 VARIORUM

1173 212 1224 244 IN

992 306 1043 339 his
1055 306 1191 341 fabulis.
1221 307 1297 340 Nisi
1310 307 1411 349 plane
1423 310 1595 341 retentum
1605 306 1692 342 illud

992 358 1069 399 leve,
1091 359 1181 400 quod
1203 363 1257 391 est
1278 358 1314 390 in
1333 358 1521 400 veteribus,
1541 358 1617 402 quis
1631 356 1691 392 ‘ex-

944 422 945 425 ‘
992 408 1122 450 plicare
1137 408 1233 440 malit
1248 417 1323 450 per,
1342 409 1510 442 minutum
1526 408 1639 452 quid-:¹
1653 413 1693 443 nt

994 458 1039 490 sit
1053 459 1169 490 calamo
1183 458 1287 491 ludere
1300 460 1377 501 leve,
1398 469 1523 492 cauere
1549 469 1632 493 rem·
1642 459 1695 494 ‘le'-

991 518 1082 549 vem,
1104 517 1256 550 parvam,
1276 509 1454 542 minutam.
1509 510 1691 544 Quomodo

993 560 1118 593 alicubi
1139 561 1150 579 ‘
1163 561 1298 593 Ludere
1313 561 1415 604 laeta:
1438 561 1583 595 Ovidius
1597 571 1694 596 usur·

993 611 1100 652 pavit.
1155 611 1256 644 Quod
1285 610 1433 644 fortasse
1468 611 1575 646 fuerit
1602 611 1694 655 opti-

992 671 1095 693 mum.
1132 660 1239 701 Sches.
1297 661 1354 694 Ita
1381 662 1589 696 Mantuanus
1618 663 1694 696 olor

993 712 1066 744 Eel.
1080 720 1106 745 1.
1129 712 1140 730 ‘
1154 712 1399 755 Ludere,quoe
1415 713 1693 757 vellemealumo

992 762 1148 804 permisit
1171 762 1320 805 agresti.'
1337 783 1339 786 .
1363 763 1473 796 Lusus
1487 755 1692 808 estiltuqni

993 813 1147 855 puerilis,
1160 814 1217 856 qui
1233 813 1273 846 fit
1288 813 1428 855 calamo,
1442 822 1503 847 seu
1517 813 1693 859 arundine.

993 865 1056 898 Gr.
1079 864 1229 906 Κάλαμον
1243 865 1418 908 ἐπιβαίνειν,
1434 866 1478 899 de
1493 876 1560 909 quo
1575 866 1692 906 Mout-

992 915 1060 947 sius
1083 915 1221 948 Graecia
1245 916 1368 950 Ludib.
1391 926 1472 959 pag.
1486 919 1540 951 22.
1562 916 1693 951 Pms.

1036 968 1077 998 14
1110 967 1294 1007 Diligenter
1322 967 1443 1000 intuere
1467 967 1525 1000 has
1556 967 1693 1010 mnia]

991 1015 1149 1058 Synesius
1173 1018 1343 1060 Προθεωρίᾳ
1362 1017 1461 1059 λόγου
1486 1017 1557 1060 περὶ
1570 1051 1572 1054 ,
1586 1018 1691 1052 dwn-

993 1065 1140 1108 Ἀρχαῖον
1159 1066 1241 1108 οἶμαι
1259 1067 1311 1101 καὶ
1324 1067 1399 1102 λίαν
1411 1068 1618 1111 thamath,-
1633 1068 1693 1102 ὕπὸ

991 1118 1192 1160 προσχήματι
1204 1119 1397 1163 φαυλοτέρας
1411 1119 1580 1154 ὑποθέσεως
1599 1119 1693 1165 κρύπ-

990 1182 1056 1203 τειν
1080 1172 1121 1204 τὰ
1145 1173 1178 1205 ἐν
1201 1173 1369 1216 φιλοσοφίᾳ
1383 1175 1542 1207 σπουδαῖα.
1584 1173 1694 1207 Julia-

992 1231 1055 1254 nus
1081 1222 1171 1264 Imp.
1198 1224 1410 1256 Caesaribus:
1433 1223 1495 1256 Kal
1519 1222 1611 1256 αὐτὸς
1635 1222 1692 1256 οὔκ

990 1271 1130 1313 &vastato
1143 1271 1217 1306 τοὺς
1226 1272 1348 1316 μύθους,
1363 1274 1432 1307 οὑδὲ
1441 1273 1620 1307 mnarum
1631 1272 1693 1314 ἱξε-

989 1322 1093 1355 λαύνω
1106 1322 1180 1356 τοὺς
1196 1323 1289 1366 ὀρθῶς
1311 1323 1456 1366 ἔχοντας,
1471 1323 1628 1363 ἀκόλουθα
1639 1323 1696 1356 σοί

989 1384 1040 1415 7‘9
1066 1372 1145 1415 φίλα·
1157 1375 1203 1414 ⁷⁹⁷⁵
1216 1376 1274 1416 σῷ,
1287 1375 1410 1415 W,
1435 1376 1481 1416 Τᾷ
1503 1372 1692 1416 mm·

989 1434 1061 1455 τωνι
1083 1422 1306 1466 διανοούμενος,
1328 1423 1394 1457 ἐπεὶ
1416 1424 1469 1456 καὶ
1489 1424 1573 1466 αὑτᾷ
1584 1422 1693 1458 πολλὰ

991 1473 1024 1506 ἐν
1036 1472 1139 1514 μύθοις
1155 1473 1375 1507 ἐσπούδασται.
1397 1475 1477 1516 Rn’g.
1571 1494 1575 1497 -
1687 1499 1690 1502 ⁴

1033 1525 1181 1566 Naenias]
1202 1525 1284 1558 Vid.
1301 1525 1344 1558 ad
1357 1524 1502 1558 Praefat.
1516 1524 1576 1558 lib.
1589 1533 1650 1558 ιιι.

1035 1580 1074 1610 15
1101 1578 1260 1615 Quantam
1274 1578 1328 1610 sub
1341 1577 1408 1610 illie
1420 1575 1608 1618 utilitatem]
1628 1576 1693 1619 Sy-

989 1628 1106 1661 nesius
1129 1628 1312 1670 AEgyptio:
1342 1627 1404 1660 Διὰ
1417 1626 1540 1660 ταύτην
1563 1627 1581 1658 ὁ
1600 1627 1693 1667 μῦθος

990 1679 1149 1722 εἴργασται
1163 1678 1237 1721 πρὸς
1256 1677 1296 1711 τὸ
1317 1677 1470 1721 χρήσιμον
1491 1675 1691 1717 ποικιλλόμε-

989 1743 1048 1763 νος.
1094 1730 1312 1772 Aphthonius
1326 1729 1362 1761 in
1376 1729 1495 1771 AEsopi
1506 1728 1596 1760 vita:
1613 1731 1692 1760 Νον-

988 1779 1122 1814 θενικοὺς
1154 1779 1190 1813 δὲ
1220 1779 1272 1812 καὶ
1291 1778 1547 1821 ὠφελιμωτάτους
1575 1777 1692 1819 λόγους

988 1829 1223 1872 συνταξάμενος,
1238 1829 1467 1872 προσενήνοχεν
1487 1828 1530 1861 εἷς
1546 1827 1602 1861 τὸν
1616 1826 1691 1866 βίον

988 1879 1181 1925 προσπλέξας
1193 1881 1318 1922 ἀλόγων
1327 1880 1414 1922 ζώων
1427 1877 1591 1912 κοινωνίαν.
1599 1879 1634 1911 ἐν
1644 1877 1692 1912 ors

989 1932 1151 1975 ἀνθρώπων
1161 1931 1274 1964 σκολιὰ
1286 1931 1364 1974 ἔργα
1375 1930 1428 1964 καὶ
1441 1931 1499 1970 ἤθη
1513 1929 1691 1972 αὐθαίρετα,

989 1983 1041 2016 καὶ
1070 1983 1201 2026 τρόπους
1224 1981 1446 2023 παμποικίλους
1472 1979 1690 2024 προσεικάσω,

990 2035 1025 2067 ἐν
1035 2035 1102 2067 τοῖς
1115 2033 1279 2075 ἑπιμυθίοις
1293 2033 1457 2073 ἐδήλωσεν.
1482 2033 1559 2074 Rig.

1033 2085 1099 2119 Sub
1111 2086 1192 2127 illis]
1216 2086 1259 2119 V.
1275 2086 1315 2119 C.
1330 2085 1425 2118 Pith.
1438 2084 1572 2118 subtilia.
1594 2085 1690 2127 Lege

989 2136 1023 2169 in
1030 2136 1170 2178 fabellis,
1180 2136 1236 2168 vel
1247 2136 1281 2168 in
1292 2137 1414 2176 vilibus,
1424 2139 1463 2169 ut
1477 2145 1593 2179 supra,
1605 2137 1616 2156 ‘
1628 2135 1688 2169 Vi-

988 2188 1039 2220 les
1053 2186 1202 2220 naenias.’
1232 2187 1346 2220 Helm.

1032 2240 1074 2270 16
1091 2238 1164 2270 Non
1174 2247 1293 2278 semper
1303 2247 1339 2270 ea
1353 2241 1437 2279 sunt,
1448 2247 1516 2280 ‹111oe
1528 2236 1689 2278 videntur]

988 2289 1164 2330 Eunapius
1187 2288 1261 2320 vita
1285 2288 1433 2321 AEdesii:
1456 2288 1562 2321 οὕτως
1586 2285 1689 2330 δηρόν

987 2352 1018 2372 τι
1033 2339 1101 2371 ἐστὶ
1113 2340 1158 2379 τῷ
1170 2340 1213 2379 v&
1225 2340 1356 2381 θεωρεῖν,
1377 2338 1429 2371 καὶ
1442 2340 1508 2372 τοῖς
1517 2338 1573 2370 τοῦ
1585 2336 1688 2378 σάμα-

987 2401 1042 2422 τος
1063 2389 1234 2428 ἀπατηλοῖς
1261 2388 1400 2429 ὄμμασιν.
1454 2387 1687 2421 Tertullianus

989 2440 1239 2483 Apologetico:
1284 2441 1294 2458 ‘
1311 2439 1486 2472 Caecitatis
1511 2438 1588 2472 duae
1612 2446 1688 2479 spe-

988 2492 1058 2524 cies
1088 2490 1192 2523 facile
1220 2492 1438 2531 concurrunt,
1461 2492 1512 2529 ut,
1533 2486 1591 2529 qui
1616 2495 1685 2519 non

989 2542 1119 2582 vident,
1145 2551 1221 2583 quae
1250 2543 1341 2579 suut,
1364 2539 1479 2571 videre
1503 2537 1685 2570 videantur

989 2602 1063 2635 quae
1079 2601 1147 2623 non
1167 2590 1266 2623 sunt!
1319 2589 1375 2622 Sic
1387 2587 1571 2628 hominem,
1583 2596 1685 2630 quem

987 2642 1096 2684 prima
1119 2641 1252 2673 ratione
1275 2639 1398 2673 fortem·
1423 2642 1460 2671 et
1484 2647 1686 2680 generosum

986 2696 1100 2735 putes,
1129 2690 1313 2723 secundam
1337 2689 1502 2721 rationem
1527 2688 1556 2720 si
1578 2687 1684 2730 inspi-

987 2744 1071 2783 cias,
1093 2742 1253 2784 ignavum
1275 2744 1311 2773 et
1325 2739 1482 2782 pavidum
1499 2737 1683 2783 judicabis,

986 2794 1134 2836 Elegans
1157 2791 1250 2836 apud
1274 2790 1469 2825 Martialem
1502 2787 1681 2831 ἀπόδεσμα,
