1806 3236
232 197 320 242 334

235 303 329 337 idem
355 302 502 336 Ovidius
528 302 616 335 Met.
643 311 676 334 v.
699 303 751 334 12.
783 300 941 334 absolute

234 354 363 388 ”tinere
374 364 450 396 pro,
460 354 594 386 hastam
603 353 722 396 jacere
735 351 835 386 dixit.
861 351 942 385 Vid-

236 409 274 439 et
289 405 358 438 fab.
370 408 424 438 22.
448 405 563 437 Bur-m.

279 455 432 496 Missum]
454 456 493 487 F.
507 454 691 487 immissum.
702 450 713 458 “
723 453 782 487 Sic
794 457 944 487 erratum

237 511 322 549 puto
338 510 375 538 et
389 506 480 548 apud
497 506 634 538 Celsum
649 505 708 538 lib.
724 514 781 551 rix.
797 507 851 537 12.
873 505 884 523 ‘
902 504 945 537 Iu

237 558 288 590 his
312 561 426 589 autem
453 566 529 589 cnm
564 554 821 596 veteraverunt‚
851 555 946 589 utilis

237 607 345 640 fames
362 616 430 639 non
445 601 526 640 est!
563 606 714 640 Videtur
725 607 816 640 enim
830 607 947 649 legen-

239 659 333 700 dum,
358 668 428 690 cum
447 658 718 692 inveteraverunt.-
741 662 785 696 ut
807 667 888 691 mox
913 667 948 691 c.

238 719 312 752 seq.-
335 709 345 728 ‘
362 709 396 741 Si
410 718 464 741 res
480 708 757 742 inveteraverit?
784 713 822 742 et
843 719 876 742 c.
891 711 948 742 21.

240 759 317 792 eod.
334 759 393 792 lib.
415 760 426 778 ‘
440 758 490 792 At
503 759 531 791 si
547 760 674 792 malum
689 759 951 801 inveteraverit,

239 820 310 842 non
326 810 400 842 sine
414 819 543 852 magna
565 810 721 843 molestia
740 809 948 844 discutitur?

239 861 296 894 SIc
311 864 347 893 et
362 860 398 893 in
421 860 481 894 lib.
498 870 560 894 nn.
584 862 617 903 ς.
642 862 670 895 si
686 862 764 904 quis
778 871 824 894 ex
839 861 952 895 sociis.

240 913 288 945 D.
304 922 368 955 pro
392 912 507 945 socio:
529 913 539 930 ‘
556 917 711 955 sumptus
734 912 793 955 qui
813 912 849 944 in
874 921 951 945 eam

241 963 343 1006 pensi
366 967 447 996 sunt
461 963 482 996 τ’
515 963 653 997 videtur
678 963 874 1007 legendnm,
892 965 954 997 im·

176 1057 178 1059 q
238 1015 342 1057 pensi.
387 1016 501 1048 Taceo
527 1015 595 1048 alia
625 1025 670 1048 ex
698 1015 819 1048 eodem
843 1014 954 1050 fonte.

243 1065 334 1098 Rite.

286 1117 439 1160 Missum]
468 1117 562 1159 Fuge
578 1120 725 1152 mutare.
757 1118 837 1151 Non
858 1127 954 1161 sper-

243 1167 357 1200 nenda
382 1168 461 1201 cod.
484 1169 583 1201 Rem.
609 1169 804 1211 scriptura:
826 1169 955 1203 missum

243 1220 324 1262 quod
333 1219 435 1251 subito
450 1219 524 1252 vadi
541 1220 634 1253 Motu
647 1230 790 1262 sonoque.
819 1220 895 1262 Rig.

290 1270 426 1302 Missum
440 1271 520 1312 quod
533 1270 636 1303 subito
651 1270 756 1312 vadis]
786 1270 954 1307 Rittersh,

244 1321 431 1362 immissum,
459 1320 600 1355 frustra.
633 1331 710 1355 nam
748 1323 826 1364 lege
851 1322 956 1355 subito

244 1371 319 1410 uadi
337 1371 430 1404 Motu
438 1381 580 1414 sonoque,
589 1381 634 1405 ex
646 1373 745 1406 Rem.
759 1373 844 1407 Cod.
853 1383 956 1416 qnam

245 1421 432 1455 lectionem
444 1422 626 1457 confirmat
636 1429 734 1457 vetus
745 1424 959 1467 Anonymus,

246 1473 344 1515 eujus
369 1472 503 1506 fabulas
523 1475 716 1516 nonnullas,
739 1484 785 1508 ex
807 1475 958 1508 Phaedro

246 1533 442 1566 expressas,
456 1524 627 1566 Rigaltius
641 1526 730 1558 notis
746 1525 872 1568 prioris
886 1525 958 1558 edi·

248 1573 351 1607 tionis
374 1574 543 1608 inseruit:
565 1575 576 1594 ‘
592 1576 759 1619 Juppiter
780 1576 860 1609 huic
875 1581 959 1614 voto

247 1625 352 1658 risum
389 1625 502 1668 dedit,
538 1635 621 1659 ansa
655 1626 824 1660 secundas
862 1628 961 1660 Rana

249 1676 540 1718 preces‚subitum
550 1677 699 1712 sensitin
709 1688 808 1712 amne
818 1679 960 1712 sonum?

248 1725 308 1770 Ita
324 1726 372 1758 ibi
393 1727 587 1768 legendum.
631 1729 822 1771 Perperam
845 1729 960 1770 Rigal-

249 1775 317 1807 tius
347 1775 529 1817 ediderat3
566 1778 636 1820 leg.
664 1777 768 1811 inane.
833 1779 960 1811 Sensus

249 1826 390 1869 Phaedri
405 1831 480 1861 est:
504 1829 655 1861 Parvum
679 1829 824 1871 tigillum
845 1839 923 1862 cnm
939 1840 961 1862 a

249 1878 339 1912 Jove
365 1879 471 1912 Ranis
499 1881 711 1923 mitteretur,
740 1881 854 1915 subito
880 1882 961 1915 vadi

250 1934 347 1961 motu
382 1939 535 1973 sonoque
557 1931 686 1964 terruit
713 1932 877 1973 pavidum
902 1940 959 1974 ge-

250 1989 326 2020 nus,
338 1980 423 2022 sive,
437 1985 478 2013 ut
493 1981 760 2023 elegantissimis
769 1983 872 2016 Statii
884 1992 961 2016 ver-

253 2029 306 2074 bis
331 2031 406 2063 haec
434 2041 617 2075 exponam,
638 2033 683 2066 ad
703 2033 856 2067 subitum
883 2033 961 2067 vadi

252 2086 383 2113 motum
412 2092 601 2125 sonumque
629 2085 639 2101 ⁴
660 2084 766 2126 Fugit
793 2085 900 2117 omnis
926 2085 962 2118 in

253 2132 339 2166 imos
367 2134 482 2166 Turba
510 2135 615 2177 lacus,
644 2135 839 2179 viridesque
867 2140 964 2169 metu

256 2183 431 2225 stipantur
445 2185 481 2217 in
497 2184 616 2226 algas?
648 2186 733 2218 (ἔνιά.

301 2234 393 2270 Quod
427 2235 532 2267 subito
567 2235 657 2268 vadis
694 2237 789 2270 Motu
817 2237 965 2280 sonoque]

255 2285 430 2317 Meursius
450 2286 559 2318 Totum
568 2296 685 2319 sonore.
715 2287 818 2319 Prius
830 2298 851 2320 a
865 2289 965 2321 Phae-

257 2335 321 2367 dro
346 2345 422 2367 esse
450 2345 551 2368 reor:
574 2337 646 2369 sive
672 2336 701 2368 is
725 2341 821 2369 motu
844 2338 967 2381 visum,

255 2395 340 2418 sono
370 2386 524 2419 auditum
549 2388 624 2420 vult
648 2388 866 2429 exterritum,
893 2389 966 2421 sive

257 2447 413 2470 caussam
439 2443 477 2470 et
503 2437 664 2471 effectum
686 2439 836 2481 junctim
856 2440 965 2482 ponit.

259 2488 379 2520 Habet
394 2487 499 2521 etiam
515 2493 698 2531 utrumque
710 2488 880 2532 Anonym.
896 2490 966 2523 fab.

258 2541 312 2570 21.
336 2539 469 2572 Prasch.
491 2540 642 2573 Joannes
653 2540 827 2573 Meursius
842 2540 884 2574 V.
896 2541 967 2574 CL.

259 2590 270 2607 ‘
289 2582 562 2632 Rescripserim,'
587 2591 711 2633 inquit,
737 2591 748 2609 ‘
764 2591 892 2623 Totum
914 2600 968 2623 so-

260 2651 344 2674 nore
373 2643 497 2675 terruit
532 2644 694 2685 pavidum
730 2654 837 2686 genus
850 2644 871 2677 :’
907 2644 968 2677 sed

261 2693 345 2724 nihil
375 2703 517 2726 necesse
543 2699 610 2726 est.
647 2694 726 2727 Fab.
764 2695 863 2727 Rem.
891 2695 968 2727 cod.

261 2742 366 2774 habet
388 2744 474 2785 vadi,
490 2744 645 2787 optime:
670 2745 745 2778 vult
764 2745 867 2787 enim,
890 2755 968 2778 cum

700 205 845 238 No‘rAE
877 205 1144 238 VAmoRUM
1179 205 1228 236 IN

990 299 1134 333 daretur
1147 298 1294 337 coelitns,
1310 297 1488 341 delapsum
1499 296 1700 332 connovit-

992 361 1030 384 se
1043 360 1163 393 aquas,
1174 354 1212 383 et
1226 349 1262 382 in
1277 349 1321 382 iis
1336 349 1486 382 edidisse
1500 356 1634 390 nonum,
1647 353 1699 382 nt-

993 412 1060 445 que
1075 403 1126 435 ita
1139 401 1302 434 terruisse
1313 403 1398 433 motu
1411 400 1493 433 vadi.
1517 399 1588 433 Pro
1602 398 1699 432 noo·

992 462 1124 494 sonoque
1146 451 1274 484 frustra
1296 451 1561 498 Gebhardus-et
1582 450 1702 487 Melus

995 502 1078 545 sius,
1106 503 1220 536 Totum
1242 513 1365 544 sonore,
1390 502 1564 545 quodjam
1588 501 1701 535 Faber

995 563 1132 598 quoque
1153 554 1300 587 monuit.
1346 553 1548 591 Buchnerus
1564 562 1706 597 qnoque*

995 605 1089 638 circa
1110 609 1259 638 mentem
1274 605 1449 638 auctoris:
1474 606 1485 624 ⁶
1500 605 1701 638 Motu-sono-

996 667 1053 700 que
1076 656 1177 698 dixit,
1189 665 1266 699 pro,
1281 665 1366 689 sono
1384 660 1510 690 motus.
1539 655 1599 691 lta
1610 657 1702 690 dolor

997 711 1030 740 et
1041 717 1128 740 mens
1147 716 1222 750 pro,
1237 706 1356 739 dolore
1377 706 1500 739 mentis
1517 711 1704 750 usurpatur

998 758 1171 792 Horatio!
1193 758 1463 792 Freinshemius:
1485 760 1495 776 ¹
1508 750 1706 801 Simplfcins

1000 811 1195 853 acciperem
1210 809 1350 842 territas
1363 808 1568 851 decidentis,
1581 808 1707 856 deinde

999 859 1214 903 fluctuantis,
1243 863 1340 894 motu
1369 864 1530 904 tanquam
1555 858 1707 897 viventis

1000 912 1102 954 tigilli
1123 921 1198 945 esse
1220 921 1336 953 ranas,
1349 911 1411 944 sed
1433 915 1471 945 et
1492 921 1590 954 sono,
1600 916 1709 956 quen

1001 962 1207 996 excitaverit
1235 961 1361 995 illisum
1391 960 1512 1005 aquis?
1563 961 1709 1004 Optime

1001 1014 1205 1048 Praschius:
1229 1013 1240 1031 ‘
1253 1013 1356 1047 Motu
1376 1013 1496 1054 visum,
1508 1022 1599 1056 ,sono
1613 1012 1709 1047 andi·

967 1083 973 1090 ›
1001 1070 1074 1100 tum
1085 1067 1160 1100 vult
1169 1063 1516 1106 exterritum.’Schef.
1551 1063 1710 1098 Gebhar-

1002 1117 1066 1150 dus
1081 1116 1258 1160 Crepund.
1281 1125 1340 1151 111.
1354 1119 1407 1150 10.
1445 1125 1514 1150 non
1528 1115 1617 1158 legit
1631 1125 1710 1151 cnm

1002 1169 1157 1203 Meursio
1183 1169 1295 1203 Totum
1315 1178 1435 1211 sonore,
1457 1168 1520 1202 sed
1539 1168 1650 1203 Motus
1661 1177 1711 1202 0⁰-

1002 1230 1099 1260 nore3
1121 1220 1181 1254 sed
1197 1220 1281 1253 vitio
1295 1229 1486 1263 ‘operarum
1507 1219 1638 1252 editum
1661 1218 1711 1252 ibi

1001 1273 1135 1304 sonoret.
1170 1270 1348 1304 Johannes
1372 1269 1527 1303 Clericus
1545 1268 1712 1302 Biblioth.

1004 1322 1124 1354 select.
1140 1325 1223 1353 tom.
1239 1330 1351 1354 xxm.
1376 1331 1411 1363 p.
1424 1323 1501 1355 445.
1517 1324 1557 1353 ut
1577 1319 1715 1353 libidini

1003 1371 1236 1405 maledicendi
1271 1370 1501 1418 satisfeceren
1528 1375 1566 1404 et
1579 1392 1582 1394 -
1594 1370 1712 1412 Hoog-

1003 1423 1152 1457 stratoni
1167 1422 1276 1455 nostri
1301 1421 1462 1455 laudibus
1483 1421 1716 1464 obstreperet,

1006 1478 1043 1507 et
1054 1482 1171 1506 omnes
1178 1473 1286 1506 livore
1294 1477 1332 1506 et
1341 1472 1554 1515 malignitate
1563 1471 1714 1506 criticos

1009 1525 1237 1566 detrectaret,
1250 1525 1340 1558 hunc
1352 1526 1490 1568 qnoque
1509 1525 1624 1558 locum
1637 1524 1717 1558 teti-

1009 1576 1061 1619 git
1071 1587 1081 1618 ;
1105 1576 1168 1609 sed
1182 1575 1267 1609 nihil
1278 1575 1358 1609 novi
1367 1574 1529 1618 afferens,
1537 1575 1716 1610 Remeusis

1010 1631 1144 1661 tantum
1180 1626 1310 1660 codicis
1343 1626 1550 1670 scripturam
1575 1626 1716 1669 probat.

1010 1677 1147 1710 Heinsii
1176 1677 1416 1720 conjecturam
1447 1677 1540 1722 qnod
1566 1677 1716 1720 rejiciet,

1008 1728 1114 1761 facile
1141 1728 1295 1771 ignosco,
1318 1729 1398 1772 quia
1427 1729 1512 1762 vitio
1535 1738 1715 1772 operarum

1011 1780 1090 1813 olim
1100 1779 1244 1820 editum,
1251 1780 1349 1822 quasi
1359 1780 1493 1822 legeret
1502 1780 1718 1821 Motosomre,

1009 1839 1087 1862 cum
1116 1829 1335 1862 scribendum
1361 1832 1455 1861 esset
1480 1829 1567 1861 Moti
1586 1834 1718 1866 ’ωιιονες

1009 1886 1048 1915 nt
1058 1891 1150 1914 nuuc
1157 1880 1349 1914 emendavi.
1371 1881 1483 1914 Recte
1490 1890 1573 1914 vero
1582 1880 1717 1914 Gudius

1009 1932 1111 1965 subito
1136 1932 1314 1974 conjunxit
1338 1941 1416 1965 cnm
1442 1932 1537 1966 Motu
1565 1940 1720 1975 unqu.-

1010 1984 1062 2017 ita
1076 1985 1165 2018 enim
1182 1987 1218 2016 et
1235 1983 1303 2017 Ov.
1317 1984 1412 2016 Fast.
1428 1993 1470 2016 u.
1485 1987 1562 2017 601.
1583 1982 1669 2020 licet
1682 1984 1719 2017 in

1011 2036 1079 2069 alia
1102 2045 1158 2077 >re,
1194 2035 1204 2054 ‘
1232 2034 1319 2067 eum
1345 2033 1461 2068 subito
1488 2037 1590 2067 motu·
1609 2033 1721 2068 nubes

1013 2097 1179 2130 crepuere
1195 2085 1367 2120 sinistrae?
1405 2085 1586 2122 Quomodo
1600 2089 1638 2118 et
1650 2085 1721 2129 legi

1013 2142 1132 2182 posset
1155 2138 1278 2171 eodem
1302 2137 1405 2178 libro,
1426 2139 1502 2170 439.
1538 2136 1549 2154 ‘
1565 2137 1720 2171 Cumau-

1013 2189 1088 2221 bito
1107 2193 1204 2221 motu
1219 2192 1393 2221 tremuere
1414 2187 1592 2221 cacumina
1605 2186 1722 2220 silvae!

1015 2239 1197 2272 Richterus
1213 2249 1346 2282 qnoque
1370 2239 1406 2271 in
1428 2238 1618 2281 specimine
1637 2237 1723 2270 Ani-

1014 2290 1127 2322 madv.
1161 2289 1320 2323 Criticar.
1351 2299 1385 2331 p.
1401 2291 1456 2322 63.
1485 2289 1572 2330 legit
1593 2288 1722 2320 missum

1014 2342 1094 2382 quod
1105 2340 1207 2373 subito
1227 2340 1289 2372 levi
1309 2340 1404 2372 Motu
1423 2348 1573 2381 sonoque.-
1594 2337 1655 2370 sed
1677 2347 1722 2370 au

1014 2391 1124 2424 leviter
1135 2391 1275 2424 mittere
1289 2390 1378 2423 solet
1390 2389 1532 2432 Jupiter
1545 2397 1589 2420 ex
1611 2388 1721 2420 coelo?

1016 2442 1072 2474 vel
1087 2452 1142 2483 au,
1155 2443 1233 2474 levis
1242 2441 1271 2474 si
1287 2444 1398 2473 motus
1411 2439 1548 2480 fuisset,
1561 2446 1648 2480 opus
1662 2436 1722 2469 ad-

1017 2493 1100 2526 dere
1140 2503 1226 2534 sono,
1262 2501 1330 2535 quo
1375 2493 1526 2524 terreret
1559 2488 1721 2531 pavidum

1017 2543 1145 2584 genus?
1174 2553 1235 2575 nos
1257 2541 1396 2584 scriptis
1426 2541 1574 2583 propius>
1590 2539 1647 2572 hic
1672 2539 1722 2572 in·

1015 2593 1214 2625 haerendum
1243 2598 1415 2635 putamus,
1443 2590 1532 2623 unde
1557 2589 1641 2622 nihil
1665 2589 1724 2622 ab·

1017 2643 1112 2675 surdi
1128 2653 1243 2675 sensus
1259 2643 1341 2675 oriri
1357 2644 1483 2684 potest.
1518 2641 1634 2673 Burm.

1062 2698 1104 2727 16
1148 2695 1290 2726 Menum
1321 2692 1413 2733 limo]
1461 2691 1550 2724 vadi
1577 2691 1722 2724 scilicet.

1019 2746 1129 2779 Porro
1151 2755 1285 2778 mersum
1306 2754 1381 2786 pro,
1403 2743 1610 2784 demersum,
1632 2743 1722 2776 sicut
