1806 3236
385 230 587 263 rnAEnm
622 230 732 263 nn.
763 230 1070 264 AEsopmaum
1106 232 1202 264 mn.
1235 233 1265 263 1.
1297 222 1339 264 l.

121 324 272 365 Illum·
281 325 509 370 spanhemius
521 327 566 361 ad
579 327 834 370 Callim.Hym.

121 378 161 412 in
174 377 297 413 Cerer-
314 380 372 412 68.
394 379 574 413 Claverius
590 380 632 413 ad
649 381 762 413 Persii
777 382 836 413 Sa-

122 434 194 474 tyr.
210 438 268 464 ιιι.
284 429 319 480 in
333 429 416 472 fine,
430 430 473 464 de
487 431 599 465 Furiis
615 432 723 475 capit,
742 432 834 476 quod

121 491 167 520 οι
190 481 271 515 hnic
295 481 374 516 loco
399 482 583 516 conveniat
604 483 733 517 nescio.
779 483 835 516 De

123 531 183 569 ιω·
204 532 338 571 Senec-
360 533 501 577 Tbyest.
522 537 596 567 171.
624 536 634 552 ‘
652 535 731 568 Qua
755 543 835 568 cum

122 584 298 628 medan
321 585 461 627 sanguis
492 589 530 618 et
556 585 668 628 igneis
695 585 837 618 Exarsit

121 633 286 670 facibus!
309 636 385 680 Ego
401 640 515 669 tamen
522 635 620 676 fauce
633 635 787 679 improba,
800 635 836 668 id

123 690 192 729 eat,
200 684 400 728 insatiabili,
414 688 572 731 praetuli.-
610 687 669 721 Ita
683 687 776 722 enim
791 686 837 720 de

123 738 226 782 Ionon
251 739 432 782 Virgilius,
460 745 498 773 et
523 740 667 782 Statius,
693 749 838 784 quornm

123 790 202 830 loca
237 790 387 824 adduxit
414 790 563 833 audiun,
590 791 712 835 quibus
747 791 839 824 adde

124 842 258 877 Ine-n.
271 852 324 877 vn.
337 845 415 878 55⁸.
429 844 440 862 ‘
456 843 665 887 Mol-susque
680 843 838 886 luporum

126 893 322 938 Exspectat
342 894 444 928 siccis
465 902 610 938 raptura
634 905 655 928 e
681 894 839 928 faucibus

126 945 248 981 artus!
281 947 330 980 Et
355 945 400 980 de
421 946 481 980 sili
506 947 646 980 Luci-et.
669 955 721 980 ιν.
741 949 840 980 1018.

124 997 136 1016 ‘
149 997 296 1032 Flumen
327 997 413 1032 item
440 997 574 1041 sitiens,
606 1002 669 1032 aut
705 997 839 1031 fontem

126 1055 276 1094 propter
288 1059 458 1084 amoenum
485 1049 646 1092 Adsidet,
666 1054 704 1083 et
728 1054 840 1083 totum

125 1111 238 1145 prope
285 1100 446 1136 faucibus
491 1105 644 1145 occupat
680 1100 840 1136 amnem-⁹

133 1227 140 1232 -
169 1205 255 1242 Fax
266 1203 426 1247 inproba]
442 1203 561 1238 Nolim
571 1204 756 1248 quicquam
767 1214 841 1237 mu·

125 1258 205 1293 tari·
227 1256 406 1291 Canen-ar.
419 1255 431 1275 ‘
438 1256 558 1299 fron-vo
571 1257 668 1290 vultu
683 1261 720 1289 et
735 1256 842 1289 mina-

126 1307 226 1343 cibus
241 1305 381 1341 verbio:
425 1306 511 1341 Face
531 1307 686 1350 improba,
709 1308 762 1340 ira
778 1308 841 1340 im-

127 1359 249 1405 proba.
285 1358 388 1395 Pers.
413 1358 490 1393 Sat.
522 1367 581 1393 ιιι.
605 1359 616 1377 ‘
632 1358 735 1392 Nunc
762 1358 842 1392 face

127 1411 310 1455 supposita
344 1409 511 1444 fervescit
540 1411 692 1453 sanguis,
721 1413 760 1443 et
789 1410 842 1443 ira

126 1455 332 1499 Scintillam
341 1461 456 1496 oculi:
475 1461 658 1495 Lucretius
669 1471 727 1495 ιιι.
738 1462 748 1480 ‘
762 1462 842 1496 Nec

125 1513 230 1551 ninia
246 1513 315 1548 irai·
327 1512 388 1546 fax
402 1522 553 1556 unquam
571 1513 712 1547 subdita
729 1515 844 1556 percit

128 1563 301 1599 Fumida:
322 1563 444 1599 Idem:
459 1563 544 1597 ‘Est
556 1564 661 1597 etiam
677 1565 773 1598 calor
783 1565 844 1598 ille

130 1615 258 1658 animo,
270 1623 374 1659 quem
389 1615 494 1649 sumit
514 1615 552 1648 in
573 1615 646 1656 ira3
670 1615 758 1649 eum
772 1615 844 1650 fer-

129 1666 248 1708 visdt,
260 1669 299 1699 et
313 1675 358 1699 ex
371 1666 484 1700 oculis
505 1666 614 1700 micat
635 1666 776 1701 acribus
790 1678 844 1701 ar-

128 1715 218 1759 dor:
228 1719 296 1751 &c-
319 1717 414 1751 Hine
428 1717 520 1759 irati,
531 1718 651 1751 incensi
661 1723 699 1752 et
710 1720 844 1753 accensi.

129 1768 304 1803 Phedrus
319 1768 380 1802 lib.
394 1778 454 1803 ιιι.
470 1770 489 1809 ‘,
498 1769 668 1803 Incensus
682 1769 741 1802 ille
758 1770 846 1803 falso

132 1820 250 1854 ιιιοιίι
264 1818 434 1855 crimine?
478 1820 601 1855 Idem:
617 1822 628 1840 ⁴
643 1822 775 1856 Rursus
788 1823 846 1856 ad-

129 1877 228 1915 mota
240 1882 347 1916 prece
369 1872 530 1908 Accensa
548 1875 751 1917 magisestss
786 1875 845 1908 Se-

133 1933 224 1958 neca
238 1923 282 1959 de
297 1923 371 1967 lta,
392 1933 420 1958 ι.
435 1924 534 1967 signa
548 1925 770 1961 irascentium
786 1936 846 1959 no-

132 1980 197 2012 tat.
209 1977 221 1995 ⁶
233 1975 402 2019 Flagrant
411 1980 448 2010 et
461 1975 593 2010 micant
605 1977 708 2019 oculi,
717 1978 848 2010 multus

133 2037 194 2065 ore
215 2030 293 2061 toto
319 2026 437 2069 rubor,
459 2032 676 2061 exaestuante
701 2028 746 2060 ab
771 2028 849 2062 imis

134 2078 338 2121 praecordiis
352 2079 541 2121 sanguine-⁹
564 2078 740 2120 Arnobius
756 2080 847 2113 Adv.

135 2129 183 2165 G.
198 2138 226 2163 ι.
239 2129 251 2148 ‘
265 2129 407 2174 Elquid
422 2139 505 2172 ergo
519 2130 677 2173 sequitur
690 2140 851 2164 necessa·

135 2181 200 2224 rio,
215 2181 282 2215 nini
299 2185 338 2215 nt
352 2191 398 2215 ex
412 2191 530 2215 eorum
553 2181 738 2215 luminibus
762 2182 851 2216 scin-

137 2233 222 2268 tina
237 2232 402 2274 emicent,
426 2231 574 2266 flammoe
600 2237 764 2274 aestuent,
790 2243 851 2278 anf

135 2284 253 2318 belum
269 2289 394 2327 pectus
409 2284 570 2327 spiritam
579 2283 693 2326 jaciat
716 2294 761 2317 ex
776 2294 850 2326 ore,

136 2339 175 2369 et
187 2345 233 2368 ex
248 2335 362 2369 verbis
376 2335 580 2369 ardentibus
602 2335 770 2368 labiorum
785 2336 851 2368 sic-

89 2377 99 2388 ’
137 2386 227 2420 citu
254 2386 481 2420 inalbescat?
527 2387 650 2429 Vin-gil.
679 2388 757 2420 AEn.
782 2396 850 2420 111.

134 2441 145 2458 ‘
162 2439 320 2481 'reteque
348 2438 502 2471 ardentis
529 2437 574 2471 ab
595 2447 657 2471 ore
682 2438 851 2471 Scintillae

137 2489 326 2526 absistunt.
341 2489 448 2523 oculis
463 2489 569 2523 micat
583 2489 720 2523 acribus
737 2489 852 2532 ignis!

138 2541 255 2575 Recte
269 2545 387 2574 autem
402 2541 574 2574 Phaedrus
590 2541 707 2583 lupum
727 2541 854 2574 iratum

139 2591 253 2634 fingit,
265 2602 334 2635 qno
346 2592 582 2625 scelestiorem
602 2591 747 2625 indicet.
790 2593 855 2625 Lu·

139 2653 206 2686 pus
228 2643 321 2677 enim
350 2644 460 2677 iratus
497 2644 605 2685 magis
638 2645 756 2686 Lupus
787 2649 853 2678 est.

140 2694 298 2728 Seneca:
345 2695 355 2713 ‘
374 2695 517 2728 Nullum
546 2701 602 2729 est
630 2696 755 2728 animal
785 2702 854 2729 tam

141 2746 365 2788 horrendum,
385 2751 525 2789 tamque
549 2748 776 2789 perniciosum
795 2758 854 2780 na-

145 2801 237 2837 tura,
251 2802 291 2830 ut
313 2807 381 2830 non
404 2802 575 2840 appareat
600 2799 636 2831 in
659 2799 731 2839 illo,
754 2799 781 2831 si
805 2799 856 2832 ira

143 2847 283 2891 invasit,
294 2857 392 2881 novae
403 2847 555 2882 feritatis
571 2850 748 2883 accessio?
776 2851 855 2884 Quo

1513 188 1602 265 32³

884 327 1039 371 pertinet
1068 327 1300 371 Virgilianum
1328 328 1435 362 illud:
1469 329 1480 348 ‘
1498 333 1535 363 et
1562 340 1600 363 se

884 380 1030 413 suscitat
1054 378 1129 413 ira!
1171 380 1299 413 Verior
1314 384 1432 413 tamen
1449 380 1530 413 mihi
1555 382 1602 413 vi-

885 431 989 465 detur
1009 431 1185 474 scriptura
1207 431 1388 465 Remensis
1401 441 1410 465 ε
1424 430 1525 472 fauce
1541 432 1601 464 im-

881 484 992 527 probet.
1029 484 1106 527 Rig.

929 537 1035 570 Face
1047 533 1206 579 improba]
1235 534 1344 568 varie
1372 534 1465 568 hunc
1487 535 1602 568 locum

887 591 1071 621 tentarunt
1085 587 1162 620 Viri
1184 586 1324 620 eruditi.
1360 587 1603 629 salmuriensis

887 634 1072 682 Magister,
1101 642 1283 682 postquam
1312 638 1538 671 Rittershusii
1565 643 1604 672 et

887 690 1043 734 Scioppii
1059 689 1225 723 ‘infelices
1250 690 1470 732 conjecturas
1497 699 1603 722 anno-

888 747 1010 784 tasset,
1022 741 1164 776 tandem
1179 741 1295 775 addit:
1313 742 1323 759 ‘
1338 741 1510 784 Rigaltius
1521 741 1603 774 olim

887 795 974 840 legit
979 795 1057 836 face
1071 794 1225 838 improba,
1247 804 1311 837 per
1324 794 1433 834 facem
1447 794 1536 826 iram
1552 794 1605 827 in-

888 846 1062 889 telligens,
1077 845 1169 889 quod
1193 844 1332 878 minime
1355 844 1506 878 omnium
1529 855 1609 888 pro-

888 897 992 932 bem!
1029 897 1122 930 Vide
1136 897 1282 931 hominis
1291 896 1484 941 judiciium
1507 897 1607 930 mini-

888 959 944 982 me
963 949 1113 982 omnium
1136 946 1276 991 probat,
1298 947 1390 991 quod
1412 953 1509 981 certe
1532 959 1605 991 proe

888 1000 940 1033 his
952 1000 1028 1033 aliis
1043 999 1257 1042 conjecturis
1281 1000 1430 1032 maxime
1454 1000 1607 1032 omnium

889 1051 1108 1085 merebatur:
1138 1051 1221 1095 quid
1244 1051 1337 1084 enim
1352 1051 1511 1084 Latinius
1537 1053 1608 1085 dici

890 1103 1031 1145 potest?
1053 1101 1111 1136 Sic
1124 1103 1228 1145 plane
1243 1102 1403 1134 Valerius
1419 1102 1477 1135 ille
1493 1103 1607 1135 Maxi-

890 1155 1053 1195 mus‚,lib.
1067 1163 1150 1188 vm.
1165 1156 1220 1187 14.
1243 1153 1395 1186 Phaedro
1410 1152 1608 1196 σύγχρονοςε

889 1207 900 1225 ‘
917 1206 1079 1239 Animum
1104 1206 1178 1248 ejus
1202 1205 1387 1238 Marathon
1403 1209 1440 1238 et
1462 1205 1609 1239 Salamis

892 1258 1010 1291 tacitis
1025 1256 1162 1290 facibus
1179 1256 1400 1289 incitabant!
1429 1257 1476 1289 Et
1491 1257 1554 1290 lib.
1572 1266 1610 1290 V.

892 1319 924 1343 c.
947 1312 980 1343 ⁷.
1004 1310 1015 1328 ⁶
1033 1309 1207 1342 Novercae
1231 1308 1448 1341 Stratonices
1474 1307 1611 1341 infinito

893 1371 1011 1395 amore
1038 1365 1223 1404 correptus
1252 1369 1386 1392 memor
1414 1370 1515 1402 quam
1545 1360 1613 1393 im-

892 1413 1008 1456 probis
1019 1412 1153 1446 facibus
1167 1410 1332 1444 arderet?
1354 1411 1456 1444 Pers.
1467 1411 1541 1445 Sat.
1553 1420 1612 1445 ιιι.

892 1465 902 1483 ‘
920 1465 1024 1498 Nunc
1038 1463 1146 1505 face‚'
1162 1465 1228 1496 &m
1275 1462 1371 1495 Zeno
1386 1462 1611 1501 Veronensis,

891 1516 902 1534 ‘
919 1515 1132 1549 Praedonum
1156 1513 1265 1547 corda
1289 1512 1368 1546 face
1392 1512 1510 1546 furiali
1536 1523 1613 1546 suc-

895 1566 1022 1601 censa!
1058 1565 1237 1600 Palladius
1259 1565 1356 1599 Julio
1369 1565 1437 1598 Tit.
1453 1573 1506 1598 ιν.
1531 1565 1542 1583 ‘
1559 1566 1611 1598 Ut

895 1618 1007 1652 facem
1025 1617 1177 1651 libidinis
1201 1621 1327 1659 augeat
1351 1616 1472 1649 dilatio
1491 1617 1612 1659 volup-

896 1670 1005 1704 tatis!
1023 1671 1166 1703 Lucret.
1183 1669 1193 1687 ‘
1206 1667 1265 1701 fax
1277 1668 1361 1701 irai!
1384 1669 1502 1700 Valer.
1515 1668 1614 1702 Flac.

894 1721 956 1754 lib.
973 1730 1032 1755 ιιι.
1052 1720 1064 1739 ⁸
1079 1720 1138 1753 fax
1154 1719 1249 1753 odii?
1280 1718 1403 1752 Claud.
1419 1718 1555 1752 Stilich.
1571 1728 1615 1752 ιι.

896 1774 906 1792 ‘
924 1771 1062 1806 facibus
1078 1771 1244 1814 pudoris!
1276 1771 1353 1804 Fax
1367 1770 1474 1813 igitur
1489 1774 1544 1802 est
1561 1779 1618 1802 ac-

897 1824 1060 1867 cipienda
1075 1833 1139 1867 pro
1155 1823 1293 1864 ardore,
1307 1821 1464 1864 fervore,
1487 1827 1525 1855 et
1549 1832 1613 1865 pro

898 1886 953 1918 eo,
969 1875 1060 1918 quod
1082 1875 1171 1917 ignis
1192 1874 1301 1906 instar
1328 1874 1488 1907 accendit
1509 1880 1614 1916 atque

898 1928 982 1960 urit.
1022 1928 1104 1960 Tale
1119 1932 1174 1959 est
1189 1926 1224 1958 in
1237 1925 1421 1958 affectibus
1436 1926 1541 1958 animi
1558 1936 1616 1958 cu-

899 1978 1026 2021 piditas
1042 1977 1175 2019 glmiae,
1190 1977 1255 2018 ira,
1270 1986 1380 2018 amor,
1395 1975 1504 2013 furor,
1527 1981 1564 2008 et
1581 1976 1615 2008 iu

899 2028 1054 2070 corporis
1070 2027 1324 2060 sustentatione
1347 2037 1470 2068 magna
1493 2026 1616 2068 fames,

901 2090 979 2122 quae
1005 2079 1102 2120 ignea
1125 2078 1264 2112 dicitur.
1313 2078 1460 2113 Quintil.
1488 2079 1616 2111 Decla-

901 2134 985 2163 mat.
1002 2139 1072 2163 111.
1098 2131 1107 2147 ‘
1119 2129 1309 2172 Postquam
1330 2139 1465 2162 omnem
1482 2130 1618 2172 patien-

902 2181 986 2214 tiam
1010 2181 1145 2214 vicerat
1179 2180 1281 2222 ignea
1304 2179 1438 2214 fames!
1493 2181 1617 2214 Talem

902 2232 1030 2266 famem
1058 2232 1218 2275 apposite
1236 2231 1345 2272 facem
1372 2233 1531 2266 dixisset.
1559 2244 1619 2266 ne-

901 2294 968 2328 que
984 2284 1104 2328 etiam,
1118 2285 1153 2316 in
1170 2294 1239 2326 quo
1253 2284 1365 2317 Faber
1378 2283 1527 2326 fallitur,
1542 2286 1618 2319 haec

903 2335 1052 2378 Rigaltii
1083 2334 1299 2376 conjectura,
1327 2334 1388 2367 sed
1411 2335 1518 2368 lectio
1540 2335 1620 2368 libri

903 2387 1092 2420 Pithoeani.
1138 2385 1208 2418 Sed
1237 2394 1427 2429 quanquam
1453 2386 1529 2419 haec
1559 2386 1619 2418 Pi-

903 2440 988 2472 tboei
1015 2438 1121 2471 lectio
1151 2441 1188 2470 et
1214 2437 1315 2469 valde
1344 2437 1468 2470 Latina
1490 2442 1554 2476 cst,
1583 2442 1619 2470 ct

903 2491 972 2523 Ms.
997 2490 1072 2532 ejus
1103 2488 1168 2520 niti
1190 2487 1365 2526 videatur,
1392 2488 1474 2520 mihi
1502 2494 1618 2520 tamen

905 2541 1023 2584 placet
1039 2539 1124 2572 illud
1141 2549 1184 2571 ex
1202 2539 1301 2570 Rem.
1319 2539 1395 2571 cod.
1421 2550 1441 2571 a
1469 2540 1620 2582 Riganio

906 2589 1202 2634 vulgatum‚sauce
1216 2589 1369 2631 improba.
1411 2589 1514 2630 Nam,
1531 2600 1620 2632 prae-

906 2647 1063 2685 terquam
1078 2641 1168 2684 quod
1183 2650 1301 2672 sensus
1318 2640 1453 2672 nativus
1470 2646 1507 2672 et
1519 2651 1622 2673 sanus

907 2699 972 2734 est,
988 2704 1055 2726 non
1070 2692 1213 2724 dubium
1233 2690 1311 2722 mihi
1335 2695 1403 2731 est,
1419 2691 1501 2732 quin
1518 2691 1621 2723 Phae-

907 2747 989 2778 drus
1006 2746 1079 2777 lnaec
1102 2743 1258 2775 scribens
1275 2742 1308 2772 in
1325 2747 1441 2774 mente
1461 2742 1622 2775 habuerit

907 2797 1045 2839 Virgilii
1072 2796 1124 2828 sui
1155 2795 1250 2825 inum
1283 2794 1395 2825 locum
1418 2803 1462 2825 ex
1490 2794 1621 2826 Aliun-

907 2851 916 2868 ‘
936 2850 1106 2891 Raptores
1133 2853 1208 2879 atra
1239 2846 1272 2877 in
1298 2846 1438 2886 nebula,
1453 2856 1537 2888 qnos
1560 2846 1622 2878 inx-
