1806 3236
294 204 500 242 rnAEmu
532 206 642 240 nun.
675 202 982 241 AEsomARuM
1014 208 1114 239 mn.
1148 207 1213 238 iv.
1244 196 1317 239 22.

119 302 232 346 cte-o]
265 302 423 337 Imitatio
446 303 649 346 virgiliana.
697 304 788 337 Nam

76 353 184 398 poeta
196 354 249 387 sie
268 353 398 396 Θεοῖς.
412 363 472 388 ιιι.
487 354 532 387 de
549 359 668 388 tauro:
694 355 704 373 ‘
722 355 790 387 Ex-

0 408 4 416 ²
75 404 275 448 trono-qne
290 404 360 438 ciet
376 405 550 448 gemitus!
574 406 680 446 Schef.

117 457 141 489 2
163 455 390 499 Empectatio]
406 455 465 490 Sic
479 457 670 499 loquuntur
685 457 721 489 in
738 466 789 498 re,

76 515 239 550 mugnum
268 509 307 540 et
333 508 596 541 memorabilem
628 513 791 541 eventum

77 557 251 593 habitura.
297 559 394 593 Curt.
410 569 468 593 ιιι.
483 570 515 593 c.
530 563 561 593 l.
584 562 595 580 ‘
609 561 712 594 Circa
723 560 792 594 Re-

78 619 159 654 gem
174 614 252 644 erat
266 610 458 660 Phrygum·
471 612 586 655 turba,
611 617 792 656 exspecta-

78 661 176 696 tione
199 662 388 706 suspensa!
433 663 537 698 Corn.
561 664 655 707 Nep.
680 663 793 699 Alcib.

77 722 147 748 vu.
161 713 182 753 ,ι
196 714 314 748 Tanta
327 713 397 748 fuit
410 714 560 748 omnium
578 716 794 759 exspectatio

79 765 215 803 visendi
230 764 436 808 Alcibiadis,
465 771 505 800 nt
531 767 576 800 ad
600 768 677 810 ejus
692 768 794 801 trire-

79 826 172 852 mem
187 818 310 861 vulgus
324 816 521 852 conflueret
537 819 683 862 perinde
704 829 745 853 ac
767 819 796 852 si

80 871 173 906 solus
185 870 406 906 advenisset!
429 870 535 912 &lutf-

123 926 149 958 8
168 923 215 959 At
229 923 302 967 we]
322 923 384 958 lta
397 923 502 957 babet
517 923 641 957 ultima
653 924 796 966 Rigaltii

81 974 205 1018 editio,
219 974 334 1010 Paris.
349 974 419 1009 An.
434 978 532 1011 1630.
549 985 689 1009 excusa.
719 976 796 1008 Pri-

80 1036 158 1063 ores
172 1036 311 1061 versum
337 1027 429 1061 bunc
449 1027 627 1062 habebant
647 1027 797 1061 divisum

82 1078 119 1112 in
134 1077 234 1121 duos,
250 1078 400 1122 adjectis
416 1079 607 1125 asteriscis,
631 1082 797 1122 tanquam

83 1129 167 1173 quid
193 1129 333 1164 deesset
357 1130 558 1175 unicuique.
603 1131 646 1164 Id
674 1140 798 1173 perpe-

82 1190 157 1215 ram
169 1179 305 1215 fectum
319 1181 427 1216 etiam
447 1182 503 1216 Cl.
519 1182 717 1215 Gronovius
739 1182 799 1215 ob-

84 1232 239 1268 servavit
263 1233 299 1266 in
320 1233 390 1267 suis
403 1233 448 1267 ad
463 1243 517 1267 me
531 1234 674 1276 litteris,
697 1238 734 1267 et
749 1234 799 1267 sic

76 1284 295 1330 Jnngendum
335 1289 518 1328 utrumque
547 1285 696 1324 censuit.
755 1285 799 1318 In

85 1337 175 1372 edit:
193 1336 416 1371 Rittershusii
437 1341 519 1370 ante
534 1337 595 1370 illa
611 1336 730 1378 verba,
753 1336 800 1370 At

84 1390 139 1425 iae
160 1399 287 1424 >innarenn
313 1388 452 1433 peperit,
475 1388 691 1432 praemissum
722 1387 802 1430 fuit,

83 1441 233 1485 «justine
254 1444 397 1484 pareret,
420 1440 512 1484 quod
535 1440 662 1474 merito
685 1439 802 1482 Rigal-

86 1494 156 1528 tius
182 1493 317 1538 abjicit,
347 1492 612 1536 rectissimeque
636 1491 802 1525 Heinsius

87 1555 132 1579 ex
142 1546 273 1589 glos-s,
293 1554 362 1589 qun
382 1544 460 1589 quis
480 1544 567 1578 illud
591 1543 804 1578 antecedens

87 1598 99 1617 ‘
114 1595 351 1641 exspectatio’
384 1595 636 1639 interpretatus
677 1594 805 1637 fuerat,

89 1653 207 1683 natum
228 1647 430 1682 arbitratur.
453 1647 561 1688 Senes.

132 1702 180 1735 At
193 1700 248 1734 ille
262 1710 384 1733 murem
394 1699 536 1743 peperit]
552 1699 594 1732 In
607 1700 721 1742 prima
735 1699 806 1733 edi-

88 1753 184 1788 tione
206 1752 352 1796 Rigaltii
380 1752 436 1786 hie
460 1761 580 1785 versus
608 1752 806 1795 suppletur,

89 1805 180 1850 Quid
193 1804 248 1838 ille
260 1806 408 1847 parent,-
429 1806 465 1836 at
478 1804 589 1837 illem.
600 1814 635 1846 p.
659 1805 751 1847 quod
767 1809 806 1837 et

87 1854 348 1893 Rittersbusins
368 1854 588 1898 approbavit.
633 1854 750 1898 [Adeo
767 1859 806 1888 nt

90 1905 249 1950 diceret:
283 1909 293 1925 ‘
312 1905 434 1939 Suavis
463 1909 518 1938 est
557 1904 627 1942 ista
655 1906 807 1948 gemina·

90 1952 321 2000 tiowffillel]
365 1956 437 1991 Sed
463 1956 578 1990 verius
603 1961 672 1999 est,
700 1957 806 1999 plane

90 2008 393 2052 nibil‘desideraii,
405 2009 434 2041 si
449 2018 518 2041 nno
534 2017 635 2041 versu
651 2009 806 2051 legatur:

92 2061 140 2095 Ae
163 2061 221 2095 ille
243 2069 366 2094 murem
384 2061 521 2104 peperit.
567 2060 642 2105 Hoc
656 2060 809 2104 scriptum

93 2117 143 2149 eut
155 2113 230 2147 eibi.
252 2112 349 2147 Gud.

135 2164 212 2199 Hoc
231 2165 386 2208 seriptum
406 2167 454 2197 est
476 2163 553 2207 tibi]
574 2164 724 2198 Videtur
740 2165 810 2197 tale

93 2216 258 2262 quiddam
274 2217 513 2260 proecessisse:
533 2217 715 2260 Quicunque
728 2216 811 2249 vidit

93 2269 180 2314 (vel,
193 2267 364 2312 inaudiit),
385 2269 480 2302 risit.-
503 2270 560 2302 hoc
578 2280 640 2304 scr.
665 2269 755 2303 Ritt.

138 2324 161 2356 4
184 2322 252 2359 Qui
265 2331 463 2364 magua-cum
478 2321 627 2364 minaris]
643 2320 811 2365 Κατάχρη·

97 2382 148 2407 σιτ
162 2376 218 2406 est
232 2372 272 2413 in
283 2371 391 2406 verbo
403 2373 532 2415 mium-i,
547 2384 625 2417 pro,
639 2375 811 2417 polliceri.

96 2423 149 2457 Ut
177 2422 367 2456 Horatius:
400 2425 411 2441 ⁴
439 2423 549 2468 Atqui
581 2425 696 2458 vultus
737 2430 813 2458 erat

97 2475 209 2509 multa
224 2479 262 2508 et
277 2474 446 2517 preclara
460 2475 647 2509 minantis!
686 2476 728 2509 ld
745 2481 813 2518 est,

97 2525 349 2571 promittentis.
377 2524 495 2570 Atque
507 2527 596 2560 adeo
605 2527 814 2569 promittendi

1462 197 1552 240 643

839 303 980 336 verbum
1007 313 1076 336 non
1101 303 1206 336 aliter
1232 313 1327 347 saepe
1354 307 1552 346 usurpatur.

838 354 1027 387 Petronius
1043 354 1086 387 de
1103 364 1184 387 sene
1200 355 1372 396 Eumolpo
1386 366 1394 387 :
1412 355 1421 372 ‘
1436 355 1553 388 Senex

839 413 960 447 canus,
981 406 1165 439 exercitati
1183 406 1310 447 vultus,
1333 409 1371 438 et
1385 405 1444 450 qui
1462 406 1555 438 vide-

840 460 938 489 retur
961 456 1081 489 nescio
1109 455 1190 500 quid
1218 466 1378 499 magnum
1409 456 1555 498 promit-

841 512 931 549 tere,
954 508 1016 540 sed
1039 508 1136 540 cultu
1160 516 1228 540 non
1251 506 1398 549 proinde
1421 507 1555 549 specio-

841 559 921 593 sus?
967 559 1037 593 Ubi
1052 559 1165 602 accipi
1181 562 1296 601 potest
1309 559 1496 600 promittere
1511 558 1556 591 de

841 612 952 653 vultu,
974 612 1071 655 quasi
1087 611 1161 654 ejus
1176 611 1292 644 vultus
1309 610 1478 652 insignem
1495 609 1557 642 ali-

842 673 945 708 quam
973 663 1204 697 eruditionem
1232 662 1470 705 promitteret,
1492 662 1558 694 hoc

844 720 910 757 est,
933 725 1005 759 prae
1022 725 1060 748 se
1076 714 1198 748 ferret.
1222 714 1312 747 Rite.

889 767 1016 808 Magna
1036 777 1106 799 cum
1131 766 1278 807 minaris,
1300 764 1441 798 extricas
1463 764 1559 808 nihil]

849 817 992 852 Petron.
1022 819 1136 861 Satyr.
1174 817 1380 859 Grandiuque
1411 817 1587 858 indomiti(

850 871 1014 904 Ciceronis
1037 871 1131 903 verba
1152 870 1322 903 minentur.
1365 869 1561 913 Theophyl.

846 923 973 956 Simoc.
988 921 1158 955 Euriades
1169 921 1320 955 Cimoni:
1333 919 1563 962 Ἐπαγγέλλεις

830 1003 836 1019 ,
847 975 969 1017 πολλὰ,
984 974 1036 1008 καὶ
1051 973 1195 1018 πράττεις
1205 973 1314 1015 ὀλίγα,
1325 973 1377 1006 καὶ
1387 973 1447 1013 τὴν
1457 976 1563 1016 ’γλῶτ-

847 1040 908 1061 ταν
923 1026 1008 1069 ἔχεις
1023 1025 1218 1069 ὑψηλοτέραν
1234 1027 1293 1066 τῆς
1311 1025 1459 1069 πράξεως.
1483 1026 1564 1067 Rig.

894 1078 1064 1121 Extricaa]
1088 1078 1131 1111 Id
1147 1083 1215 1120 est,
1230 1079 1392 1120 absolvis,
1415 1076 1566 1121 perficis,

850 1130 1010 1174 expedis,
1031 1129 1147 1176 κυρίῳς.
1173 1130 1259 1163 Gaul.

892 1186 914 1216 6
946 1182 1106 1225 Mimrie]
1141 1182 1183 1215 Id
1211 1187 1278 1224 est,
1315 1192 1389 1225 prae
1415 1187 1454 1216 te
1483 1181 1568 1224 fers,

851 1235 1039 1277 polliceris,
1055 1234 1186 1276 jactas,
1199 1236 1266 1268 &c.
1290 1238 1346 1267 est
1362 1239 1478 1268 autem
1492 1234 1568 1268 imi-

851 1285 938 1319 tatio
950 1286 1143 1319 Horatiana
1155 1297 1163 1318 ε
1181 1290 1190 1304 ‘
1203 1286 1317 1319 Multa
1326 1290 1363 1319 et
1374 1286 1498 1330 pulcra
1509 1285 1570 1319 mi·

851 1337 1020 1371 nantem!
1051 1338 1098 1371 Et
1111 1337 1210 1379 alibi,
1223 1338 1233 1355 ‘
1243 1336 1354 1381 Atqui
1366 1338 1482 1371 vultus
1491 1342 1570 1371 erat

852 1391 1020 1433 preclara
1034 1394 1071 1422 et
1087 1390 1211 1432 pulcra
1227 1389 1413 1424 minantis?
1459 1389 1519 1423 Ita
1533 1394 1571 1423 et

854 1440 947 1484 apud
963 1441 1155 1474 Homerum
1169 1439 1326 1474 Ἀπειλεΐν
1341 1440 1451 1484 (quod
1468 1442 1571 1484 vulgo

853 1492 972 1525 minari
987 1491 1056 1534 est)
1073 1501 1136 1534 pro
1152 1493 1332 1533 καυχᾶσθαι
1342 1492 1501 1534 sumitur,
1513 1502 1573 1525 au-

855 1547 1000 1576 notante
1031 1543 1219 1576 Eustathio
1250 1553 1329 1587 pag.
1360 1546 1456 1577 1602.
1486 1543 1572 1576 edit.

856 1595 1034 1628 Romanae.
1059 1594 1175 1628 Faber.

903 1645 1073 1687 Extricas]
1096 1646 1300 1688 Eleganter,
1325 1650 1363 1679 ut
1377 1650 1480 1679 notet
1494 1656 1575 1689 pro-

857 1696 1009 1729 ducendi
1027 1697 1234 1739 molestiam,
1256 1699 1352 1731 velut
1372 1708 1391 1730 e
1414 1698 1574 1731 vinculis.

858 1747 901 1779 Id
918 1747 1008 1780 enim
1025 1748 1139 1780 innuit
1154 1748 1219 1781 hoc
1236 1748 1392 1791 verbum,
1406 1753 1511 1792 atque
1527 1749 1576 1782 ita

858 1800 1039 1842 usurpavit
1055 1799 1179 1832 iterum
1197 1799 1377 1843 Horatius,
1398 1799 1499 1844 quem
1517 1810 1575 1842 pa-

858 1853 945 1886 riter
961 1851 1028 1893 hic,
1047 1857 1087 1884 ut
1102 1851 1137 1884 iu
1153 1852 1451 1894 praecedentibus,
1463 1852 1577 1885 videri

858 1908 977 1947 potest
993 1904 1160 1937 imitatus.
1196 1904 1255 1937 Sic
1272 1904 1363 1937 enim
1378 1904 1490 1938 Serm.
1503 1905 1577 1942 Sat.

862 1966 888 1991 1.
906 1960 936 1989 1.
959 1957 970 1974 ‘
986 1955 1188 1989 Mercedem
1214 1960 1275 1989 aut
1301 1966 1459 1990 nummos
1486 1956 1578 1990 unde

860 2006 1037 2041 extricat!
1062 2006 1166 2047 Schef.

907 2059 1004 2092 Nihil
1018 2068 1126 2100 agere,
1148 2060 1230 2102 quod
1244 2068 1305 2091 non
1328 2060 1443 2101 prosit,
1456 2059 1580 2100 sabella

862 2109 1001 2152 iudicat]
1026 2110 1181 2143 Omissus
1204 2104 1344 2144 hicest
1372 2121 1492 2144 versus
1521 2113 1580 2146 Ri-

863 2163 986 2206 galtio,
1010 2165 1174 2204 tanquam
1205 2161 1351 2203 inutilis,
1384 2163 1579 2204 praesertim

862 2224 939 2247 cum
955 2214 991 2246 in
1007 2212 1076 2245 fine
1097 2212 1287 2255 explicatio
1309 2211 1444 2246 fabellae
1460 2223 1581 2258 sequa-

862 2271 932 2308 tur,
956 2270 994 2299 et
1008 2265 1053 2298 sit
1068 2264 1128 2298 ille
1144 2265 1233 2307 ipse,
1257 2264 1316 2307 qui
1335 2274 1441 2307 supra
1456 2265 1580 2299 allatus

864 2322 919 2351 est
945 2317 1007 2350 lib.
1036 2326 1094 2350 ιιι.
1129 2326 1207 2359 cap.
1232 2319 1285 2349 18.
1308 2314 1414 2356 Schef.
1459 2317 1581 2359 [Hanc

862 2368 1035 2404 Schefferi
1070 2367 1333 2402 annotationem
1372 2369 1448 2411 ipse
1491 2369 1580 2402 Bur-

864 2433 1008 2456 mannus
1022 2422 1057 2454 in
1073 2421 1169 2454 Edit.
1187 2423 1285 2454 1698.
1310 2420 1355 2453 ad
1371 2421 1505 2454 initium
1522 2431 1581 2454 no-

864 2480 978 2508 tarum
994 2474 1029 2506 in
1046 2483 1117 2517 seq.
1141 2472 1213 2507 fab.
1231 2472 1452 2514 inseruerat]
