1806 3236
198 249 285 293 262
488 261 688 293 PHAEmu
723 260 1034 294 FABULARUM
1066 262 1369 302 AEsoP1AnuM

200 354 392 410 Uterque
410 355 573 410 prodit.
631 355 794 397 Scurra
811 354 1036 411 degrunnit
1052 358 1186 413 prior,

200 422 443 478 Movetque
464 423 670 477 plausus,
685 426 729 464 et
746 423 963 465 clamores
982 426 1185 469 suscitat.

198 490 327 532 Tunc
345 490 555 532 simulans
574 502 672 532 sese
690 490 965 532 vestimentis
987 490 1210 536 Rusticus

200 556 450 599 Porcellum
471 557 687 610 obtegere,
708 556 853 612 (quod
872 557 1066 601 faciebat
1084 561 1272 612 scilicet,
1602 564 1662 607 30

201 623 308 675 Sed,
330 625 376 665 in
396 624 539 678 priore
557 623 661 679 quia.
680 624 740 666 nil
759 631 1074 680 compererant,
1094 626 1263 684 latens)
1309 684 1312 690 ι
1331 642 1336 647 ’

199 778 327 810 subeunt
354 788 487 811 scenam.
539 779 654 811 Scurra
675 767 810 820 grunnit
830 780 964 822 primus,
989 785 1021 813 et
1046 783 1166 814 excitat
1187 777 1425 816 acclamationes
1446 781 1662 826 clauumque.

200 822 285 853 Tunc
293 822 567 865 Ruricolafingens
576 832 608 855 se
617 824 770 856 occultare
778 823 912 856 vestibus
914 825 1082 867 porcellum
1085 848 1096 866 ,
1104 824 1207 868 (quem
1215 836 1325 859 revera
1332 826 1535 870 occultabat,)
1541 827 1666 860 ultim

815 927 933 941 OO‘m
934 928 1052 942 000000

204 1006 247 1039 ad
263 1006 374 1039 ludos.
404 1007 446 1039 In
459 1007 543 1040 Cod.
555 1008 637 1041 Per.
651 1012 738 1048 erat,
752 1009 795 1041 Et
808 1008 980 1050 derisurus,
988 1019 1050 1042 non
1064 1020 1081 1042 s
1102 1012 1271 1052 ectaturus,
1279 1010 1378 1042 sedet.
1404 1009 1464 1043 Sic
1479 1009 1664 1052 legendum

203 1055 321 1082 censet
347 1050 515 1092 Heusing.
536 1061 602 1083 non
626 1053 745 1084 sedent.
793 1051 922 1084 Omnes
938 1051 1013 1085 fere
1037 1054 1066 1086 E
1093 1053 1216 1086 itiones
1229 1052 1318 1085 hanc
1333 1051 1462 1085 Pithoei
1482 1052 1668 1085 lectionem

203 1092 352 1125 habent:
390 1094 435 1125 Et
459 1093 608 1133 derisuri,
633 1104 694 1126 non
716 1095 900 1135 spectaturi,
922 1097 1042 1137 sedent,
1066 1107 1086 1128 a
1102 1106 1170 1138 qua
1197 1095 1376 1128 discedere
1398 1105 1477 1128 curu
1499 1096 1616 1128 Burm.
1631 1099 1670 1128 et

202 1135 356 1168 Desbill.
377 1145 444 1168 non
465 1145 565 1168 ausus
587 1147 673 1169 sum.
724 1138 844 1170 Burni.
870 1138 978 1170 enim:
1017 1141 1027 1157 ‘
1045 1139 1131 1172 Cum
1155 1139 1267 1171 omnia
1287 1149 1364 1182 quae
1392 1143 1574 1171 novatores
1591 1147 1670 1180 pro-

204 1178 348 1218 ducunt,
372 1179 439 1210 sint
462 1179 586 1220 partim
608 1178 726 1220 dubia,
745 1180 869 1222 partim
891 1180 1021 1223 inepta,
1042 1182 1180 1214 valeant
1211 1186 1248 1214 et
1268 1185 1408 1214 tueatur
1423 1181 1536 1214 locum
1559 1188 1669 1221 suum,

205 1220 298 1264 quod
312 1221 390 1254 olim
402 1222 575 1264 vulgatum
590 1221 679 1255 fuit!
711 1222 861 1265 Conjicit
873 1227 987 1256 tamen
1000 1224 1146 1256 Desbill.
1176 1205 1221 1256 iit
1234 1224 1391 1256 derisurou
1404 1231 1466 1256 non
1478 1225 1670 1274 spectaturos

203 1265 266 1297 ciet
277 1275 291 1304 ,·
314 1274 390 1307 quae
410 1264 516 1297 lectio
531 1264 564 1297 ei
579 1265 679 1297 valde
695 1265 883 1307 probabilis
899 1265 1046 1299 videtur.
1079 1265 1224 1309 [Anton.
1239 1265 1349 1299 edidit
1364 1266 1410 1299 Et
1431 1267 1597 1308 derisores,
1609 1275 1671 1298 non

203 1307 374 1348 spectaturi
395 1308 554 1340 assident.-
584 1309 749 1350 proponit
770 1309 874 1341 etiarn
898 1309 945 1341 Et
966 1309 1137 1351 derisurus,
1159 1319 1220 1342 non
1241 1312 1436 1351 spectaturus
1445 1310 1545 1350 sedet,
1572 1314 1610 1342 et
1628 1309 1674 1343 Ut

206 1350 353 1391 derisuri,
373 1360 434 1383 non
454 1351 626 1393 spectaturi
638 1351 833 1392 sient.]—27
856 1350 927 1384 Alii
941 1350 997 1403 <ut
1013 1352 1145 1395 Rigalt.
1168 1352 1231 1386 Ed.
1249 1355 1283 1386 2.
1305 1353 1396 1385 Nev.
1419 1350 1545 1386 Scheff.
1559 1351 1670 1387 Desb.

206 1392 342 1434 Maitt.)
358 1394 489 1426 malunt
502 1393 680 1435 dimouit,
695 1394 756 1427 sed
771 1393 875 1427 credo
892 1399 1068 1437 utriusque
1091 1395 1273 1437 compositi
1287 1404 1349 1427 nos
1363 1393 1467 1427 defici
1481 1394 1648 1437 exemplis
1659 1406 1682 1428 :-

206 1437 295 1469 ratio
321 1437 434 1475 docet,
444 1437 613 1477 degrunnit
636 1447 710 1470 esse
726 1437 990 1479 praeferendum,
1010 1448 1079 1471 non
1094 1438 1186 1481 quia,
1200 1443 1239 1471 ut
1251 1442 1345 1479 caput
1360 1438 1486 1471 demisit
1500 1438 1536 1471 in
1551 1438 1674 1480 sinum,

207 1480 258 1512 ita
273 1480 442 1520 degrunnit
457 1479 491 1511 iu
508 1480 638 1520 sinum;
660 1480 720 1512 sed
736 1480 827 1523 quod
843 1482 881 1513 de
904 1485 1042 1523 augeat,
1058 1485 1095 1514 et
1119 1485 1237 1514 notet:
1261 1481 1366 1513 Omni
1379 1481 1470 1521 nisu,
1490 1485 1618 1514 conatu
1637 1485 1676 1514 et

208 1521 337 1554 viribus
350 1522 505 1554 imitatur
519 1523 716 1563 grunnitum
731 1523 839 1565 porci,
854 1527 894 1556 ut
908 1523 943 1555 in
965 1524 975 1542 ‘
992 1523 1210 1566 depugnare’
1232 1523 1380 1556 vidimus
1396 1523 1468 1556 fab.
1483 1526 1517 1557 2.
1536 1523 1572 1557 h.
1589 1524 1614 1557 l.
1636 1527 1675 1556 et

208 1566 219 1584 ‘
237 1565 437 1598 decertare'
458 1565 519 1598 lib.
535 1574 561 1598 1.
578 1564 649 1598 fab.
666 1568 719 1599 30.
742 1566 832 1608 quod
848 1567 965 1599 multis
982 1567 1054 1599 aliis
1069 1566 1237 1608 exemplis
1253 1566 1393 1609 probari
1408 1570 1534 1608 posset.
1559 1566 1674 1600 Burni.

207 1609 379 1649 degrunnit
393 1608 537 1651 primurn
551 1608 758 1642 emendabat
774 1609 922 1642 Ritters.
938 1608 1204 1650 suffragantibus
1215 1609 1368 1643 Freinsh.
1379 1619 1481 1652 quem
1496 1618 1529 1642 v,
1545 1609 1588 1642 ad
1603 1610 1637 1642 b.
1650 1610 1674 1642 1.

209 1651 331 1685 Heius.
357 1651 448 1694 Guy.
470 1651 557 1684 aliis.
572 1653 742 1693 aegmnnit
765 1653 869 1685 etiam
892 1657 948 1685 est
970 1653 1006 1684 in
1033 1653 1118 1686 Cod.
1133 1653 1215 1685 Per.
1232 1652 1294 1685 sed
1316 1653 1425 1686 Gesn.
1447 1656 1485 1685 et
1502 1652 1674 1685 Scheller.

209 1695 310 1727 unice
337 1693 486 1727 afferunt
507 1695 772 1735 ‹immunia—28
795 1696 863 1728 Ms.
882 1696 964 1728 Per.
979 1697 1243 1728 clamorem—29
1265 1696 1349 1729 Per.
1376 1695 1672 1728 Tum—simulans.

210 1737 269 1770 Ita
291 1738 419 1778 legitur
442 1738 477 1770 in
492 1738 657 1779 Excerpt.
672 1738 801 1779 Rigalt.
837 1738 920 1781 Alii,
938 1743 977 1770 nt
994 1739 1160 1771 Rittersh.
1184 1739 1265 1772 Urs.
1286 1739 1509 1771 simulat—so
1530 1739 1677 1781 sita-quod

203 1779 357 1821 faciebat,
371 1781 423 1821 ⁸5⁸0-
471 1780 559 1812 Haec
572 1790 680 1822 usque
697 1781 739 1812 ad
755 1782 855 1812 latens
869 1782 1063 1822 parenthesi
1078 1782 1173 1825 (quae
1189 1782 1223 1813 in
1243 1781 1320 1813 aliis
1336 1781 1546 1814 editionibus
1562 1780 1675 1822 abest)

212 1826 309 1856 recte
319 1823 457 1855 inclusit
470 1823 584 1855 Bentl.
599 1833 643 1855 ex
655 1823 876 1855 Freinshemii
890 1825 1081 1857 sententia:
1105 1834 1184 1856 nam
1201 1823 1332 1856 debent
1343 1824 1519 1866 conjungi,
1528 1824 1678 1856 simulans

211 1866 390 1899 Porcellum
408 1866 563 1906 obtegere,
579 1866 732 1899 Pervellit
757 1876 864 1898 aurem
883 1877 968 1907 vero,
996 1877 1085 1908 quem
1107 1867 1271 1899 celaverat.
1319 1867 1438 1900 Burm.
1475 1867 1557 1899 Mss.
1582 1867 1676 1899 Pith.

212 1910 311 1942 Rem.
325 1913 364 1942 et
385 1909 449 1942 Ed.
464 1913 534 1941 vet.
549 1908 618 1941 fide
641 1910 738 1942 Brot.
752 1909 900 1942 habent:
924 1910 988 1942 Sed
1001 1910 1036 1942 in
1057 1910 1160 1951 priore
1174 1910 1247 1951 quia
1261 1909 1341 1941 nihil
1361 1913 1549 1951 compererat
1563 1909 1676 1942 latens.

211 1952 322 1986 Schw.
360 1951 448 1985 Aliae
475 1952 654 1985 Editioues
677 1951 841 1996 (Ritters.
867 1953 993 1994 Rigalt.
1017 1953 1123 1995 Nev.)
1146 1955 1335 1994 compererat
1356 1953 1466 1992 latens,
1511 1952 1576 1984 uod
1598 1952 1678 1995 quia

213 2005 348 2028 sensum
363 1994 565 2037 nonhabet,
579 1995 750 2037 putabant
772 1996 890 2028 abesse
913 1996 1054 2038 aliquid,
1070 2000 1106 2028 et
1126 1996 1256 2028 lacunae
1272 1994 1369 2037 signa
1387 2000 1467 2037 post
1515 2003 1582 2028 unc
1596 2002 1674 2027 ver-

213 2047 288 2071 sum
305 2038 523 2071 addiderant.
566 2039 629 2070 Est
644 2042 758 2071 autem
774 2037 929 2080 perfecta
953 2039 1136 2072 sententia.
1180 2037 1345 2070 Faciebat
1370 2037 1405 2070 id
1432 2046 1563 2077 revera,
1585 2037 1676 2080 qnod

214 2082 377 2114 simulare
392 2086 524 2114 tantum
541 2081 746 2122 videbatur;
771 2082 831 2114 sed
846 2081 989 2120 latebat,
1005 2082 1083 2115 ideo
1103 2081 1248 2114 fallebat
1262 2084 1490 2123 spectatores,
1502 2085 1543 2114 ut
1558 2081 1680 2114 crede·

213 2129 306 2166 rent,
330 2134 406 2157 eum
436 2134 505 2156 non
525 2124 693 2166 obtegere
719 2125 922 2167 porcellum,
947 2124 1040 2167 quia,
1067 2135 1146 2157 cum
1168 2124 1306 2157 eosdem
1328 2129 1443 2166 gestus
1465 2124 1677 2157 adhibuisset

213 2178 342 2209 scurra,
368 2168 480 2200 delusi
494 2167 645 2210 fuerant,
670 2171 719 2209 et,
734 2177 879 2200 excusso
902 2178 956 2209 eo,
973 2168 1020 2200 m'l
1042 2171 1264 2210 compererant.
1309 2168 1354 2200 Et
1375 2167 1500 2199 clarior
1515 2167 1583 2199 erit
1602 2175 1680 2199 sen·

214 2211 339 2251 tentia,
368 2211 396 2244 si
422 2211 671 2252 parentheseos
699 2211 804 2243 addas
832 2215 966 2243 notam:
989 2212 1094 2253 (quod
1114 2210 1422 2251 faciebat—latens)
1443 2210 1599 2252 pervellit,
1623 2211 1678 2252 qo.

217 2254 365 2287 Freinsh.
402 2254 481 2287 Urs.
507 2254 630 2286 Heius.
644 2253 796 2295 Philipp.
824 2254 1027 2286 Lallemant.
1047 2259 1159 2286 totum
1177 2263 1227 2286 vs.
1243 2256 1297 2286 31.
1321 2254 1379 2296 qui
1398 2254 1502 2285 etiam
1518 2253 1618 2286 deest
1640 2253 1676 2285 in

216 2297 285 2330 Ms.
298 2297 379 2330 Per.
390 2297 547 2339 ejiciunt,
556 2296 650 2339 quod
665 2297 784 2329 mallet
799 2307 934 2339 quoque
949 2297 1063 2339 Hoog.
1101 2296 1169 2328 Sed
1187 2297 1281 2329 Brot.
1295 2296 1324 2328 si
1339 2295 1415 2339 quis
1428 2295 1462 2330 h.
1477 2306 1510 2329 v,
1525 2296 1676 2328 retinere

215 2340 378 2380 voluerit,
408 2349 542 2372 versum
563 2349 667 2372 unum
691 2340 802 2372 adhuc
829 2340 1056 2381 supplendum
1078 2343 1211 2380 censet,
1231 2340 1266 2371 in
1288 2340 1378 2371 huuc
1394 2339 1551 2371 modum:
1572 2339 1678 2381 (quod

209 2382 354 2423 faciebat
366 2383 503 2415 scilicet.-
524 2383 590 2415 Sed
603 2382 751 2424 inpriore
763 2383 836 2424 quia
850 2384 897 2414 nil
908 2386 1098 2425 compererat
1112 2383 1223 2423 latens,
1237 2383 1391 2415 Exultare
1401 2381 1482 2415 nim
1494 2380 1680 2421 reformidat

217 2426 318 2467 doli.)
351 2427 462 2460 Quem
480 2426 616 2469 quidem
638 2435 774 2457 versum
799 2435 981 2467 perperam
1008 2425 1042 2457 in
1070 2425 1370 2467 textum-recepit.
1415 2424 1451 2458 J.
1466 2425 1504 2458 F.
1527 2423 1678 2457 Gronov.

219 2469 373 2511 conjicit,
387 2470 460 2511 quia
474 2471 519 2501 nil
533 2472 756 2510 compererant,
771 2469 918 2509 tacent,i.
934 2478 965 2500 e.
983 2478 1049 2501 non
1058 2468 1184 2510 jubent
1199 2468 1324 2500 excuti.
1360 2467 1417 2500 sic
1432 2468 1537 2500 etiam
1549 2467 1677 2508 Cuper.

219 2512 253 2544 h.
270 2513 292 2544 l.
321 2513 494 2555 emendat,
508 2521 609 2555 quem
635 2512 887 2553 interpretatur
909 2511 981 2543 itaz
1006 2512 1086 2544 Non
1109 2511 1260 2543 clamant
1284 2514 1508 2551 spectatores,
1522 2517 1678 2553 perscru-

222 2554 344 2587 tandas
359 2561 475 2588 vestes
491 2555 624 2595 rustici,
637 2564 718 2587 num
733 2554 814 2597 quid
830 2554 919 2586 intra
934 2564 992 2586 eas
1006 2554 1132 2586 occulti
1149 2558 1264 2596 gerat;
1290 2554 1332 2585 de
1354 2562 1420 2595 quo
1443 2553 1519 2584 vide
1541 2552 1679 2584 uberius

222 2598 456 2639 disputantem
482 2599 655 2640 Cuperum
681 2597 738 2630 lib.
756 2606 781 2630 1.
804 2597 888 2629 Obs.
908 2606 984 2638 cap.
1001 2599 1053 2628 13.
1078 2597 1180 2628 Schw.
1230 2597 1329 2634 Sunt,
1351 2595 1409 2637 qui
1422 2595 1538 2636 legant
1552 2597 1681 2633 tacent,-

223 2641 284 2673 sed
301 2641 348 2674 ita
363 2642 595 2684 praecedentia
606 2651 626 2673 a
638 2640 859 2683 sequentibus
872 2639 1090 2672 divelluntur.
1135 2638 1230 2671 Nihil
1243 2639 1298 2670 hic
1309 2638 1509 2670 mutandum
1521 2637 1679 2669 videtur:

222 2688 260 2716 et
277 2685 380 2716 miror
402 2689 471 2717 tam
497 2684 631 2716 solicite
656 2684 720 2716 hoc
746 2683 886 2715 verbum
913 2692 1102 2723 excussum,
1124 2691 1165 2713 ac
1188 2682 1217 2713 si
1240 2682 1320 2723 quid
1345 2681 1473 2712 inesset
1489 2680 1574 2721 vitii,
1587 2680 1680 2723 quod

222 2727 354 2759 nullum
381 2732 444 2760 est.
466 2726 504 2759 τὸ
519 2729 620 2759 latens
644 2727 829 2768 opponitur
852 2726 914 2766 illi,
928 2725 986 2768 qui
1009 2724 1298 2767 deprehenditur:
1322 2723 1602 2766 quemadmodum
1622 2723 1681 2755 de-

224 2779 368 2810 prensus
388 2769 510 2802 fuisset
535 2769 694 2809 rusticus,
707 2769 734 2801 si
751 2778 827 2801 eum
851 2769 968 2800 excuti
983 2767 1139 2800 ‘ussisset
1155 2767 1314 2809 populus,
1332 2767 1421 2799 sicut
1437 2766 1549 2807 pridie
1565 2765 1682 2798 fuerat

224 2821 385 2844 excussus
396 2823 524 2845 scurra.
557 2813 635 2845 Tou.
659 2810 783 2845 Scheff.
797 2811 947 2844 retinens
959 2823 980 2843 τ
1012 2812 1122 2851 latens,
1136 2810 1284 2852 positum
1300 2819 1374 2841 esse
1398 2809 1587 2848 existimat,
1602 2818 1679 2850 pro,

227 2863 293 2886 non
310 2855 494 2897 observari,
514 2856 731 2898 improbante
746 2855 882 2898 Cupero
898 2856 919 2887 1.
935 2865 964 2887 c.
987 2855 1086 2887 Both.
1102 2854 1134 2886 h.
1152 2864 1182 2885 v.
1198 2862 1260 2885 nec
1275 2852 1345 2885 sine
1362 2862 1466 2885 causa
1491 2852 1587 2894 ponit
1603 2855 1681 2893 post
