1806 3236
244 862 564 915 EORUM
609 864 795 921 QUAE
841 865 1003 915 HAC
1051 867 1482 919 EDITIONE

45 1469 49 1473 ζ
125 1408 290 1452 PETRI
313 1409 501 1452 DANET
523 1411 730 1466 Epistola
749 1415 1046 1459 Serenissimo
1069 1417 1293 1472 Delphino

124 1477 344 1523 Praefatio
360 1478 407 1521 J.
428 1478 486 1522 G.
508 1482 555 1522 S.
577 1481 806 1526 Schwabii

121 1545 236 1590 Vita
256 1545 433 1590 Phaedri
454 1561 511 1591 ex
536 1549 747 1602 Phaedro,
770 1558 948 1595 auctore
967 1553 1014 1595 J.
1038 1517 1096 1597 G.
1113 1554 1159 1596 S.
1178 1518 1435 1598 Schwabio·

578 674 1164 741 CONSPECTUS

619 1026 1116 1074 GONTINENTUR.

697 1209 1040 1231 ἡ

116 1613 304 1658 Judicia
324 1621 369 1659 et
388 1615 670 1662 Testimonia
690 1620 745 1662 de
764 1621 960 1664 Phaedro

114 1682 306 1728 Phaedri
323 1684 598 1728 Fabularum
619 1688 913 1744 AEsopiarum
929 1690 1027 1733 Lib.
1046 1702 1080 1734 1.
1085 1691 1366 1747 —Prologus

180 1751 296 1796 Fal).
366 1766 401 1797 1.

344 1834 400 1866 11.

324 1902 401 1934 111.

335 1970 404 2002 KV-

351 2039 398 2072 V·

328 2108 399 2140 Vl·

306 2176 398 2208 vu.

289 2244 400 2278 vul.

324 2312 401 2346 IX.

348 2381 402 2413 X.

327 2449 400 2482 xl.

305 2517 403 2550 xn.

278 2585 400 2619 xnl.

287 2655 396 2687 xlv.

310 2722 397 2756 XV·

288 2790 395 2823 xw.

267 2858 399 2892 Xvu.

461 1755 623 1812 Lupus
639 1761 684 1800 et
702 1757 864 1812 Agnus

459 1824 606 1869 Ranae
628 1826 800 1882 Regem
820 1833 1023 1883 petentes

462 1891 694 1936 Graculus
716 1898 939 1950 superbus
959 1901 1004 1939 et
1026 1897 1152 1939 Pavo

466 1959 606 2004 Canis
627 1976 709 2018 per
729 1962 915 2006 fluvium
935 1978 1111 2007 carnem
1130 1964 1277 2007 ferens

457 2028 619 2073 Vacca
638 2036 686 2074 et
707 2031 912 2087 Capella,
935 2033 1049 2075 Ovis
1070 2036 1114 2074 et
1135 2033 1229 2075 Leo

461 2097 612 2141 Ranae
632 2100 692 2141 ad
714 2101 868 2142 Solem

457 2165 631 2222 Vulpis
651 2168 710 2210 ad
730 2183 965 2224 personam
988 2171 1204 2224 tragicam

459 2234 617 2291 Lupus
636 2242 683 2279 et
705 2237 844 2281 Gruis

459 2302 629 2347 Passer
648 2309 698 2348 et
716 2306 875 2362 Lepus
1045 2341 1056 2351 .
1232 2340 1243 2351 .

462 2371 622 2427 Lupus
641 2379 685 2417 et
705 2374 890 2430 Vulpis,
905 2375 1064 2431 judice
1077 2378 1226 2421 Simio

459 2438 633 2482 Asinus
652 2445 695 2483 et
715 2442 809 2484 Leo
830 2449 1045 2487 venantes

464 2507 639 2552 Cervus
660 2510 719 2552 ad
738 2510 908 2554 fontem

458 2575 629 2632 Vulpis
649 2582 694 2620 et
716 2578 893 2622 Corvus

457 2644 531 2688 Ex
553 2646 711 2689 Sutore
733 2646 946 2691 Medicus
1233 2681 1245 2692 .

455 2712 628 2756 Asinus
650 2714 708 2757 ad
728 2728 879 2758 senem
900 2717 1137 2763 Pastorem
1231 2749 1242 2760 .

454 2781 630 2826 Cervus
650 2787 698 2825 et
719 2782 834 2827 Ovis

460 2848 593 2904 Ovis,
614 2850 770 2905 CaniS,
787 2857 832 2896 et
848 2853 1007 2910 Lupus
