1806 3236
267 240 355 284 478

266 350 304 379 et
314 346 549 381 moderatrix:
575 346 665 391 quud
685 356 750 381 nec
774 347 877 382 facile
893 358 973 382 eon-

265 397 404 440 cipitur,
439 408 504 431 neo
530 398 668 433 fovetur
697 398 819 433 facile:
853 400 972 434 melius

264 447 341 481 fere
367 449 497 482 sentire
522 454 560 482 et
585 450 698 483 omnia
720 460 886 484 excusare
908 451 972 484 sibi

265 500 407 541 mavult,
430 509 604 543 quousque
620 511 673 533 res
688 501 779 534 sinit.
824 501 891 534 Sed
908 511 971 534 nec

265 550 368 582 facile
395 550 560 583 ultionem
604 556 716 594 parat,
754 557 877 595 utpote
916 553 973 586 cui

264 602 274 618 ⁸
287 600 370 633 satis
385 605 438 633 est
460 602 613 643 potuisse
638 602 771 636 videri.'
814 604 899 646 Ejus
914 613 972 646 ge-

263 652 355 684 neris
370 657 425 684 est
442 654 593 695 suspicio
608 653 781 696 Pamphili
795 653 890 698 (nam
905 654 971 687 Co-

264 703 361 736 micis
384 705 550 747 exemplis
575 706 628 738 uti
654 705 752 748 libet,
775 716 842 749 qno
865 716 970 749 appa-

263 759 353 796 reat,
374 755 522 797 optimos
538 755 725 789 affectuum
740 758 894 800 pictores
909 758 970 791 hos

263 805 384 848 poetas
413 805 504 849 esse)
532 807 567 839 in
597 807 739 851 Hecyra
769 816 826 841 ιιι.
857 812 886 841 1.
917 812 971 843 19.

263 856 423 890 Alterum
451 867 634 899 morosum,
657 859 848 901 credulum,
883 869 971 901 prae-

262 917 459 950 properum,
481 908 640 941 amicitiis
655 909 854 942 adversum:
878 910 970 953 quod

262 959 397 992 incerta
411 960 563 1001 postulat
576 960 708 993 ratione
721 959 837 993 facere
852 965 970 1001 certa3

262 1010 354 1053 quod
381 1011 531 1053 erumpit
554 1011 588 1043 in
618 1011 699 1053 iras,
724 1012 970 1054 aemulationes,

256 1061 387 1103 Jurgia‚
417 1066 520 1105 atque
550 1062 636 1094 adeo
670 1072 712 1094 ex
742 1062 971 1104 incogitantia

262 1112 408 1154 quadam
424 1113 594 1154 provenit.
640 1113 769 1146 Videre
790 1117 846 1146 est
859 1113 893 1145 id
911 1123 969 1156 ge-

261 1171 324 1194 nus
350 1162 387 1195 in
414 1163 560 1196 Charino
574 1163 732 1197 Terentii
745 1163 856 1197 Andr.
871 1174 922 1198 lv.
938 1168 970 1197 1.

260 1212 399 1245 Simone
425 1213 508 1246 ibid.
525 1223 561 1246 ν.
575 1218 608 1247 4.
623 1217 656 1247 6.
701 1215 851 1248 Lachete
878 1216 966 1249 Hec.

261 1272 304 1298 11.
316 1267 349 1296 1.
367 1268 403 1297 et
414 1274 462 1297 ιν.
478 1267 511 1297 4.
525 1268 578 1298 53.
604 1265 821 1307 Demiphone
829 1265 968 1299 Phorm.

261 1322 298 1346 v,
309 1317 342 1347 7.
357 1316 410 1348 41.
457 1315 521 1347 Est
535 1315 684 1358 denique
699 1315 843 1348 otiosum
859 1315 968 1358 quod-

261 1364 353 1405 dam,
376 1364 581 1407 improbum,
606 1366 649 1398 ab
666 1366 778 1399 animo
794 1366 969 1399 callidissi-

260 1425 317 1447 mo
330 1414 546 1457 profectum:
570 1416 661 1459 quod
688 1417 803 1450 omnia
826 1422 904 1450 tuta
928 1418 969 1450 ti-

260 1470 346 1507 met,
370 1466 520 1509 nihilque
536 1467 654 1499 nonin
671 1468 767 1510 pejus
790 1468 896 1510 rapit,
916 1478 967 1501 as-

260 1516 440 1550 suetudine
469 1518 577 1560 magis
607 1519 662 1550 vel
698 1523 831 1560 natura,
866 1529 968 1562 quam

260 1568 458 1600 occasione:
483 1573 523 1600 ut
543 1567 629 1601 facit
653 1569 775 1601 Davus
804 1569 914 1603 Andr.
941 1579 967 1603 1.

259 1621 292 1651 2.
309 1621 342 1651 4.
385 1619 487 1661 Saepe
510 1628 554 1651 ex
569 1620 659 1651 mala
674 1619 886 1653 conscientia
907 1630 968 1653 na·

260 1670 380 1711 scitur,
401 1671 558 1711 exemplo
574 1670 654 1712 Syri
670 1670 799 1703 Heaut.
813 1680 849 1704 v.
866 1673 899 1703 2.
910 1674 965 1704 49.

260 1721 316 1753 cui
345 1721 469 1753 merito
506 1720 709 1762 timendum,
747 1730 791 1752 ne
820 1725 967 1763 propter

259 1771 445 1804 malefacta
460 1772 615 1814 scapulas
633 1772 809 1814 perderet.
855 1773 966 1806 Quam

259 1822 303 1854 ob
319 1831 391 1854 rem
407 1821 586 1863 Agapetus
601 1831 679 1863 cap.
695 1824 749 1855 4⁷.
772 1822 810 1854 Ὁ
824 1821 885 1864 γάρ
898 1833 968 1854 τινα

259 1874 302 1914 μὴ
317 1874 436 1913 ἀδικῶν,
450 1873 512 1914 οὔχ
525 1872 676 1915 ὑφορᾶταί
687 1884 766 1905 τινα.
790 1872 837 1905 Et
846 1873 966 1905 Seren-

259 1926 303 1957 R.
319 1925 471 1958 ,Iacobus
487 1924 562 1957 Lib.
578 1932 622 1956 11.
657 1921 761 1966 Δώρου
774 1925 845 1961 βας.
868 1923 878 1941 ‘
897 1923 967 1956 He-

260 1977 445 2010 reditarius
462 1980 685 2018 tyrannorum
694 1976 833 2008 morbus
847 1979 901 2008 est
913 1985 967 2008 su-

260 2027 381 2069 spicio,
404 2027 612 2059 exulceratae
633 2026 856 2059 conscientiae
879 2025 968 2058 fruc-

225 2103 228 2106 >
261 2078 341 2111 tus.’
385 2077 442 2110 Ab
466 2078 530 2110 hoc
553 2086 680 2119 genere
695 2077 845 2109 onmium
861 2076 968 2118 pessi-

217 2122 221 2124 ⁴
260 2138 330 2170 mo,
356 2128 421 2161 illa
448 2130 658 2169 tempestate
697 2127 846 2159 maxime
876 2127 968 2170 quod

261 2178 491 2221 grassabatur,
514 2177 683 2210 Phaedrus
710 2177 744 2210 h.
773 2177 796 2210 l.
829 2177 967 2210 metuit.

261 2231 393 2263 Prosch.
437 2230 563 2262 Posset
592 2233 630 2261 et
658 2229 727 2271 legi
757 2229 969 2272 Suspectione,

261 2282 305 2314 de
328 2292 396 2325 qua
416 2290 501 2314 voce
526 2280 605 2313 vide
627 2280 671 2311 ad
697 2279 836 2314 Quinct.
865 2280 967 2313 Deci.

259 2341 285 2364 1.
301 2335 334 2364 2.
358 2331 420 2363 sed
445 2334 480 2362 et
494 2328 678 2363 secundam
695 2328 729 2359 in
743 2329 877 2371 suspicio.
889 2338 968 2371 pro-

262 2382 362 2414 duxit
377 2385 496 2414 noster
512 2378 575 2412 inf.
590 2377 660 2411 fab.
677 2381 729 2411 10.
743 2381 796 2411 36.
823 2379 934 2412 Burm.

304 2432 487 2474 Suspicione
512 2430 541 2462 si
566 2428 650 2472 quis]
677 2429 747 2461 Ms.
770 2429 969 2471 Suspiciones

261 2483 340 2525 quis.
386 2482 455 2514 Sed
472 2481 650 2523 corrigunt
665 2479 734 2512 alii.
774 2479 967 2512 Secundam

262 2535 296 2566 in
312 2533 495 2575 Suspicione
521 2541 584 2574 per
612 2531 782 2563 diastolen
807 2529 969 2572 producit

262 2585 338 2616 PR.
381 2584 451 2616 Sed
466 2582 649 2624 legendnm
665 2590 741 2613 esse
757 2579 969 2621 Suspectione,

262 2638 409 2667 metrum
439 2633 603 2676 postulat.
658 2631 790 2663 Passim
819 2631 884 2663 hoc
909 2639 969 2662 no-

263 2694 354 2725 men,
376 2684 569 2726 praesertim
594 2681 686 2725 apud
705 2680 873 2722 Comicos‚
894 2689 969 2712 cor·

264 2740 402 2776 ruptum
426 2742 490 2767 est.
543 2734 600 2767 Sic
625 2732 717 2775 apud
745 2731 860 2764 Plaut.
887 2730 968 2763 Am-

266 2786 369 2826 phitr.
385 2786 465 2818 Act.
483 2795 508 2817 1.
534 2784 589 2818 Sc.
605 2788 637 2818 2.
659 2784 669 2803 ‘
684 2784 730 2817 Et
747 2792 789 2816 ne
805 2782 838 2815 in
861 2781 969 2824 suspi-

740 253 883 286 NOTAE
915 253 1183 288 vAluomJM
1215 255 1269 287 IN

1021 349 1119 383 cioue
1136 355 1286 394 ponatur
1299 352 1423 396 stupri,
1444 352 1493 386 Et
1509 351 1727 388 clandestina

1021 404 1062 433 ut
1076 401 1208 434 celetur
1223 402 1396 445 suspicio?
1438 403 1586 446 Egregie
1606 403 1726 447 Seiop-

1022 451 1098 493 pius
1127 451 1162 484 in
1188 453 1371 495 paradoxis
1396 455 1463 497 Ep.
1486 457 1520 488 8.
1542 455 1727 498 posteriori

1021 510 1121 534 versu
1137 510 1200 544 pro
1213 504 1357 546 suspicio,
1374 499 1580 539 auctoritate
1595 506 1728 540 Domi

1021 557 1059 584 et
1070 553 1179 595 Festi,
1189 553 1307 587 invitis
1318 555 1474 588 omnibus
1491 556 1607 590 Plauti
1621 557 1728 601 «οῆμ-

1022 604 1066 636 tis
1081 603 1269 644 codicibus,
1291 606 1446 639 restituit
1467 608 1643 647 comem,-
1663 609 1726 642 sed

1021 663 1090 687 non
1102 655 1388 690 transmittendus
1401 661 1478 690 erat
1491 668 1608 691 versus
1619 659 1727 702 prior,

1020 706 1054 737 in
1087 715 1167 748 quo,
1195 711 1234 739 ut
1259 715 1380 739 versus
1403 707 1542 741 Iambus
1566 709 1726 742 Senarlus

1021 761 1169 799 constet,
1180 757 1398 790 scribendum
1412 759 1613 802 suspectione.
1627 760 1726 794 Glos-

1020 818 1066 841 sae
1082 818 1124 842 ιι.
1147 810 1158 828 ‘
1174 808 1450 852 Smpectiuncdu
1462 811 1638 854 suspectio
1647 809 1726 845 bre·

1022 858 1098 891 vis!
1124 860 1209 892 Gud.

1063 909 1102 942 Si
1116 910 1185 952 quis
1199 909 1334 952 errabit]
1345 910 1494 944 Severus
1501 910 1674 954 Sulpicius
1687 911 1724 945 in

1019 960 1097 993 libr.
1114 961 1157 993 de
1171 962 1243 994 vita
1258 962 1401 995 Martin.
1424 972 1504 1006 pag.
1518 965 1595 996 291.
1618 963 1631 982 ‘
1647 961 1724 997 Nec

1020 1019 1101 1043 vero
1131 1020 1335 1055 quemquam
1372 1013 1550 1046 nominare
1582 1023 1725 1048 necesse

1019 1066 1085 1104 est,
1108 1062 1191 1095 licet
1207 1068 1342 1096 nosmet
1365 1064 1456 1106 ipsos
1479 1065 1636 1108 plerique
1659 1065 1725 1099 cir-

1019 1113 1250 1146 cumlatrent:
1284 1113 1424 1158 sufficit,
1451 1119 1492 1148 ut
1506 1116 1535 1148 si
1550 1116 1626 1159 quis
1650 1115 1726 1149 baee

1018 1162 1144 1205 legerit
1159 1168 1194 1196 et
1206 1165 1398 1207 agnoverit,
1415 1166 1599 1199 erubescat
1613 1178 1622 1199 ι
1644 1175 1723 1200 nam

1018 1214 1046 1245 si
1063 1214 1233 1257 irascitur,
1259 1216 1304 1248 de
1329 1225 1366 1249 se
1390 1217 1464 1259 ipse
1491 1216 1620 1251 dictum
1634 1216 1723 1251 fate-

1017 1264 1124 1305 bitur,
1146 1274 1223 1297 cum
1238 1264 1386 1299 fortasse
1408 1277 1471 1300 nos
1491 1267 1535 1300 de
1557 1267 1625 1301 alio
1648 1277 1722 1300 sen-

1018 1315 1187 1348 serimus.’
1230 1315 1329 1348 Idem
1347 1314 1584 1361 'Hieronymus
1608 1317 1724 1360 Epist.

1017 1365 1061 1397 ad
1075 1365 1176 1399 Rust.
1194 1366 1237 1399 de
1253 1365 1365 1400 forma
1378 1367 1532 1411 videndi,
1554 1369 1564 1388 ‘
1582 1368 1653 1402 scio
1669 1378 1724 1401 me

1017 1413 1227 1448 offensurum
1254 1426 1329 1449 esse
1357 1418 1637 1460 quamplurimos,
1665 1419 1723 1462 qui

1018 1467 1214 1507 generalem
1228 1467 1273 1500 de
1290 1467 1382 1500 vitiis
1398 1468 1663 1510 disputationem
1687 1469 1724 1502 in
1755 1510 1759 1516 Ι

1017 1526 1109 1549 suam
1130 1517 1285 1551 referunt
1307 1518 1562 1561 contumeliam,
1584 1523 1620 1552 et
1641 1519 1723 1552 dum

1017 1568 1098 1600 mihi
1115 1569 1322 1612 irascuntur,
1343 1579 1438 1602 suam
1462 1569 1620 1603 indicant
1644 1576 1724 1603 con·

1018 1619 1208 1661 scientiam,
1238 1621 1415 1662 multoque
1457 1620 1554 1663 prius
1591 1620 1637 1654 de
1671 1629 1724 1662 se,

1016 1679 1118 1711 quam
1133 1669 1176 1701 de
1190 1678 1258 1710 me,
1267 1668 1451 1712 judicant!
1471 1670 1553 1704 Neu.

1060 1719 1210 1761 Errobit]
1254 1721 1361 1753 Forte
1389 1719 1559 1754 aberrabit.
1616 1719 1724 1753 Heln-

1017 1780 1098 1803 81118.

1057 1824 1101 1853 46
1123 1821 1256 1863 Rapiat]
1293 1820 1493 1863 Eleganter,
1511 1821 1607 1854 velut
1622 1820 1667 1854 de
1683 1831 1722 1854 re

1017 1872 1060 1904 ad
1091 1882 1127 1905 se
1156 1872 1240 1904 nihil
1269 1873 1479 1914 pertinente.
1529 1872 1651 1915 Dicet,
1684 1882 1722 1904 se

1016 1927 1146 1956 tactum
1170 1927 1207 1955 et
1230 1923 1442 1965 exagitatum
1465 1923 1571 1957 tacite
1590 1924 1655 1962 hac
1682 1923 1723 1955 il·

1015 1974 1092 2006 lave
1108 1972 1235 2006 fabula.
1260 1972 1366 2013 Schef.

1063 2023 1179 2066 Rapiet
1193 2023 1234 2056 a'd
1247 2033 1291 2061 se,
1314 2023 1395 2065 quod
1407 2022 1470 2057 erit
1486 2033 1644 2058 cornmune
1657 2033 1723 2059 om-

1015 2074 1120 2116 nium]
1143 2074 1314 2108 Querolus
1335 2074 1506 2117 Prologo:
1530 2075 1540 2094 ‘
1557 2074 1606 2108 In
1632 2075 1723 2108 ludis

1018 2130 1132 2158 autem
1161 2129 1265 2168 atque
1291 2125 1394 2161 dictis
1419 2125 1595 2168 antiquam
1623 2125 1724 2159 nobis

1017 2177 1149 2209 veniam
1175 2176 1406 2218 exposcimus.
1449 2174 1562 2210 Nemo
1587 2176 1724 2210 sibimet

1018 2227 1210 2260 arbitretur
1225 2226 1308 2268 dici,
1319 2226 1409 2269 quod
1426 2236 1487 2259 nos
1498 2227 1626 2270 populo
1640 2227 1725 2261 dici·

1016 2287 1103 2310 mus.
1146 2277 1271 2319 Neque
1287 2277 1461 2319 propriam
1484 2276 1622 2310 sibImet
1643 2285 1724 2310 cau-

1016 2338 1089 2361 sam
1129 2328 1319 2361 constituat
1358 2327 1530 2359 communi
1558 2335 1602 2360 ex
1625 2326 1721 2370 Joco.

1018 2380 1130 2413 Nemo
1144 2378 1271 2421 aliquid
1287 2382 1531 2419 recognoscat3
1553 2385 1615 2410 nos
1629 2385 1722 2409 men-

1018 2430 1121 2463 timur
1137 2428 1275 2462 omnia.’
1298 2428 1377 2469 Rig.

1075 2481 1164 2523 Erit]
1189 2479 1365 2512 Peculiari
1397 2478 1535 2511 notione
1569 2477 1720 2520 ponitur,

1017 2541 1095 2573 pro,
1128 2539 1203 2563 esse
1228 2529 1345 2562 debet.
1403 2528 1461 2561 Ita
1490 2526 1551 2572 int'.
1583 2537 1661 2570 cap.
1684 2528 1718 2559 2.

1018 2581 1123 2621 Schef.

1060 2634 1102 2664 47
1135 2631 1241 2663 Stulte
1269 2628 1417 2670 nudabit]
1449 2627 1719 2672 Intelligendum

1018 2681 1120 2723 forte,
1146 2681 1250 2720 licet;
1273 2681 1328 2712 cui
1356 2678 1577 2721 respondeat,
1600 2675 1720 2711 nihilo-

1017 2732 1138 2763 minus.
1181 2730 1360 2762 Sententia
1383 2730 1464 2762 tali:
1490 2730 1632 2761 Etiamsi
1658 2737 1721 2772 per

1018 2783 1095 2822 hoc,
1118 2781 1207 2824 quod
1226 2781 1310 2813 talia
1326 2780 1368 2812 ad
1385 2789 1420 2812 se
1442 2780 1544 2822 rapit,
1559 2780 1665 2812 stulte
1678 2788 1719 2811 ac
