1806 3236
258 182 347 225 546

260 289 387 332 quique
402 287 538 320 codices
561 284 799 328 manuscripti.
839 287 853 305 ⁴
870 285 969 319 Zina—

259 339 393 383 ragdis'
407 338 498 381 apud
517 338 657 371 Gruter.
668 339 744 369 993.
758 339 791 369 8.
808 341 846 369 et
860 337 871 355 ‘
884 337 969 369 Bar-

261 392 319 424 bia
341 388 571 431 .z·uaragdis’
608 389 703 422 inter
739 388 969 421 Piccartinas.

261 444 466 485 Quanquam
482 441 574 473 enim
589 439 654 472 viri
669 439 795 472 eruditi
809 439 971 472 observa-

261 498 355 534 runt,
367 492 572 536 quandoque
587 491 621 523 in
638 490 761 534 priscis
775 499 971 523 monumen-

252 545 308 577 -tis
323 553 341 576 z
359 553 423 585 pro
445 552 463 575 s
488 541 648 583 inveniri,
670 541 763 585 qnod
787 541 972 584 aliquando

261 596 398 636 vitiose,
413 595 485 627 sive
500 594 544 627 ad
560 594 787 627 imitationem
802 593 918 627 Graeei
934 595 973 635 Ξ,

262 645 431 679 accidisse
446 641 604 688 apparet,
633 649 750 678 tumen
773 648 974 678 constanter

263 702 301 730 et
316 697 472 730 consulto
488 700 624 729 veteres
634 695 671 729 id
685 695 812 729 fecisse
828 695 973 728 observo

264 749 300 781 in
316 748 357 780 iis
371 746 561 788 vocabulis,
580 757 656 790 quae
673 757 694 779 a
709 747 842 780 duabus
857 756 976 779 conso·

263 800 316 832 nis
353 798 411 831 Sm
442 798 616 840 incipiunt
651 798 788 832 Graecae
822 798 974 840 originis.

264 851 357 883 Hinc
382 849 487 882 etiam
513 849 703 882 ‘Zmurua’
730 850 823 892 apud
853 850 976 882 Varro·

263 912 356 943 nem,
372 906 408 934 et
432 902 442 919 ‘
459 900 678 934 Zmurnaeus’
700 901 793 942 apud
810 901 975 933 Catonem

264 956 468 986 constanter
495 951 577 994 legi,
602 955 701 984 notat
728 951 904 983 Victorius
932 949 977 983 ad

266 1004 432 1036 Catonem
459 1001 519 1036 fol.
545 1005 577 1036 2.
621 1002 680 1035 Sic
706 1002 717 1021 ‘
733 1002 851 1036 Cassia
874 1003 914 1035 L.
937 1003 978 1035 L.

266 1052 436 1095 Zmyrna'
453 1052 544 1094 apud
561 1053 703 1086 Gruter.
718 1062 751 1094 p.
763 1055 840 1086 660.
853 1055 886 1086 2.
930 1053 978 1085 Et

266 1106 274 1122 ‘
291 1103 437 1137 Claudia
462 1102 630 1145 Zmyrna'
656 1102 749 1145 apud
774 1103 915 1136 Gruter.
941 1113 976 1145 p.

266 1158 344 1188 627.
360 1158 413 1187 10.
429 1153 560 1196 optimo
581 1163 668 1194 aevo,
691 1164 712 1186 a
737 1154 870 1187 Smetio
894 1153 977 1186 visa.

268 1207 316 1238 Et
344 1205 354 1223 ‘
370 1205 421 1237 M.
451 1204 605 1237 AEmilius
635 1204 868 1247 Zmaragdus'
898 1214 979 1247 pag.

271 1259 366 1289 1120.
392 1260 425 1288 6.
455 1255 546 1298 apud
571 1256 714 1288 Gruter.
741 1266 762 1288 e
788 1255 907 1291 Pierio
934 1255 978 1287 ad

267 1306 391 1348 virgil.
436 1306 536 1339 Idem
565 1306 707 1339 ineditae
736 1306 979 1348 inscriptiones

271 1368 291 1391 a
314 1357 413 1390 nobis
442 1357 601 1390 collectae
630 1361 815 1390 testantur.
862 1358 979 1389 Romae

269 1409 304 1441 in
320 1408 428 1440 bortis
448 1407 707 1441 Caeiiinontanis
731 1407 981 1441 Mattheiorum

269 1460 304 1492 in
313 1469 508 1492 riiarinorea
521 1459 660 1501 cistula,
673 1458 733 1492 ubi
758 1459 903 1493 ciconia
920 1459 981 1493 de-

273 1511 370 1553 picta
385 1521 395 1543 ι

576 1570 611 1593 n.
627 1569 669 1593 m.

444 1620 477 1644 τι.
493 1620 617 1644 ῈιΛνι.
636 1619 720 1644 Avo.
736 1619 810 1644 un.

523 1672 732 1697 zMARAGm.

276 1715 383 1756 Atqui
397 1714 470 1746 haec
486 1714 590 1747 etiam
603 1714 782 1756 inscriptio
792 1718 845 1747 est
860 1715 983 1757 optimi

272 1765 394 1804 seculi,
410 1775 477 1806 quo
489 1775 509 1796 a
525 1764 754 1796 marmorariis
766 1764 800 1796 in
811 1765 984 1806 scriptura

276 1815 447 1848 rarissime
464 1820 644 1857 peccatum
661 1815 789 1848 videas.
827 1815 984 1856 Ligorius

275 1871 450 1908 repertam
468 1866 586 1898 Romae
606 1866 640 1897 in
656 1866 856 1898 coemeterio
872 1866 983 1898 eccle·

275 1918 337 1949 siae
361 1917 398 1949 S.
422 1916 545 1949 Mariae
576 1916 663 1948 vidit
688 1923 912 1959 sequentem:
946 1925 983 1950 Α.

274 1975 428 2000 rimmo.
457 1974 650 1999 1ANVAR10.
677 1974 983 1999 vmamno...uo-

276 2026 404 2052 nus‘rA.
422 2025 607 2050 Misslomz.
635 2025 694 2049 ιι..
711 2026 984 2050 ΒΕΜιε....σΕιιι-

276 2062 371 2103 nnis.
385 2077 614 2102 zMARAGDvs.
632 2077 816 2102 LinERrvs.
841 2079 875 2101 B.
893 2078 934 2101 M.
951 2078 985 2102 ι».

276 2126 330 2153 est
347 2121 438 2152 inter
448 2123 584 2152 nostras
599 2129 677 2161 pag.
695 2123 790 2152 1522.
805 2122 837 2153 3.
862 2121 946 2153 (ἕνα.

319 2173 340 2202 8
365 2169 503 2211 plumis]
542 2169 582 2201 ld
617 2174 682 2211 est,
714 2170 841 2211 pinnis.
869 2170 983 2202 Gloss.

277 2221 501 2255 Graeco-Lat.
523 2219 677 2262 ‘nrt-pbr,
710 2221 828 2262 pinna,
857 2221 983 2263 pluma,

277 2271 353 2305 ala!
397 2271 508 2304 Aliae:
533 2272 544 2290 ‘
558 2272 694 2312 Pluma,
707 2270 841 2304 morou!
872 2272 984 2304 Guiet.

323 2323 505 2355 Gemmeam
513 2322 660 2363 caudam]
678 2322 847 2354 Martialis
863 2323 905 2354 de
916 2323 984 2354 Pa-

279 2382 365 2404 vone
381 2381 465 2405 xm.
478 2375 531 2404 70.
554 2372 563 2389 ‘
574 2372 729 2413 Miraris,
741 2372 877 2414 quoties
893 2383 985 2414 gem-

278 2429 389 2456 matas
415 2423 567 2466 explicet
594 2423 676 2464 alas,
703 2424 750 2455 Et
775 2427 873 2464 potes
894 2424 985 2456 hunc

279 2485 372 2508 saevo
384 2475 731 2517 tradere,dure,coco
742 2474 766 2506 Γ
789 2476 870 2508 Nev.
893 2475 986 2509 Quo-

278 2526 381 2560 modo
399 2527 532 2560 Plinius
555 2526 682 2559 alicubi
701 2526 712 2544 ‘
725 2526 986 2559 Rotunditatem

279 2580 490 2620 gemmeam’
516 2577 626 2610 dixit:
649 2579 659 2596 ‘
675 2577 893 2610 Gemmatam
910 2587 988 2609 cau-

279 2628 381 2661 dam'
404 2628 542 2661 vocavit
565 2628 710 2662 Statius.
733 2626 839 2667 Schef.
882 2628 987 2669 Papi-

280 2678 357 2711 nius
373 2679 455 2711 Silv.
471 2688 512 2711 11.
528 2681 560 2711 4.
583 2679 593 2697 ‘
607 2680 719 2713 Quem
737 2688 802 2711 non
818 2682 988 2720 gemmata

280 2729 429 2762 volucris
465 2729 615 2763 Junonia
650 2729 758 2762 cauda
785 2729 952 2761 Vinceret
963 2729 987 2760 ?'

281 2779 437 2812 Lusimus
453 2784 490 2812 et
505 2789 567 2812 nos
584 2779 765 2824 aliquando
782 2778 825 2812 de
841 2788 988 2822 pavone,

720 190 866 222 NOTAE.
897 189 1166 222 VARIORUM
1199 187 1252 219 IN

1011 285 1111 318 nuda
1121 285 1243 319 similia
1251 284 1564 328 fabricantem&
1569 284 1723 341 dum

1019 335 1106 369 tioui
1135 336 1276 379 superbi
1311 341 1374 371 aut
1409 335 1552 370 formosi
1579 326 1724 372 liminis
1769 361 1785 367 -

1012 386 1159 420 subtexi
1172 394 1327 430 possent.
1369 388 1571 430 Pitanen,
1583 396 1628 426 ne
1637 395 1726 420 snu-

1021 448 1085 481 per
1098 438 1245 472 humane
1259 439 1495 483 loquamur-,in
1509 439 1666 472 modian
1675 436 1727 472 af·

1012 489 1127 532 ferre,
1142 490 1171 522 si
1186 500 1254 533 qua
1268 488 1418 524 varietas
1432 490 1556 524 lectori
1570 489 1728 532 voluptu-

1021 545 1092 574 tem
1106 541 1250 584 injicere
1265 541 1391 583 possit:
1429 541 1460 574 1.
1483 538 1613 574 ‘utne
1626 548 1728 574 nous

1021 602 1062 625 ac
1086 601 1176 634 pavo
1198 591 1332 626 stellati
1350 592 1511 636 syrmatis
1522 591 1726 625 orbernEx-

1022 642 1143 685 plicat,
1158 646 1196 675 et
1216 643 1328 675 varias
1340 646 1487 676 arrecto
1484 646 1631 685 νικήσω
1645 650 1728 685 peu-

1022 702 1084 725 nas
1099 693 1268 726 ostentat
1282 693 1368 734 Soli,
1382 692 1582 736 triplicique
1592 692 1729 735 insigne

1023 753 1153 777 corona
1178 745 1263 778 Fert
1288 744 1434 778 sublime
1458 748 1577 786 caput.
1620 742 1728 777 huni

1023 794 1193 828 mirantur
1227 800 1379 837 euntem,
1414 795 1587 829 Mirantur
1620 794 1730 836 Nym·

1026 845 1118 887 phae,
1164 856 1240 879 sese
1276 851 1394 889 stupet
1435 846 1512 888 ipse
1551 845 1730 888 superbus.

1025 898 1076 931 11.
1097 897 1196 931 Inter
1212 907 1294 930 aves
1320 897 1430 941 qualis
1454 896 1639 940 praestanti
1657 905 1731 936 cor-

1026 959 1111 992 pore
1127 959 1214 991 pavo
1226 948 1378 990 Eminet,
1401 948 1436 981 in
1452 949 1588 991 justum
1602 957 1734 991 pennas

1027 1010 1131 1043 quum
1160 1000 1288 1042 digerit
1321 1000 1454 1041 orbem,
1481 1000 1580 1032 Mille
1607 1008 1734 1042 gerens

1024 1053 1143 1085 oculos
1163 1051 1336 1094 <affixaque
1362 1051 1477 1085 sidera
1500 1057 1613 1093 tergo.
1662 1050 1734 1085 m.

1028 1102 1132 1135 Haud
1158 1103 1260 1135 aliter
1286 1102 1434 1145 „Iunonis
1465 1103 1538 1135 avis
1559 1101 1734 1144 ferrugine

1028 1154 1172 1196 pulchra
1212 1154 1385 1186 Munitum
1428 1153 1560 1186 attollit
1598 1157 1734 1194 peetus,

1028 1206 1239 1248 gemmisque
1254 1214 1415 1239 coruscas
1429 1203 1470 1236 Iu
1484 1211 1604 1246 gyrum
1619 1202 1735 1235 sinuat

1029 1266 1171 1298 pennas,
1186 1261 1222 1289 et
1234 1256 1370 1297 fulgura
1385 1256 1518 1292 miscet.
1548 1254 1613 1288 1v.
1633 1254 1736 1288 Talia

1028 1305 1187 1339 formosae
1204 1306 1349 1349 proefert
1373 1311 1451 1340 rota
1464 1307 1569 1349 ,picta
1583 1306 1733 1339 volucris

1029 1357 1185 1399 Lumina,
1196 1357 1275 1390 talis
1288 1367 1390 1399 apex,
1401 1358 1592 1390 talesstant
1602 1357 1735 1391 vertice

1030 1409 1159 1441 cristae.
1203 1408 1246 1441 V.
1269 1409 1402 1441 Pavoui
1426 1408 1556 1450 similis,
1574 1408 1636 1441 cui
1662 1408 1737 1441 sola

1031 1462 1086 1491 est
1101 1469 1184 1491 cura
1209 1459 1328 1492 decori
1350 1459 1530 1502 Synnatis,
1549 1459 1653 1504 Inque
1673 1468 1737 1494 sua

1032 1518 1170 1552 semper
1188 1510 1246 1552 qui
1271 1510 1371 1543 laude
1393 1514 1559 1552 moratur,
1571 1509 1738 1557 Area-cni

1031 1571 1243 1604 quaecunque
1281 1565 1400 1604 potest
1427 1565 1579 1604 ungusta
1609 1562 1738 1597 vider-t.

1031 1611 1096 1644 vt.
1118 1611 1176 1644 Sic
1206 1622 1296 1654 pavo
1325 1613 1494 1654 graditur,
1526 1612 1646 1646 sonum
1676 1613 1740 1656 qui

1032 1672 1175 1695 munere
1190 1662 1300 1696 fretus
1321 1663 1521 1697 Porticibus
1549 1663 1666 1698 vacuis
1686 1673 1740 1697 se·

1033 1719 1105 1748 met
1119 1715 1356 1757 circumspicit
1373 1716 1740 1758 errans‚·Cristatoqne

1033 1766 1103 1797 alte
1119 1766 1296 1807 consurgit
1309 1766 1443 1799 vertice
1455 1766 1500 1798 ad
1513 1767 1624 1799 auras.
1654 1765 1741 1802 vn.

1032 1815 1090 1847 Sic
1106 1816 1215 1848 ardua
1235 1826 1324 1858 pavo
1349 1817 1501 1849 Pectora
1523 1816 1596 1850 fert
1616 1818 1741 1860 hortis,

1033 1867 1230 1908 plumasque
1256 1866 1438 1899 monilibus
1467 1872 1586 1900 auctas
1610 1867 1740 1911 Erigit.

1032 1917 1136 1948 VIII.
1153 1916 1341 1958 Splendida
1355 1916 1405 1948 sic
1417 1926 1504 1958 pavo
1516 1917 1636 1950 eandm
1647 1924 1740 1951 man-

1035 1967 1136 2009 genia
1145 1967 1271 2009 jactat,
1287 1968 1485 2008 Expectans
1501 1967 1652 2010 laudem,
1665 1978 1742 2002 cre·

1034 2019 1168 2060 scitque
1181 2018 1342 2060 superbia
1357 2018 1451 2052 viso.²
1480 2019 1612 2052 Proescm

1080 2069 1260 2101 Gemmeam
1274 2070 1403 2101 caudam
1414 2070 1588 2114 explicans]
1609 2070 1742 2104 Plinius

1034 2119 1092 2151 lib.
1111 2128 1146 2152 x.
1168 2120 1177 2137 ‘
1191 2120 1415 2152 Gemmantes
1430 2120 1590 2153 laudatus
1612 2131 1742 2164 expun-

1034 2170 1085 2203 dit
1118 2171 1263 2211 colores,
1299 2170 1444 2203 adverso
1478 2172 1625 2204 maxime
1655 2173 1743 2215 sole,

1033 2222 1114 2265 quia
1130 2222 1180 2254 sic
1196 2221 1381 2262 fulgentius
1397 2221 1558 2254 radiant!
1581 2222 1660 2263 Εἰς.

1075 2275 1097 2304 9
1122 2272 1192 2309 Quo
1206 2271 1265 2312 mi]
1289 2271 1453 2314 ‘Supple‚
1475 2273 1534 2304 Dii
1545 2272 1745 2315 dederunt?

1033 2323 1145 2365 inquit
1157 2322 1354 2359 Praschius.
1398 2323 1523 2356 Recte.
1565 2323 1659 2357 Illud
1671 2331 1743 2366 quo,

1033 2375 1168 2416 integre
1184 2378 1251 2415 est,
1267 2384 1335 2416 qno
1349 2373 1429 2407 fine.
1466 2375 1530 2407 Est
1545 2377 1658 2407 autem
1673 2373 1741 2406 for-

1034 2425 1126 2457 mula
1160 2424 1382 2466 indignantis,
1419 2427 1455 2457 et
1491 2425 1742 2458 contemnentis

1035 2475 1239 2518 praesentia3
1263 2475 1379 2518 itaque
1389 2474 1531 2507 dimidia
1543 2478 1675 2507 tantum
1689 2475 1741 2507 sui

1035 2531 1139 2569 parte
1164 2524 1355 2568 profertur.
1399 2525 1563 2558 Horatius
1589 2525 1654 2567 Ep.
1669 2535 1693 2558 1.
1708 2529 1741 2558 6.

1035 2577 1046 2595 ‘
1059 2578 1137 2612 Quo
1152 2576 1235 2609 mihi
1250 2575 1402 2617 fortuna,
1418 2575 1446 2608 si
1461 2585 1528 2608 nou
1541 2575 1742 2609 conceditur

1035 2637 1115 2660 usus
1128 2626 1152 2659 ?’
1196 2626 1320 2659 Cicero
1336 2627 1435 2659 Verr.
1447 2635 1498 2659 lv.
1520 2626 1531 2644 ‘
1545 2626 1670 2658 Martis
1686 2635 1743 2658 ve·

1037 2688 1075 2711 ro
1100 2678 1235 2720 signum
1261 2687 1327 2719 quo
1349 2676 1442 2717 mihi,
1464 2676 1559 2717 pacis
1574 2676 1707 2709 auctori
1719 2675 1743 2708 2’

1037 2730 1201 2774 Propert.
1226 2728 1279 2761 El.
1294 2737 1345 2760 ιν.
1361 2730 1394 2760 3.
1415 2727 1426 2745 ‘
1439 2727 1531 2760 Nam
1556 2727 1636 2759 mihi
1661 2736 1740 2768 quo,

1037 2779 1154 2812 Poenis
1185 2778 1213 2811 si
1250 2787 1402 2821 purpura
1439 2776 1572 2820 fulgeat
1607 2777 1707 2810 ostris
1717 2776 1741 2809 θ’
