1806 3236
389 206 590 239 ramniu
624 206 735 240 FAB.
768 206 1071 239 AEsormnum
1107 204 1202 238 mn.
1237 206 1269 238 1.
1301 194 1373 237 16.

143 303 345 338 obtain-
367 299 458 336 -Pto
472 302 598 336 inuocat
613 303 723 345 possis
737 303 855 345 legere

143 355 252 390 etlam
279 355 433 397 αἰκία,
460 361 481 388 e
518 354 672 398 vestigiis
705 355 854 396 vulgatae

140 406 320 442 locun-in
369 405 567 451 Utrumque
595 407 660 440 hac
685 406 857 449 significa-

141 458 238 500 tione
249 457 343 502 ,apud
357 464 491 491 veteres
501 459 611 493 JCtos
623 459 789 492 usitatum
802 467 856 491 re-

142 504 291 552 peritur.
350 504 476 542 Cicero
513 509 558 542 de
596 510 701 544 Orat.
735 509 793 542 lib.
827 519 854 542 1.

138 556 385 595 ‘Advocatum
409 560 575 594 invocare
601 561 643 593 ad
666 560 856 594 defenden-

141 610 248 646 dun:
287 611 424 654 Sponsa,
447 616 488 645 ut
513 612 656 645 Servius
681 611 856 654 Sulpicius

139 661 234 705 opud
257 661 350 696 Geli.
372 662 433 696 lib.
448 672 500 696 lv·
515 666 550 696 4.
588 664 599 681 ‘
617 663 686 697 Qui
710 663 855 705 stipula·

138 713 244 748 bntur
256 723 300 747 ex
315 723 442 757 sponsu
457 713 610 756 agebat?
635 715 761 747 Malum
776 715 855 747 dare

138 764 362 799 scribendum
378 765 467 798 vidit
482 765 690 801 Gronovius.
734 765 854 798 Possis

139 816 247 850 etiem
260 817 428 858 scribere,
453 818 594 851 Vadatus
607 827 717 850 nomen
737 818 791 859 qui
806 818 855 849 in-

138 868 558 910 mmmmm.
601 868 714 911 quue
726 868 855 901 verius.

140 918 224 951 Rem
243 918 394 960 medita
415 919 604 952 illustravit
624 920 785 953 Graevins
808 920 854 952 ad

139 968 268 1004 Justin.
293 969 354 1003 lib.
367 979 475 1017 xnm.
497 974 528 1004 1.
569 970 628 1004 Ita
648 972 658 990 ‘
675 971 852 1014 Expedite

138 1021 311 1055 ntiones’
333 1021 452 1063 sctis,
467 1021 557 1066 quod
574 1022 633 1065 qui
653 1032 720 1055 non
746 1021 853 1055 facie-

140 1073 239 1115 bant,
270 1073 361 1107 dicti
395 1074 644 1107 conturbatores.
701 1075 711 1092 ‘
743 1073 852 1107 Rem’

136 1124 249 1164 labes
262 1123 356 1168 apud
370 1124 556 1164 Horatium
572 1125 747 1166 praedicto.
761 1125 851 1158 loco.

139 1175 256 1209 Hu'n.
289 1175 500 1218 eonjecent
513 1179 552 1208 et
564 1175 746 1208 Heinsius:
772 1176 853 1208 Cum

128 1225 357 1268 fraud-lemn
381 1228 518 1259 advocas
541 1236 656 1269 sponsu
685 1226 852 1269 improbos,

137 1278 217 1311 Neu
223 1280 256 1312 ta
263 1278 426 1321 expedite,
435 1279 574 1311 mitrale
582 1278 850 1321 audire,expetis.·

137 1330 207 1368 vol,
247 1330 433 1364 Fraudator
474 1340 588 1364 nomen
624 1340 695 1362 cam
731 1329 853 1371 obligat

135 1391 251 1424 m
273 1381 425 1425 improbo,
450 1382 527 1415 Non
553 1391 588 1415 se
613 1382 776 1424 expedire,
798 1383 853 1414 sed

135 1433 496 1476 mammem.-
517 1433 614 1467 locus
625 1432 719 1466 foede
729 1433 852 1475 depra—

137 1488 262 1518 vatus:
297 1490 418 1528 posset
457 1489 574 1518 tamen
605 1489 642 1518 et
671 1484 852 1518 commodo

137 1544 244 1569 sensu
270 1535 372 1578 legi,
389 1536 573 1569 Fraudator
597 1536 754 1570 hominem
782 1547 853 1569 cum

138 1589 228 1619 uocat
244 1599 249 1602 -
263 1595 409 1640 Μυκη
451 1586 638 1629 improbum,
673 1587 750 1620 Non
785 1597 854 1620 rem

137 1636 300 1679 expedire,
325 1637 381 1669 ud
403 1637 489 1669 mala
511 1637 617 1670 videre
640 1637 712 1680 (vel
738 1638 853 1670 malum

136 1687 239 1729 dae)
251 1687 386 1730 expetit.
433 1687 492 1721 Ita
506 1692 546 1721 ut
561 1688 648 1721 velit
658 1688 850 1721 Phaedrus:

135 1738 388 1773 Fmdatorem
403 1739 507 1772 alium
519 1739 749 1781 decepturum
762 1749 853 1781 esse,

136 1801 216 1825 cum
230 1800 432 1834 sponsorem
455 1791 588 1833 allegat
601 1790 797 1833 improbum
814 1783 853 1822 et

136 1844 278 1877 malum.
323 1843 478 1886 Sponsum
502 1852 627 1884 vocare,
649 1842 793 1884 propria
814 1841 850 1874 in

134 1894 200 1928 bne
214 1894 414 1936 relocatio,
433 1894 528 1927 idem
540 1894 636 1926 valet
659 1902 714 1935 ac,
721 1892 849 1935 jubere

137 1945 290 1990 aliquem
304 1945 411 1979 fidem
429 1955 494 1988 pro
508 1954 547 1982 se
562 1944 801 1986 interponere,
813 1947 851 1976 et

70 1991 74 1996 ’
136 2007 272 2031 cavere.
293 1997 353 2031 Ita
369 1997 496 2030 Horat.
508 1995 622 2038 Epist.
639 2004 679 2028 ιι.
694 1997 726 2027 2.
738 2004 786 2027 vs.
794 1997 849 2027 67.

137 2048 149 2067 ‘
166 2048 237 2082 Hic
265 2057 428 2090 sponsum
461 2050 575 2088 vocat,
605 2046 662 2078 hic
695 2045 851 2078 anditum

137 2099 281 2142 scripu,
296 2098 428 2131 relictis
441 2097 611 2131 Omnibus
625 2095 770 2129 officiis!
803 2097 851 2128 Et

137 2151 191 2184 ita
210 2150 222 2170 ‘
238 2152 407 2193 Sponsum
423 2147 585 2190 mittere,’
602 2157 677 2190 pro,
688 2147 730 2179 ad
748 2156 850 2189 spon-

137 2201 303 2244 dendum,
318 2202 353 2233 in
369 2200 487 2234 Ovidii
502 2200 591 2240 loco,
606 2209 627 2231 a
642 2198 697 2231 Cl.
715 2198 849 2230 Grono-

137 2254 195 2288 vio
208 2252 362 2294 laudato,
375 2251 616 2294 accipiendum
629 2254 694 2283 est.
717 2249 850 2281 Eadem

137 2304 272 2340 mione
287 2303 414 2337 Groece
436 2302 508 2335 dici
523 2300 671 2335 Κελεύειν
681 2299 851 2341 ἀναδέχεσ-

136 2357 202 2397 θαι,
216 2354 338 2388 docuit
351 2354 544 2388 casaubon.
560 2353 605 2386 ad
619 2353 849 2395 Theophrast-

137 2403 372 2449 nupti-nuptas.
407 2405 464 2438 Sic
478 2404 488 2422 ‘
500 2406 643 2438 Ducere
654 2408 825 2447 quaestum
838 2401 847 2431 ³

135 2456 198 2490 inf.
221 2455 280 2493 lib.
295 2464 355 2489 ιιι.
377 2458 434 2488 2⁰.
456 2455 516 2488 nbi
537 2455 630 2487 vide.
678 2454 849 2486 Hominem

135 2506 310 2550 imolam
323 2505 488 2538 familiari
499 2505 562 2538 sibi
572 2505 747 2538 locutione
761 2503 849 2536 dixit

136 2557 320 2591 Phaedrus.
340 2557 399 2590 Sic
411 2556 503 2590 infra
514 2556 632 2590 fabula
643 2559 696 2589 19.
711 2557 721 2575 ‘
734 2556 849 2588 Homo

137 2609 270 2643 malus?
290 2610 346 2641 ³1.
386 2610 397 2627 ‘
420 2607 536 2640 Homo
565 2605 766 2649 improbus?
794 2609 849 2639 35.

137 2659 277 2693 ‘Homo
303 2658 486 2702 bilinguis}
509 2663 547 2691 et
569 2658 726 2700 plurimis
751 2658 849 2700 locis,

138 2709 199 2743 nbi
219 2709 231 2728 ‘
247 2709 360 2743 Homo
373 2710 383 2723 ⁹
395 2719 457 2752 pro
468 2710 593 2752 aliquo,
606 2714 644 2742 et
655 2708 849 2751 indefinito,

139 2759 294 2803 ponitur.
314 2760 437 2804 Neque
449 2760 564 2801 video,
576 2770 639 2793 cur
653 2770 721 2793 non
736 2761 849 2793 Cervo

140 2816 239 2845 recte
268 2812 454 2846 conveniat
485 2813 695 2845 Fraudatoris
733 2813 850 2854 appel-

230 2867 351 2909 Delph.
364 2871 395 2899 et
414 2868 490 2901 Var.
504 2868 591 2901 etus.

827 2866 960 2899 Phoedr.

1534 193 1622 238 385

906 302 1004 345 latio,
1018 311 1097 336 cum
1119 301 1379 344 simplicissimae
1403 305 1439 335 et
1458 301 1622 335 innoeen-

907 354 1050 387 tissimae
1082 353 1138 386 ovi
1173 353 1278 387 facile
1306 353 1449 386 insidias
1481 359 1619 385 struere

906 404 1028 447 possit,
1051 408 1100 446 et,
1117 404 1288 438 societate
1313 413 1390 437 cum
1414 404 1498 446 lupo
1522 402 1622 442 inita,

905 466 982 489 eam
998 455 1133 498 saliere,
1149 459 1184 489 et
1197 455 1384 488 velocitate
1396 455 1532 488 tardum
1549 454 1620 486 ani-

905 508 974 540 mal
1003 511 1228 550 praevertere.
1284 507 1404 540 Vocare
1430 516 1513 539 vero
1539 515 1620 538 cum

905 560 1006 592 locare
1017 569 1062 592 sae
1068 568 1111 601 pe
1122 569 1143 591 a
1153 558 1300 592 librariis
1313 557 1490 598 confundi,
1501 556 1621 590 docuit

906 611 1028 644 Douza
1042 610 1133 643 filius
1155 610 1200 643 ad
1216 610 1343 643 Catull.
1359 619 1437 652 cap.
1454 612 1506 641 ll.
1520 608 1621 641 etita

905 661 1042 694 variant
1057 661 1194 694 codices
1208 660 1302 703 apud
1315 661 1444 693 Lucan.
1459 668 1526 691 vn.
1541 662 1619 692 815.

903 713 914 731 ‘
929 713 1154 756 Quocumque
1185 716 1281 744 tuam
1306 710 1445 744 fortuna
1466 710 1621 750 vocabit,

904 764 972 798 11ae
987 774 1122 807 qnoque
1137 768 1220 796 eant
1242 763 1367 795 animae
1381 762 1404 795 :'
1434 762 1494 794 ubi
1517 761 1619 794 multi

903 816 1035 848 locabit:
1059 815 1220 848 vitiosum
1235 819 1274 847 et
1284 814 1350 847 hoc
1364 813 1504 846 verbnm
1515 814 1618 845 locare

905 867 996 909 apud
1024 867 1148 899 Manil.
1163 875 1192 899 1.
1207 868 1283 899 244.
1306 869 1413 908 puto:
1447 864 1457 883 ‘
1474 864 1522 896 Et
1536 872 1615 896 cnm

903 919 982 951 luce
999 917 1108 950 refert
1122 927 1267 960 operum
1283 915 1477 949 vadimonia
1492 913 1616 947 terris:

904 971 979 1004 Nos
1010 970 1045 1002 in
1071 974 1175 1002 nocte
1201 978 1331 1010 sumus,
1351 975 1559 1008 somnosque
1581 965 1618 997 in

902 1021 1058 1054 membra
1072 1021 1224 1053 locamus
1237 1019 1260 1052 :'
1274 1018 1368 1062 quod
1378 1022 1476 1051 recte
1493 1015 1616 1049 Latine

903 1072 1035 1106 dictum
1059 1072 1200 1114 negavit
1222 1071 1391 1112 Scaliger,
1416 1079 1481 1102 nec
1507 1078 1618 1100 mere-

902 1123 1005 1156 batur
1027 1124 1071 1156 ab
1088 1123 1219 1156 Huetio
1243 1122 1474 1155 obsoletarum
1490 1119 1614 1152 locuti-

903 1183 1007 1207 onum
1022 1173 1182 1214 exemplo
1194 1171 1356 1205 defendi:
1381 1171 1470 1212 lege,
1481 1179 1618 1202 somnos-

902 1235 960 1268 que
973 1225 1008 1258 in
1017 1224 1157 1258 membra
1166 1232 1311 1256 vocamus
1320 1233 1332 1255 .·
1357 1222 1449 1265 quod
1458 1226 1591 1254 rectum
1604 1233 1614 1253 :

902 1286 968 1310 nec
997 1276 1142 1309 multum
1158 1275 1202 1308 ab
1224 1275 1289 1307 hac
1307 1274 1481 1307 locutione
1499 1272 1619 1307 differt

889 1314 962 1361 'ina
993 1327 1098 1362 Ovid.
1121 1327 1214 1360 Met.
1239 1335 1282 1359 11.
1307 1329 1394 1359 235.
1413 1325 1424 1343 ‘
1441 1325 1619 1367 Sanguine

901 1385 997 1422 tunc,
1013 1379 1174 1420 credunt,
1189 1378 1224 1411 in
1248 1387 1397 1420 corpora
1412 1386 1545 1409 summa
1558 1386 1618 1409 vo-

902 1436 994 1473 cato,
1008 1430 1207 1473 AEthiopum
1224 1429 1369 1471 populos
1392 1427 1528 1469 nigrum
1548 1431 1616 1459 tra-

900 1483 994 1515 xisse
1020 1480 1192 1514 colorem!
1221 1479 1465 1514 Confi-derunt
1491 1479 1618 1511 iterum

901 1535 1003 1566 locare
1014 1537 1048 1566 et
1062 1541 1173 1564 vocare
1183 1531 1276 1574 apud
1293 1531 1329 1563 Μ
1334 1529 1619 1564 aniliumlibrarii

901 1584 962 1617 lib.
977 1593 1035 1616 ιιι.
1057 1586 1112 1616 70.
1157 1583 1342 1616 Richterns
1364 1582 1399 1614 in
1418 1581 1617 1624 Specimine

901 1634 1088 1667 Animadv.
1100 1634 1286 1666 violentam
1298 1642 1437 1666 manum
1451 1633 1530 1665 huic
1541 1633 1618 1666 loco

902 1686 1090 1727 desperato
1102 1684 1256 1725 adhibet,
1270 1688 1306 1716 et
1320 1683 1419 1726 legit,
1436 1683 1619 1716 Fraudator

901 1737 990 1769 homo
1012 1736 1118 1778 aliqua
1142 1744 1260 1776 rogans
1282 1743 1430 1776 sponsore
1458 1733 1620 1776 improbo:

901 1796 966 1829 per
980 1796 1036 1819 me
1061 1786 1179 1827 liceat,
1201 1785 1231 1817 si
1254 1785 1320 1818 sibi
1342 1784 1481 1826 placere
1496 1784 1619 1827 possit.

902 1838 943 1870 In
959 1837 1112 1870 secundo
1125 1846 1226 1869 versu
1242 1840 1358 1879 potest
1381 1836 1524 1878 vulgata
1546 1836 1618 1868 lec-

901 1890 963 1931 tio,
975 1890 1057 1922 mala
1071 1889 1188 1930 videre,
1203 1888 1356 1930 retineri,
1369 1893 1406 1920 et
1417 1887 1524 1920 videre
1540 1897 1617 1930 per,

901 1950 1091 1983 procurare
1114 1940 1243 1982 exponi
1255 1952 1265 1981 ;
1287 1939 1332 1972 de
1353 1949 1423 1982 qua
1444 1937 1617 1981 significa·

902 1993 996 2025 tione
1013 1993 1088 2034 eJns
1104 1990 1295 2023 verbivide
1309 1990 1435 2022 Heius.
1452 1989 1496 2021 ad
1509 1989 1616 2022 Ovid.

902 2042 981 2076 Art.
1012 2042 1092 2075 Am.
1113 2051 1139 2075 1.
1170 2051 1219 2074 vs.
1235 2044 1312 2074 587.
1347 2046 1385 2074 et
1409 2040 1547 2073 Victor.
1570 2040 1615 2072 ad

903 2095 1012 2126 Cicer.
1043 2094 1108 2135 Ep.
1132 2091 1177 2125 ad
1202 2091 1315 2125 Attic.
1347 2102 1382 2125 v.
1410 2095 1441 2124 1.
1499 2091 1557 2124 Sic
1579 2094 1618 2124 et

900 2145 1024 2178 Cicero
1045 2144 1184 2176 Tuscul.
1201 2143 1334 2178 Quaest.
1359 2153 1416 2176 ιιι.
1443 2143 1454 2161 ‘
1470 2142 1615 2186 Aliquid

899 2195 1075 2228 videamus
1091 2194 1183 2228 cibi!
1220 2195 1289 2227 Ubi
1305 2195 1338 2227 in
1361 2194 1614 2227 recentioribus

900 2245 1109 2279 editionibus
1120 2246 1309 2288 repositum
1319 2251 1374 2279 est
1382 2240 1615 2288 prooideamus.

900 2297 1029 2330 Melior
1044 2301 1158 2329 tamen
1179 2300 1234 2328 est
1256 2297 1428 2330 correctio
1445 2295 1617 2330 Gronovii

900 2349 1015 2382 malum
1028 2350 1116 2382 dare.
1159 2348 1298 2380 Terent.
1313 2346 1422 2380 Andr.
1446 2357 1472 2380 1.
1492 2350 1524 2380 1.
1540 2350 1616 2383 116.

899 2401 909 2419 ‘
926 2401 997 2435 Qui
1026 2400 1166 2433 dederit
1190 2400 1353 2432 damnum
1381 2404 1441 2432 ant
1461 2398 1614 2431 malum.'

900 2451 1012 2485 Cicer.
1037 2452 1120 2485 Ver.
1146 2460 1187 2483 ιι.
1202 2454 1254 2484 10.
1286 2451 1296 2468 ⁴
1314 2451 1447 2483 Cohors
1464 2454 1541 2482 tota
1554 2450 1616 2482 illa

899 2508 972 2547 tua,
983 2514 1060 2547 quae
1074 2504 1150 2546 plus
1160 2502 1241 2535 mali
1252 2502 1379 2536 Siciliae
1389 2502 1501 2543 dedit,
1513 2511 1615 2545 quam

899 2556 928 2588 si
951 2560 1091 2588 centum
1108 2555 1267 2588 cohortes
1290 2553 1514 2596 fugitivorum
1534 2552 1615 2585 fuis-

899 2607 999 2640 sent!
1044 2607 1132 2639 Male
1152 2607 1270 2645 ridere,
1296 2605 1389 2648 quod
1416 2604 1614 2638 Gronovius

898 2659 1043 2699 mavult,
1059 2669 1078 2690 a
1089 2655 1268 2690 Scheffero
1279 2660 1441 2688 sumtum.
1467 2655 1613 2688 Plautus

899 2710 1037 2742 Poenul.
1048 2718 1105 2742 ιιι.
1115 2712 1148 2741 5.
1162 2711 1194 2741 3.
1218 2709 1227 2726 ‘
1240 2708 1310 2742 Qui
1322 2708 1356 2739 in
1371 2717 1406 2738 re
1422 2706 1540 2738 divina
1551 2706 1612 2738 du-

900 2762 980 2794 dum
991 2761 1166 2800 dicebant,
1176 2759 1257 2792 mihi
1266 2759 1396 2799 Malum
1407 2758 1615 2790 damnumve

900 2822 1097 2845 maxumum
1135 2810 1349 2854 portendier‚
1377 2809 1412 2842 Is
1442 2808 1614 2851 explicavi

1452 2866 1473 2895 2
1496 2863 1526 2895 Β
