1806 3236
236 222 326 266 734
558 230 816 264 Rsscssnsus
849 231 1134 264 murionum
1167 232 1385 264 nummu.

241 345 264 370 a
280 330 484 378 Neveleto,
503 331 672 383 denique
694 344 717 371 e
747 331 936 372 chartula
955 331 1059 372 Petri
1078 332 1250 374 Danielis
1269 345 1293 372 a
1310 331 1481 385 Rigaltio
1495 332 1697 380 coucam,

240 395 503 448 disquisitioni
524 394 707 446 subjecit.
735 395 857 436 Hisce
888 395 1072 435 subsidiis
1108 397 1318 436 instructus
1336 402 1486 436 textum
1516 397 1701 437 emenda-

241 460 325 500 vit:
357 473 436 512 quo
454 459 612 512 quidem
632 461 669 498 in
690 472 830 512 genere
846 460 901 500 sic
917 466 1094 500 versatus
1112 468 1186 510 est,
1205 467 1250 500 ut
1266 473 1464 513 nunquam
1481 460 1561 501 fere
1579 473 1604 500 a
1620 461 1702 501 lee-

241 525 412 566 tionibus
442 530 613 564 veterum
643 524 855 577 Codicum,
875 525 946 564 nisi
975 526 1043 565 ubi
1074 538 1181 566 error
1209 526 1450 566 librariorum
1479 525 1704 566 manifestus

243 588 620 641 deprehenderetur,
640 589 714 630 sibi
744 590 1011 630 recedendum
1031 604 1117 631 esse
1136 597 1307 644 putaret.
1333 590 1460 638 Notis,
1479 603 1528 630 ex
1543 589 1704 630 editoris

245 653 525 692 commentario
557 653 731 704 pleniore
764 655 969 702 desumtis‚
1008 656 1163 708 egregie
1193 655 1408 696 illustratur
1437 660 1584 708 poeta:
1612 667 1705 707 que,

245 717 405 769 quidem
425 717 478 757 ita
498 717 659 770 scriptae
679 723 784 766 sunt,
805 724 849 758 ut
867 719 952 758 aliae
971 719 1142 767 Criticis,
1172 720 1259 759 aliae
1289 720 1583 767 Literatoribus,
1611 729 1707 759 non-

245 782 363 821 nullae
383 781 498 821 etiam
518 782 707 822 tironibus
732 783 887 835 placere
919 786 1091 836 possint.
1120 785 1266 824 Textui
1298 784 1476 838 praefixae
1502 790 1595 824 sunt
1622 783 1706 823 Dio-

244 846 468 898 putationes
489 857 562 886 111.
592 846 642 886 de
661 848 764 895 Vita,
784 849 956 897 Fabulis,
975 855 1018 890 et
1035 849 1281 890 Editionibus
1301 849 1470 890 Phaedri.
1566 903 1569 906 y

301 933 355 940 -
369 911 581 963 Improved
597 912 710 952 Latin
730 913 1024 967 Orthography.
1043 914 1263 961 Phaedrus‘,
1283 927 1327 954 or
1342 913 1557 962 Phaedros',
1571 911 1711 953 rables

247 977 287 1016 in
307 976 436 1023 Latin,
454 977 627 1028 adapted
660 982 703 1016 to
728 978 794 1018 the
827 979 911 1019 Use
941 979 988 1018 of
1015 980 1200 1019 Learners
1228 978 1306 1019 and
1333 979 1481 1027 others,
1515 978 1570 1031 by
1601 989 1710 1017 some

248 1041 410 1093 Change
430 1041 468 1080 in
488 1042 554 1081 the
575 1042 761 1095 Spelling,
782 1043 960 1095 together
977 1043 1071 1083 with
1100 1042 1319 1082 additional
1338 1043 1472 1082 Vowel
1488 1042 1711 1082 characters

247 1106 325 1144 and
346 1105 496 1155 Marks‚
515 1108 593 1145 διο.
606 1107 724 1159 being
743 1107 907 1147 Volume
917 1108 982 1147 the
997 1106 1080 1147 first
1092 1107 1138 1147 of
1151 1108 1216 1147 the
1232 1108 1344 1147 Latin
1364 1107 1555 1154 Authors,
1582 1105 1714 1146 which

249 1182 316 1209 are
335 1170 388 1209 all
419 1170 606 1210 intended
628 1171 681 1224 by
699 1172 766 1211 the
786 1171 926 1211 Editor
943 1179 984 1211 to
1005 1171 1054 1211 be
1090 1171 1299 1224 published
1320 1170 1581 1223 successively
1595 1170 1634 1210 in
1650 1170 1716 1210 the

253 1235 336 1274 said
359 1236 539 1275 Manner.
562 1237 621 1288 By
642 1238 683 1277 S.
705 1238 751 1276 B.
773 1238 822 1276 A.
839 1238 884 1276 B.
904 1233 1084 1276 London.
1108 1237 1286 1276 Debrett.
1310 1242 1349 1276 8.

306 1300 463 1339 Phaedri
483 1301 643 1339 Fabulae
668 1301 824 1340 seleetae
852 1312 975 1340 XXII.
1004 1302 1050 1340 In
1069 1302 1212 1341 Christ.
1233 1299 1404 1340 Gottlob
1422 1297 1597 1339 Broederi
1617 1298 1717 1337 Leo·

252 1362 425 1408 tionibus
445 1363 605 1403 Latinis.
634 1364 791 1415 Lipsiae.
813 1370 836 1404 8
858 1364 952 1415 maj.

307 1450 361 1456 -—
376 1427 533 1468 Phaedri
554 1428 789 1468 Fabularum
802 1428 910 1468 Libri
929 1439 972 1467 v.
993 1428 1320 1481 Interpretatione
1337 1434 1376 1467 et
1391 1427 1494 1469 notis
1511 1426 1720 1468 illustravit

255 1492 361 1531 Petr.
381 1492 511 1533 Danet
530 1493 570 1532 in
586 1506 699 1532 usum
719 1493 922 1545 Delphini.
952 1493 1137 1533 Venetiis.
1156 1492 1384 1532 4.-Editio
1402 1491 1702 1543 elegantissima.

308 1578 362 1588 —
378 1557 533 1596 Phaedri
550 1558 724 1597 Fabulae.
751 1557 809 1596 Ex
834 1557 1056 1597 recensione
1075 1558 1120 1596 P.
1139 1557 1364 1604 Burmanni,
1397 1569 1486 1596 cum
1524 1555 1630 1595 notis
1666 1568 1724 1594 se-

255 1620 494 1660 lectioribus.
523 1621 655 1661 Editio
684 1621 905 1669 novissima,
934 1627 975 1661 et
999 1636 1061 1662 ex
1079 1622 1261 1662 omnibus
1280 1621 1460 1675 partibus
1486 1633 1605 1674 quam
1634 1619 1724 1673 pul—

256 1685 463 1735 cherrima,
482 1700 572 1726 cum
592 1686 687 1739 figg.
702 1700 776 1727 aen.
796 1687 985 1727 venetiis.
1006 1693 1042 1727 8.

313 1772 367 1779 —
381 1750 537 1789 Phaedri
562 1751 799 1790 Fabularum
833 1751 971 1803 AEsop.
998 1750 1106 1790 Libri
1137 1762 1181 1791 V.
1209 1758 1250 1789 et
1280 1762 1469 1790 novarum
1502 1713 1722 1790 fabularum

261 1814 488 1866 AppendiX.
517 1815 646 1862 Halae,
667 1814 851 1866 impensis
872 1815 1321 1867 Orphanotrophei.12.

320 1884 423 1924 1788
442 1878 599 1918 Phaedri
633 1879 793 1919 Fabulae
834 1879 1003 1919 selectae.
1040 1879 1119 1919 Mit
1152 1879 1455 1930 Anmerkungen
1488 1878 1569 1921 und
1600 1877 1725 1917 ciuem

261 1941 561 1994 vollstaendigen
592 1943 865 1996 Wortregister
900 1943 963 1983 fiir
996 1944 1180 1983 Schulen.
1208 1943 1392 1991 Berolini,
1421 1941 1528 1995 apud
1554 1942 1661 1982 Petit
1686 1947 1729 1981 et

262 2007 459 2047 Schoene.
480 2008 713 2048 8.—-Editor
731 2014 792 2047 est
810 2008 870 2047 Cl.
889 2007 1090 2047 JoerdenS.

318 2093 370 2101 —-
385 2072 540 2111 Phaedri
570 2073 806 2112 Fabularum
843 2073 952 2112 Libri
984 2083 1026 2111 V.
1055 2072 1170 2111 Nova
1202 2070 1336 2118 editio,
1374 2071 1441 2110 cui
1477 2076 1728 2111 accesserunt

265 2136 382 2175 Notae
402 2137 586 2184 Gallicae,
605 2138 648 2176 P.
673 2138 758 2190 Syri
782 2144 823 2178 et
851 2138 1016 2178 aliorum
1050 2137 1278 2184 Sententiae,
1297 2148 1448 2175 necnon
1476 2135 1623 2175 fabulae
1659 2149 1730 2188 pa-

264 2200 408 2240 rallelae
426 2202 489 2241 Jo.
509 2201 559 2241 de
578 2202 616 2241 la
635 2202 834 2242 Fontaine.
861 2202 1028 2250 Parisiis,
1050 2215 1116 2254 ap.
1135 2201 1246 2240 Paul.
1268 2201 1431 2253 Dionys.
1453 2201 1612 2239 Brocas.
1629 2205 1693 2239 12.

330 2272 433 2313 1790
451 2267 645 2305 Auctores
673 2266 796 2305 Latini
816 2266 998 2313 minores,
1019 2266 1058 2305 in
1078 2278 1187 2305 usum
1208 2265 1439 2304 Scholarum
1466 2264 1608 2315 additis
1629 2263 1732 2303 notis

265 2330 366 2371 editi
384 2333 484 2380 (cur.
507 2330 554 2369 C.
576 2331 629 2369 H.
649 2330 931 2378 Tzschuckio.)
949 2330 1063 2369 Tom.
1088 2339 1118 2368 Ι.
1135 2329 1311 2375 Misenae,
1335 2328 1521 2381 impensis
1545 2329 1592 2368 C.
1610 2329 1655 2367 F.
1673 2328 1729 2368 G.

268 2394 493 2434 Erbsteinii.
527 2395 899 2435 12.—-Continentur
919 2395 996 2433 hoc
1015 2393 1206 2434 volumine
1233 2398 1374 2445 praeter
1405 2393 1575 2432 Fabulas
1593 2391 1734 2432 Aviani

266 2473 290 2499 e
307 2472 384 2498 rec.
412 2458 698 2511 Cannegieteri,
737 2459 855 2498 Dion.
887 2460 1050 2499 Catonis
1084 2458 1266 2498 Disticha
1291 2457 1341 2496 de
1365 2457 1541 2498 moribus
1571 2471 1622 2496 ex
1652 2469 1732 2496 rec.

269 2522 481 2571 Arntzenii,
502 2523 546 2562 P.
566 2523 655 2574 Syri
673 2528 714 2562 et
730 2523 894 2563 aliorum
914 2529 1087 2563 veterum
1108 2522 1317 2562 Sententiae
1335 2536 1384 2562 ex
1397 2535 1477 2562 rec.
1495 2523 1535 2562 J.
1555 2520 1730 2568 Gruteri,

270 2586 428 2626 Phaedri
460 2586 621 2626 Fabulae
639 2600 687 2626 ex
704 2600 785 2627 rec.
807 2587 852 2627 P.
874 2587 1098 2627 Burmanni.
1131 2587 1352 2639 Separatim
1371 2600 1530 2639 quoque
1548 2585 1734 2626 Phaedrus

270 2651 402 2691 editus
422 2657 483 2691 est
501 2652 576 2691 sub
597 2651 735 2692 titulo:

329 2739 382 2747 —
415 2717 572 2756 Phaedri
601 2717 836 2757 Fabularum
870 2716 979 2758 Libri
1015 2727 1057 2756 v.
1090 2716 1128 2756 in
1160 2728 1275 2755 usum
1307 2715 1526 2755 scholarum
1565 2713 1734 2766 aspersis
