1806 3236
17 2106 26 2114 .
0 1898 34 2082 „eq
0 1811 30 1872 m·
0 1735 28 1795 w·
24 1711 25 1714 „

348 213 552 249 ramniu
586 214 695 249 ran.
731 212 1036 249 AESOHA'RUM
1071 215 1165 250 ms.
1199 216 1267 249 ιν.
1298 205 1369 249 21.

129 310 362 357 mnu
371 309 441 345 als?
462 310 573 352 Schef.
661 333 667 336 -

125 358 343 409 rma]
365 363 527 396 Diversoe
556 362 600 396 ab
627 362 679 395 his
713 363 842 396 tabulae

112 413 377 459 wer.
391 414 539 458 quarum
577 414 711 448 mentio
750 416 844 457 apud

127 464 425 502 nnana-mxv.
448 467 551 500 cous.
576 467 713 500 Honor.
737 468 844 501 ‘Non

124 509 286 553 meu
312 517 457 559 tubulas,
479 528 549 552 non
571 519 671 552 hasta
692 519 843 563 refixss‚’

122 570 207 608 δυ
217 578 310 603 vers.
319 571 402 604 ΔΜ.
426 570 531 604 Gaas

175 618 326 655 tautam
353 621 459 664 swa]
483 621 682 665 Naufragii,
711 623 747 656 in
777 633 845 666 qua

124 670 306 715 metum
349 682 448 706 suum
491 673 670 707 habebant
713 685 842 708 casum.

121 723 303 767 ‚Videatur
314 724 476 759 Juvenal.
499 726 574 759 Sat.
591 735 659 759 πη.
703 727 844 760 Persius

107 773 206 821 ,sss
228 784 256 809 1.
286 775 398 816 &bef-
441 777 486 810 V.
503 777 662 811 Lambin.
688 783 724 811 et
743 779 844 812 Torr.

129 825 176 860 ad
189 826 318 861 Horat.
337 827 417 862 od.-
426 837 454 862 1.
469 832 502 862 6.

123 886 141 913 ’,
176 879 330 914 Tabam
357 891 448 914 mn
479 882 674 924 Por-figunt]
707 883 764 916 De
793 886 844 916 ta-

100 907 213 969 ‘bula
226 933 471 977 mnstegomm
493 936 639 971 Petron.
660 938 761 970 Pers.
783 937 845 971 Ju-

121 985 245 1019 venal.
259 985 414 1019 Martial.
426 988 492 1020 &m
539 986 733 1030 Naufragia
749 988 846 1031 picta

125 1035 400 1071 misericordiam
415 1042 579 1072 movent:
602 1038 671 1071 imo
685 1039 844 1072 timorem

127 1087 318 1136 incutiunt.
364 1090 458 1123 Gur,
475 1091 658 1125 Fortunat.
685 1093 695 1110 ‘
720 1092 845 1125 Pictor

127 1139 312 1184 naufragia
341 1141 459 1184 pinxit
484 1146 523 1174 et
548 1142 687 1185 publice
718 1153 845 1185 propo-

128 1191 220 1233 πίῃ
245 1201 355 1226 nemo.
374 1193 536 1236 navigan
562 1203 642 1227 reus
671 1198 726 1227 est
744 1195 845 1238 Reip.

127 1241 246 1278 lose:
268 1243 350 1285 Rig-

122 1315 131 1324 -
166 1294 328 1330 *Tabulam
348 1305 440 1330 sumn
470 1297 663 1339 Pon-ignat,
695 1301 847 1340 rogantes

123 1345 263 1393 donn]
285 1347 396 1392 Lege,
410 1352 473 1382 aut
493 1354 590 1382 certe
605 1350 746 1392 scande,
762 1351 845 1383 Por·

123 1401 223 1444 erut·
255 1400 448 1444 .Nnufragi
473 1400 582 1446 (quod
611 1411 655 1434 ex
679 1402 846 1436 Juvenali

127 1460 267 1495 quoque
303 1452 485 1494 discimus)
525 1454 651 1497 stipem
689 1455 845 1488 ostiatim

128 1513 315 1548 corrogare
343 1507 516 1548 solebant,
543 1508 580 1541 in
609 1508 731 1541 tabula
763 1519 845 1552 qua-

128 1557 208 1592 dan
233 1557 414 1601 depictum
437 1560 644 1594 exhibentes
670 1561 844 1603 naufragii

127 1609 181 1643 sui
205 1615 336 1651 mum,
356 1611 665 1654 commiserationis
695 1622 845 1646 commo-

127 1659 264 1700 venda.
307 1660 420 1695 Porro
434 1671 512 1695 cum
529 1662 595 1695 hac
610 1663 753 1696 historia
769 1665 844 1698 fere

127 1711 294 1746 convenit
318 1713 410 1756 quod
440 1713 486 1746 de
512 1713 695 1758 Aristippo
724 1721 845 1749 narrat

125 1763 308 1798 Vitruvius
329 1764 375 1798 de
399 1765 648 1799 Architectura
679 1768 844 1808 prooemio

67 1858 70 1862 .
120 1822 206 1849 vn:
229 1825 272 1850 ex
288 1817 538 1862 quovnounulla
553 1819 620 1851 huc
635 1818 846 1860 adscribam,

127 1866 344 1911 „admotam
360 1877 429 1901 non
454 1869 491 1902 in
513 1869 666 1902 omnium
683 1870 842 1903 manibus

120 1926 212 1952 :cun
225 1923 406 1952 auctorem
426 1921 569 1963 versari,
582 1926 619 1954 et
632 1926 752 1954 -tameu
768 1933 845 1956 eam

99 2015 101 2017 ι
126 1971 372 2014 narrationem,
399 1972 503 2015 eique
526 1982 686 2015 aspersas
707 1978 845 2007 senteu-

125 2021 208 2064 titi,
236 2030 339 2056 mese
370 2023 514 2066 prodest
547 2023 715 2059 omnibus.
774 2025 846 2058 Au-

126 2073 262 2107 dimus
277 2082 363 2117 ergo
376 2074 621 2108 Architectum
636 2086 645 2107 ε
668 2076 679 2094 ⁴
693 2075 845 2118 Aristip-

126 2134 193 2168 pus
205 2124 437 2169 Philosophus
448 2127 845 2171 Socraticus,uaufragio

126 2186 207 2212 cum
219 2178 352 2221 ejectus
363 2178 407 2211 ad
418 2179 663 2212 Rhodiensium
677 2182 760 2214 litus
773 2181 845 2213 ani-

125 2228 375 2269 mndvertisset
413 2230 639 2265 Geometrica
668 2233 846 2267 schemata

19 2292 31 2304 ν
70 2302 74 2306 -
128 2281 324 2325 descripta,
345 2283 599 2317 exclamavisse
623 2285 845 2320 adcomites

126 2331 318 2367 indicitur
327 2345 340 2368 ς
351 2335 446 2368 Bene
463 2346 654 2378 speremus,
668 2337 843 2371 hominum

127 2384 222 2417 euim
253 2385 400 2427 vestigia
426 2386 538 2421 video.
584 2388 778 2431 Statimque
807 2388 844 2421 in

129 2435 270 2478 opidum
293 2435 451 2470 Rhodum
477 2438 672 2480 contendit,
693 2445 730 2472 et
746 2444 845 2473 recta

121 2486 355 2535 Gymnasium
372 2488 527 2530 devenit,
548 2490 668 2532 ibique
694 2490 738 2522 de
763 2491 845 2524 Phi-

126 2537 285 2582 losophia
300 2538 483 2582 disputans
500 2541 699 2574 muneribus
713 2546 768 2574 est
783 2542 844 2575 do-

127 2594 243 2632 natus,
265 2595 305 2623 ut
319 2601 386 2623 non
405 2596 540 2624 tantum
557 2602 593 2626 se
609 2598 763 2635 ornaret,
783 2594 844 2627 sed

121 2642 233 2675 ctiam
258 2642 322 2684 eis,
344 2643 405 2686 qui
420 2653 488 2676 una
504 2642 656 2687 fuerant,
678 2645 843 2678 vestitum

129 2697 168 2726 et
179 2698 311 2735 cetera,
321 2704 399 2738 quae
411 2705 498 2737 opus
513 2700 631 2728 essent
645 2696 689 2728 ad
701 2696 844 2738 victum,

129 2750 326 2788 praestaret.
372 2746 458 2779 Cum
476 2752 591 2780 autem
607 2749 683 2790 ejus
697 2749 843 2781 comites

129 2796 165 2829 in
177 2797 325 2840 patriam
337 2799 468 2831 reverti
481 2800 685 2842 voluissent,
697 2801 844 2833 interro-

130 2853 321 2892 garentque
334 2860 426 2892 eum,
448 2851 614 2894 quidnam
629 2853 720 2886 domi
737 2853 845 2886 vellet

217 2904 334 2948 Delph.
346 2909 379 2938 et
396 2905 472 2940 Var.
486 2907 572 2940 Clas.

793 2908 924 2941 Phaedr.

1521 207 1608 250 641

894 311 1106 346 renuntiari:
1127 317 1210 346 tunc
1221 313 1270 346 ita
1279 312 1459 347 mandavit
1471 313 1609 348 dicere:

894 363 1074 405 Ejusmodi
1090 363 1325 406 possessiones
1337 368 1374 397 et
1390 364 1514 398 viatica
1525 365 1611 399 libe-

895 415 942 447 ris
956 420 1124 456 oportere
1146 417 1276 458 parari,
1297 426 1375 460 quae
1400 417 1503 450 etiam
1528 428 1611 450 nau-

894 466 1005 510 fragio
1037 477 1104 501 una
1131 472 1275 510 possent
1304 472 1456 502 enatare.
1503 470 1611 502 Nam-

895 528 961 562 que
976 529 1018 552 ea
1033 529 1117 553 vera
1133 526 1214 552 sunt
1230 519 1393 562 praesidia
1415 522 1512 562 vitae,
1535 521 1610 565 qui-

894 569 958 602 bus
979 580 1092 613 neque
1107 569 1258 603 fortunae
1276 575 1466 613 tempestas
1481 572 1611 615 iniqua,

895 630 1008 664 neque
1038 622 1254 665 publicarum
1294 632 1410 655 rerum
1452 624 1613 667 mutatio,

894 682 1009 716 neque
1034 673 1117 706 belli
1142 673 1293 707 vastatio
1323 679 1442 716 potest
1472 685 1612 709 nocere.

896 724 977 757 Non
991 725 1102 757 minus
1127 734 1204 757 eam
1225 726 1434 759 sententiam
1451 728 1612 770 augendo

894 775 1155 819 Theophrastus
1182 777 1373 810 hortandos
1386 778 1520 811 »doctos
1539 789 1613 822 ⁴po-

896 827 965 860 tius
981 836 1195 885 esse,‘quam
1211 830 1367 871 pecuniae
1383 830 1613 874 confidentes,

894 878 946 912 ita
961 879 1078 921 ponits
1097 880 1251 913 Doctum
1266 890 1311 913 ex
1324 882 1483 915 omnibus
1500 884 1610 916 solum

896 940 1009 973 neque
1039 931 1075 963 in
1105 931 1227 964 alienis
1257 933 1341 965 locis
1377 934 1612 977 peregrinum,

895 991 1007 1025 neque
1034 982 1166 1015 amissis
1193 982 1416 1017 familiaribus
1439 990 1476 1017 et
1492 995 1612 1018 neces·

895 1035 995 1067 sariis
1011 1035 1148 1076 inopem
1166 1035 1377 1076 amicorum3
1393 1036 1453 1068 sed
1469 1037 1504 1069 in
1519 1037 1613 1069 omni

897 1087 1041 1120 civitate
1059 1097 1134 1119 esse
1151 1088 1275 1129 civem,
1299 1087 1528 1132 difficilesque
1544 1089 1614 1123 for-

896 1142 990 1172 tunae
1024 1139 1110 1172 sinev
1137 1140 1261 1172 timore
1298 1150 1400 1182 posse
1430 1141 1613 1184 despicere

895 1199 1006 1224 casus.
1051 1189 1101 1223 At
1116 1190 1174 1233 qui
1194 1200 1263 1223 non
1290 1191 1528 1225 doctrinarum
1552 1193 1612 1226 sed

894 1240 1077 1279 felicitatis
1102 1242 1274 1285 praesidiis
1302 1248 1446 1285 putaret
1470 1254 1507 1277 se
1537 1256 1613 1278 esse

895 1295 1074 1336 vallatum,
1106 1294 1229 1327 labidis
1264 1288 1448 1328 itineribus
1483 1296 1613 1329 vaden-

896 1352 980 1389 tem,
1001 1356 1069 1379 non
1087 1346 1206 1380 stabili
1221 1346 1284 1379 sed
1310 1346 1448 1380 infirma
1473 1348 1615 1382 conflic-

896 1399 962 1431 tari
980 1398 1078 1431 vita.'
1125 1399 1172 1431 Et
1191 1408 1291 1431 mox:
1315 1399 1325 1415 ‘
1342 1399 1461 1433 Pauca
1476 1401 1612 1443 sapien-

897 1450 989 1483 tibus
1005 1450 1180 1483 fortunam
1198 1451 1374 1483 tribuere:
1401 1462 1478 1494 quae
1496 1458 1612 1486 autem

895 1503 1046 1535 maxima
1076 1506 1112 1535 et
1144 1503 1343 1535 necessaria
1378 1508 1473 1545 sunt,
1508 1505 1614 1537 animi

896 1555 1091 1597 mentisque
1114 1554 1387 1596 cogitationibus
1404 1555 1613 1597 gubernari)

899 1606 944 1637 Et
967 1615 1125 1638 rursum:
1156 1607 1167 1624 ⁴
1192 1607 1321 1639 Omnia
1348 1608 1439 1640 enim
1471 1618 1613 1641 munera

895 1656 1044 1691 fortunae
1061 1668 1138 1691 cum
1155 1658 1296 1700 dantur,
1319 1658 1363 1692 ab
1387 1669 1429 1692 ea
1445 1658 1612 1694 facillime

896 1709 1107 1745 adimuntur.
1168 1711 1377 1753 Disciplinae
1407 1723 1489 1745 vero
1530 1724 1612 1747 con-

890 1762 1025 1804 junctae
1057 1773 1136 1795 cum
1167 1763 1289 1795 animis
1327 1764 1422 1796 nullo
1454 1769 1612 1807 tempore

895 1814 1075 1858 deficiunt,
1087 1815 1147 1848 sed
1165 1821 1371 1858 permanent
1384 1814 1611 1851 stabiliterad

895 1876 1063 1901 summum
1091 1868 1224 1900 exitum
1251 1868 1357 1902 vitae.'
1403 1868 1539 1906 Ibidem
1555 1871 1613 1912 (ut

895 1919 959 1952 hoc
975 1920 1090 1952 obiter
1102 1919 1278 1961 moneam)
1291 1921 1516 1963 corrigendus
1531 1922 1613 1954 mihi

897 1971 1036 2004 videtur
1065 1972 1261 2012 Vitruvius,
1284 1982 1363 2005 cum
1395 1973 1467 2005 ait:
1491 1974 1502 1991 ‘
1529 1973 1614 2007 Om-

895 2022 989 2055 nium
1005 2023 1208 2056 Graecorum
1226 2025 1320 2066 leges
1342 2029 1473 2067 cogunt
1488 2035 1613 2067 paren·

897 2080 951 2108 tes
967 2075 1011 2108 ali
1042 2086 1063 2108 a
1081 2075 1218 2108 liberis:
1252 2075 1515 2110 Atheniensium
1543 2087 1611 2112 non

897 2136 1027 2167 omnes„
1048 2126 1116 2158 nisi
1139 2136 1211 2166 eos,
1235 2127 1293 2169 qui
1321 2126 1449 2160 liberos
1477 2129 1612 2162 artibus

897 2177 1112 2212 erudissent?
1170 2179 1369 2212 Delendum
1395 2178 1545 2213 fortasse
1573 2180 1612 2213 τὸ

895 2239 1011 2272 omnes,
1033 2229 1127 2272 quod
1153 2229 1338 2269 redundat,
1363 2235 1400 2264 et
1422 2231 1519 2274 lego:
1551 2243 1613 2266 non

895 2281 960 2314 uisi
988 2291 1050 2322 eos,
1079 2283 1135 2324 ὅγε.
1193 2282 1271 2324 Vel,
1296 2282 1361 2315 nisi
1389 2293 1452 2324 eos,
1488 2284 1612 2327 accipe

898 2342 975 2374 pro,
998 2333 1058 2365 sed
1086 2336 1218 2366 tantum
1247 2342 1318 2366 eos,
1365 2333 1548 2368 Quomodo
1575 2340 1612 2368 et

895 2384 1084 2417 Terentius
1100 2384 1225 2417 alicubi
1242 2385 1408 2428 loquitur.
1418 2405 1425 2410 -
1435 2386 1522 2419 Ritt.

939 2438 981 2468 25
1007 2436 1204 2478 porrigunt]
1229 2436 1341 2469 Scrib.
1368 2437 1517 2478 Porgunt
1547 2448 1612 2480 per

896 2488 1091 2530 ecthlipsin.
1118 2487 1215 2530 Virg.
1231 2488 1307 2521 AEn.
1323 2497 1406 2521 vm.
1418 2491 1493 2521 274.
1509 2489 1519 2507 ‘
1532 2489 1612 2522 Cin-

896 2540 967 2582 gite
979 2539 1104 2572 fronde
1121 2550 1248 2582 comas,
1269 2544 1307 2573 et
1332 2541 1457 2582 pocula
1474 2542 1612 2584 porgite

896 2590 1053 2624 dextris?
1084 2591 1182 2624 Serv.
1197 2591 1239 2623 ad
1259 2589 1333 2625 AE'n.
1350 2601 1376 2624 1.
1394 2592 1455 2634 ait,
1477 2602 1613 2634 porgere

895 2653 972 2676 esse
989 2644 1205 2677 Ennianum:
1228 2653 1298 2686 quo
1325 2654 1405 2677 usus
1432 2644 1538 2678 etiam
1555 2645 1612 2678 Ci-

895 2707 976 2730 cero
1004 2698 1038 2729 in
1066 2697 1187 2730 Arato.
1232 2697 1304 2730 Sed
1334 2698 1400 2730 alio
1425 2707 1525 2731 sensu
1541 2697 1612 2731 Lu-

893 2753 982 2782 cret.
1006 2748 1067 2781 lib.
1085 2758 1111 2781 1.
1136 2749 1146 2766 ‘
1166 2748 1388 2790 Religionum
1405 2750 1534 2782 animos
1550 2759 1611 2782 no-

895 2800 948 2833 dis
977 2801 1157 2833 exsolvere
1186 2800 1327 2843 porgo:'
1363 2801 1392 2833 si
1423 2801 1609 2844 recipimus

896 2852 1062 2895 Giphanii
1089 2851 1289 2894 lectionem,
1323 2851 1420 2894 cujus
1459 2851 1609 2885 indicem

1453 2909 1474 2940 2
1498 2907 1520 2939 S
