1806 3236
411 259 675 295 nacaxsus
710 257 1002 292 Em'rroumu
1045 255 1268 289 rnAEnm.
1504 242 1593 286 ’725

153 362 527 409 -xnumauniana
558 362 698 409 minor,
725 374 816 401 cum
844 357 1093 412 Appendice.
1137 356 1325 404 Berolini,
1341 355 1447 409 apud
1468 353 1594 395 Gohl.

119 435 187 474 m·

165 517 222 527 -—
247 493 406 540 Phaedri
423 492 599 534 Fabulae.
619 491 860 544 Goettingae.
885 496 947 531 12.

162 581 222 595 ⁹-
236 560 396 602 Phaedri
414 558 591 600 Fabulae.
612 557 785 598 Parisiis.
811 562 858 597 12
879 556 975 607 maj.
995 554 1077 594 sine
1096 554 1215 593 notis.

134 667 138 670 ,
169 630 276 673 1743
303 625 463 665 Phaedri
477 623 652 665 Fabulae.
687 624 750 662 Jo.
773 622 873 661 DaV.
902 619 1155 660 Leonhardus
1174 615 1460 659 commentariis
1478 621 1520 655 et
1537 613 1598 654 in-

113 690 272 734 dicibus
289 690 484 738 instruxit,
505 691 592 742 jam
625 702 731 729 nunc
764 686 997 728 collectione
1026 684 1229 737 phrasium
1247 690 1287 724 et
1318 681 1599 722 sententiarum

113 755 439 797 Phaedrianarum
475 769 630 797 annexa
659 753 894 807 recognovit
929 754 989 792 Μ.
1016 751 1168 791 Gottfr.
1205 750 1449 790 Buchnerus.
1473 748 1599 795 Jenae,

114 821 312 864 sumtibus
333 821 480 863 christ.
500 822 624 863 Henr.
660 820 851 861 Cunonis.
893 817 1240 860 12.——-Buchnerus
1265 815 1426 868 quidem
1444 813 1601 854 levibus

114 887 262 928 notulis
277 887 428 940 passim
445 887 603 935 additis,
624 891 665 926 et
680 885 783 925 futili
795 884 861 924 illa
872 883 1074 936 phrasium
1090 881 1327 922 collectione
1342 877 1601 932 supersedere

114 951 261 1004 potuit.
605 949 607 952 ’

174 1022 279 1065 1744
307 1017 517 1065 Phaedrus,
541 1029 636 1056 cum
653 1015 759 1056 notis
778 1015 918 1055 Germ.
939 1011 1196 1053 Schumanni.
1217 1011 1346 1059 Halae,
1367 1008 1474 1064 apud
1496 1009 1601 1048 Ren-

116 1095 200 1136 ger²
222 1088 286 1124 12.

171 1169 228 1177 -—-·
244 1147 405 1189 Phaedri
440 1146 616 1194 Fabulae,
669 1158 762 1186 cum
796 1145 1125 1198 interpretatione
1158 1141 1378 1195 Anglicana
1412 1140 1604 1194 praxique

117 1212 419 1268 grammaticali.
449 1213 590 1265 Opera.
606 1212 660 1252 N.
681 1211 830 1264 Bailey.
857 1210 1042 1250 Londini.
1065 1208 1278 1251 8.—Conf.
1298 1221 1364 1247 an.
1387 1212 1506 1252 1728.

168 1300 226 1309 -
242 1291 334 1320 cum
350 1278 671 1330 interpretatione
686 1276 857 1328 Anglica
872 1276 938 1316 Jo.
959 1275 1129 1327 Stirling.
1160 1273 1341 1314 Londini.
1363 1278 1401 1312 8.
1422 1271 1496 1311 Ed.
1529 1281 1597 1311 lv·-

177 1348 281 1389 1745
309 1343 470 1385 Phaedri
488 1343 664 1391 Fabulae,
686 1356 779 1382 cum
798 1342 902 1381 notis
932 1342 1156 1388 Variorum,
1183 1344 1350 1379 curante
1383 1337 1488 1376 Petr.
1512 1338 1609 1376 Bur-

118 1419 278 1452 mann.
297 1408 393 1460 (Ed.
413 1411 507 1459 111.)
534 1409 720 1461 Lugduni
753 1410 842 1448 Bat.
870 1408 978 1460 apud
1007 1409 1115 1448 Sam.
1137 1406 1406 1446 Luchtmauns
1439 1411 1482 1442 et
1511 1403 1554 1442 F.
1585 1407 1607 1441 8

121 1474 429 1527 maja—Auem,
443 1481 506 1516 est
522 1475 622 1515 liber
639 1475 778 1515 Indice
797 1474 981 1514 editionis
997 1472 1160 1525 majoris
1181 1472 1395 1511 Burmann.
1415 1469 1456 1508 in
1476 1475 1516 1508 4.

175 1562 231 1570 —
244 1541 403 1581 Phaedri
422 1546 463 1580 et
482 1540 626 1580 Aviani
644 1541 823 1585 Fabulae,
850 1553 941 1577 cum
961 1537 1302 1576 annotationibus.
1322 1533 1534 1575 Accedunt
1553 1532 1611 1572 fa·

123 1605 229 1646 buloe
247 1606 405 1646 Graecoe
425 1604 574 1645 Latinis
594 1602 884 1656 respondentes
899 1609 940 1642 et
962 1602 1128 1642 Homeri
1147 1598 1612 1653 Batrachomyomachia.

125 1669 278 1710 Patavii
296 1675 337 1710 et
355 1669 534 1710 Bassani.
555 1675 617 1711 12.

178 1735 336 1775 -The
355 1735 496 1776 Fables
506 1734 554 1774 of
569 1732 759 1774 Phaedrus
770 1733 986 1774 translated
1003 1733 1088 1774 into
1101 1733 1263 1786 English
1282 1745 1412 1785 prose,
1430 1730 1526 1771 with
1545 1728 1614 1769 the

129 1800 245 1841 Latin
263 1805 362 1849 text,
374 1800 491 1842 order
510 1800 558 1841 of
573 1800 876 1849 Construction,
897 1800 976 1840 and
996 1800 1124 1840 Notes
1136 1800 1175 1838 in
1186 1798 1366 1851 English.
1379 1796 1560 1837 London.
1576 1800 1614 1835 8⁷.

179 1866 408 1909 *Phaedri
426 1866 666 1907 Fabularum
678 1866 787 1906 Libri
806 1878 849 1907 v,
871 1866 987 1906 Latin
1006 1866 1085 1907 and
1105 1866 1146 1905 in
1165 1864 1332 1917 English
1352 1876 1486 1917 prose,
1522 1861 1615 1901 with

127 1931 255 1972 Notes
275 1933 330 1985 by
350 1931 461 1972 Edw.
482 1931 696 1972 Jamieson.
718 1931 899 1971 London.
916 1938 953 1972 8.

182 2020 238 2028 —
264 1997 456 2037 Phaedrus
475 1997 515 2036 in
533 2009 645 2036 usum
663 1996 856 2049 Delphini
873 1996 968 2037 edit.
988 2009 1061 2049 per
1081 1997 1188 2036 Petr.
1207 1995 1355 2035 Danet.
1372 1992 1555 2033 Londini.
1578 1998 1616 2033 8.

189 2060 294 2108 1746
323 2062 515 2102 LXXIII.
535 2062 780 2102 auserlesene
801 2062 949 2101 Fabeln
978 2060 1152 2109 Phaedri,
1187 2066 1330 2100 sammt
1346 2058 1453 2098 einer
1471 2058 1618 2098 daraus

130 2140 360 2181 gezogenen
393 2126 549 2180 Sylloge
579 2119 881 2176 vocabulorum,
913 2127 997 2167 und
1027 2126 1218 2178 Samlung
1247 2125 1318 2165 der
1344 2124 1620 2164 vornehmsten

130 2192 338 2234 Phrasium
366 2192 447 2232 und
481 2193 787 2241 Sententiarum,
819 2194 896 2232 den
926 2197 1058 2233 ersten
1088 2192 1328 2244 Ansaengern
1356 2191 1398 2230 in
1427 2190 1499 2230 der
1530 2189 1619 2228 Lat.

133 2259 310 2314 Sprache
328 2272 419 2299 zum
438 2259 575 2299 besten
595 2259 913 2311 herausgegeben
932 2271 1008 2298 von
1027 2259 1118 2298 Joh.
1138 2259 1225 2298 Jac.
1247 2258 1404 2298 Schatz.
1421 2257 1521 2297 Jena
1537 2253 1619 2295 und

132 2323 399 2373 Weissenfels,
417 2325 458 2365 b.
477 2325 570 2366 Joh.
590 2325 737 2365 Christ.
755 2325 932 2365 Croeker.
956 2330 992 2365 8.

187 2410 244 2420 —-
269 2389 481 2438 Phaedrus,
501 2403 594 2429 cum
608 2390 713 2430 notis
734 2390 871 2430 Germ.
892 2391 978 2429 Em.
991 2390 1156 2430 Sinceri.
1176 2391 1367 2442 Augustae
1384 2386 1506 2428 Vind.
1529 2392 1567 2426 8.

193 2459 300 2502 1747
327 2454 481 2495 Eadem
499 2456 682 2508 repetita.
702 2457 808 2509 Aug.
822 2456 940 2496 Vind.
957 2469 1022 2509 ap.
1042 2458 1152 2497 Merz
1168 2462 1209 2496 et
1229 2457 1382 2508 Meyer.
1405 2459 1443 2494 8.

194 2524 298 2566 1748
327 2519 486 2560 Phaedri
506 2522 608 2573 Aug.
641 2521 728 2561 Lib.
758 2523 933 2563 Fabulae.
967 2523 1030 2562 Ad
1063 2524 1163 2562 Mss.
1194 2521 1328 2561 Codd.
1360 2526 1402 2560 et
1430 2518 1624 2572 optimam

138 2597 340 2639 quamque
358 2586 572 2626 editionem
594 2587 818 2628 emendavit
838 2589 976 2642 Stepb.
991 2589 1116 2629 Andr.
1136 2587 1334 2640 Philippe.
1355 2588 1625 2626 Accesserunt

137 2648 257 2692 Notae
288 2651 339 2691 ad
365 2651 533 2691 calcem.
566 2653 734 2693 Lutetiae
756 2655 878 2695 Paris.
902 2656 1096 2695 sumtibus
1122 2656 1186 2696 Jo.
1220 2656 1322 2706 Aug.
1350 2650 1525 2704 Grange.
1559 2656 1621 2692 12.

140 2729 179 2758 ο.
198 2715 293 2771 fiflg.
323 2717 393 2758 aeri
423 2717 570 2757 incisis.
591 2718 778 2771 Adjectae
797 2721 855 2761 ΡΙ.
876 2722 1018 2762 Aviani
1039 2721 1166 2762 Fabb.
1199 2726 1239 2760 et
1259 2721 1303 2760 L.
1335 2721 1437 2759 Ann.
1459 2719 1623 2758 Senecae

140 2794 190 2825 ιο
208 2781 255 2826 P.
274 2783 366 2833 Syri
384 2783 612 2834 Sententiae,
638 2797 743 2825 anno
778 2790 896 2833 1747.
916 2786 1300 2840 impressa—Usus
1320 2784 1391 2825 'est
1407 2782 1538 2834 editor
1555 2793 1624 2823 an-
