1806 3236
223 210 310 254 444

270 313 495 355 Misenensem]
504 313 546 346 In
553 313 617 344 hac
625 311 705 344 villa
712 313 866 344 mortuus
873 314 928 344 est

224 366 399 407 Tiberius,
412 363 521 397 Tacit.
538 362 630 395 Anu.
644 362 706 394 lib.
720 371 770 394 vr.
795 361 869 393 Cic.
883 361 928 394 de

231 417 375 450 Orator.
390 425 431 447 11.
452 415 463 432 ‘
478 414 564 446 Cum
586 412 670 444 istos
685 412 789 444 libros
803 411 847 443 ad
864 411 928 443 Mi-

225 477 344 501 senum
364 465 459 508 (nam
485 465 603 496 Romae
623 462 684 495 vix
707 460 806 503 licet)
821 461 928 494 studi-

225 527 302 550 osus
316 515 480 557 legerim.’
500 514 585 547 Mss.
604 513 731 545 habent
755 513 929 544 Misenien-

224 577 298 599 sem.
321 565 378 597 Ita
391 564 562 597 Gruterus
577 574 612 606 p.
629 566 703 596 182.
718 565 750 595 6.
771 563 781 580 ‘
795 562 928 594 Medio-

224 615 433 649 laniensem.'
456 615 541 647 Gud.

270 666 481 698 Misenensem
509 663 633 705 villam]
682 664 855 706 Expresse
883 662 927 695 ad

226 715 316 748 hanc
345 724 416 747 rem
442 714 600 754 Tacitus,
628 713 718 746 Aun.
742 722 793 746 vl.
815 723 846 745 c.
872 716 927 746 50.

225 766 236 784 ‘
249 765 465 807 Mutatisque
480 764 606 806 saepius
628 763 713 796 locis
738 762 928 805 [Tiberius]

225 815 366 849 tandem
392 815 484 856 apud
509 814 778 856 promontorium
801 813 929 846 Miseni

226 866 426 901 consedit‘m
436 865 528 906 villa,
539 865 594 897 cui
605 864 815 897 L.Lucullus
825 873 929 907 quon-

225 916 304 949 dam
319 914 497 948 domiuus!
543 915 607 947 Est
621 919 736 947 autem
753 914 868 947 Cumis
882 914 930 946 vi-

224 966 339 999 cinum
353 964 389 996 id
405 964 686 1006 promontorium,
704 965 816 996 Monte
829 964 929 996 Mise-

225 1026 266 1048 no
292 1015 402 1048 Italis.
424 1015 538 1047 Faber.
583 1015 625 1047 V.
642 1014 683 1046 C.
708 1015 802 1047 Pith.
824 1015 930 1047 habet

224 1065 409 1098 Misenensi.
453 1066 557 1097 Forte
582 1065 779 1107 legendum,
799 1067 840 1098 In
862 1067 929 1098 Mi-

223 1115 345 1148 senensi
358 1116 399 1147 ad
412 1115 518 1146 villam
540 1116 672 1147 venisset
693 1125 792 1148 suam.
836 1116 929 1148 Plin.

224 1165 287 1198 lib.
303 1174 416 1197 xvm.
429 1174 460 1197 c.
471 1168 503 1197 6.
523 1164 536 1182 ‘
549 1165 581 1196 N
587 1165 767 1204 ovissimus,
779 1165 813 1197 in
825 1166 932 1198 Mise-

225 1216 323 1249 nensi
339 1217 452 1254 villam
469 1216 583 1257 posuit
598 1216 638 1248 C.
655 1216 786 1248 Marius
800 1216 929 1258 septies

225 1266 368 1299 consul!
411 1265 504 1298 Villa
515 1266 574 1298 illa
597 1266 707 1307 primo
730 1266 804 1299 Caii
827 1266 931 1298 Marii

228 1315 309 1358 fuit,
323 1315 450 1348 deiude
464 1319 556 1348 emta
578 1326 597 1347 a
614 1317 784 1358 Cornelia,
807 1321 930 1358 postea

227 1367 425 1407 aLucu1103
450 1371 523 1399 erat
538 1367 653 1409 posita
668 1368 702 1399 in
717 1372 844 1401 monte.
869 1368 929 1401 Vi-

226 1417 271 1450 de
292 1418 393 1451 Dion.
417 1418 479 1450 lib.
505 1427 608 1450 tvm.
631 1419 727 1452 Suet.
741 1419 859 1452 Tiber.
874 1422 928 1452 72.

227 1471 265 1499 et
294 1469 347 1500 74.
378 1467 558 1501 Plutarch.
587 1468 622 1499 in
652 1469 778 1501 Mario.
807 1469 930 1502 Senec.

226 1518 294 1559 Ep.
319 1525 367 1549 n.
412 1517 560 1550 Videtur
584 1522 698 1551 autem
725 1523 802 1560 post
828 1520 931 1552 Marii

225 1571 362 1609 tempus
376 1568 473 1600 novis
489 1568 644 1601 aedificiis
659 1569 829 1602 instructa
848 1569 932 1602 fuis-

226 1629 276 1652 se.
331 1619 422 1651 Vide
451 1619 640 1662 Josephum
670 1620 762 1662 apud
791 1621 930 1654 Cluver.

224 1670 307 1702 Ital.
340 1669 400 1703 lib.
436 1679 485 1702 ιν.
521 1680 599 1712 pag.
635 1673 731 1703 1117.
765 1675 802 1704 et
836 1682 930 1716 seqq.

227 1720 343 1753 Heius.

268 1772 291 1801 9
313 1770 425 1801 Monte
436 1770 566 1811 summo]
589 1770 723 1803 Miseno
736 1776 931 1812 promonto-

226 1819 290 1860 rio,
304 1819 394 1861 quod
410 1829 430 1850 a
445 1819 594 1851 tubicine
608 1821 726 1852 AEneae
737 1830 860 1855 nomen
876 1832 931 1854 ac-

225 1869 318 1911 pisse
346 1868 469 1901 fertur.
492 1870 624 1902 Prasch.
681 1870 931 1913 Praepositione

227 1919 364 1952 omissa.
401 1919 524 1960 Virgil.
536 1920 613 1952 AEu.
630 1929 678 1952 ιν.
700 1921 710 1939 ‘
726 1921 932 1964 Summoque

226 1970 402 2003 ulularunt
414 1970 544 2002 vertice
561 1971 756 2013 Nymphae!
780 1972 890 2012 Schef.

272 2019 399 2061 Postea]
421 2020 568 2061 Proprie
596 2020 641 2052 de
665 2021 717 2063 iis,
739 2022 798 2064 qui
826 2022 932 2054 aedifi-

228 2075 318 2103 cant.
362 2071 475 2103 Varro
502 2071 544 2102 R.
571 2071 613 2102 R.
644 2080 671 2102 1.
698 2074 751 2104 12.
773 2071 785 2089 ‘
806 2072 956 2106 Danda·

227 2130 347 2162 opera,
369 2124 409 2152 ut
434 2120 646 2162 potissimum
671 2121 734 2153 sub
758 2122 933 2154 radicibus

227 2171 353 2204 montis
366 2171 540 2213 sylvestris
552 2171 663 2203 villam
676 2171 809 2213 ponas!
830 2171 932 2205 Adde

228 2221 371 2263 reliqua.
413 2221 471 2252 Sic
495 2221 505 2238 ‘
522 2221 654 2252 Domos
680 2221 826 2262 ponere'
849 2222 934 2254 dicit

229 2271 352 2313 Virgil.
379 2271 507 2312 Georg.
523 2280 550 2303 1.
577 2275 612 2302 et
636 2271 712 2302 AEn.
737 2280 820 2303 vm.
842 2271 852 2289 ‘
869 2272 934 2304 Ur-

229 2323 310 2355 bem
334 2322 487 2364 ponere.’
529 2323 540 2341 ‘
565 2322 750 2354 Balnearia
779 2323 932 2365 pouere,’

231 2373 304 2405 Cic.
321 2373 384 2414 Ep.
403 2381 447 2405 11.
465 2375 496 2405 l.
523 2371 629 2411 Schef.
673 2371 755 2404 vid.
783 2373 932 2405 Cei-dam

230 2424 275 2456 ad
289 2423 385 2464 virg.
402 2423 478 2455 AEn.
493 2431 577 2455 vui.
592 2424 646 2454 57.
669 2425 705 2453 et
731 2421 767 2453 id
790 2423 931 2455 verbum

232 2473 359 2505 Ovidio
375 2479 510 2515 quoque
525 2473 578 2505 bis
593 2476 690 2504 terve
703 2471 864 2504 Heinsius
879 2482 931 2504 re-

230 2525 354 2557 stituit.
372 2524 455 2557 Vid.
464 2524 508 2556 ad
519 2525 671 2558 Memu.
684 2526 715 2555 3.
730 2526 767 2556 et
782 2523 877 2557 Fast.
889 2533 931 2556 ιι.

229 2578 284 2608 63.
307 2575 421 2607 Burm.

274 2625 386 2657 Posito
402 2624 524 2656 Luculli
538 2625 646 2665 manu]
669 2625 765 2658 Nota
790 2634 844 2657 res
868 2629 932 2658 est.

231 2674 287 2706 De
302 2674 611 2707 substructionibus
626 2679 663 2708 et
674 2675 825 2708 aedificiis
839 2685 933 2717 mag-

232 2723 355 2763 nificis,
370 2725 450 2756 vide
464 2725 655 2766 Symmach.
671 2726 734 2767 Ep.
747 2723 806 2758 lib.
821 2734 862 2758 11.
877 2729 931 2758 59.

232 2774 292 2807 ubi
314 2779 323 2794 ‘
341 2775 461 2818 Opera
482 2776 687 2811 Lucullaua'
701 2777 773 2820 jam
797 2776 932 2820 pridem

683 215 826 248 NOTAE
857 215 1124 248 VARIORUM
1157 216 1209 247 ΙΝ

976 311 1020 344 de
1033 311 1233 354 conjectura
1247 311 1390 345 correxi.
1422 310 1519 344 Idem
1534 311 1601 355 Ep.
1612 312 1676 346 lib.-
1705 343 1708 347 .

976 370 1026 394 vr.
1046 364 1101 394 71.
1124 361 1134 379 ‘
1150 362 1315 396 Quaedam
1345 362 1538 395 Lucullanis
1562 363 1677 406 operi·

976 412 1039 445 bus
1065 413 1231 455 aequanda
1254 413 1399 447 fecisse!
1455 415 1502 447 Et
1523 415 1591 457 Ep.
1613 414 1681 448 ub.-

976 472 1043 496 vn.
1058 466 1112 496 36.
1141 464 1152 481 ‘
1171 465 1371 498 Successisti
1394 465 1430 497 in
1457 464 1584 499 famam
1610 465 1677 499 Im·

976 513 1083 555 culli‚’
1101 515 1168 546 διο.
1191 514 1279 547 Rite.

1019 564 1161 605 Luculli]
1182 564 1375 605 Symmachi
1389 566 1513 609 locum,
1533 566 1592 610 qni
1613 566 1683 600 tibi·

975 612 1011 645 in
1041 616 1192 646 mentem
1221 613 1348 656 fuerat,
1384 625 1503 649 eccum
1539 616 1604 650 tibi
1631 625 1679 649 ex

977 662 1089 704 Epist.
1115 662 1172 695 lib.
1187 671 1237 695 vr.
1259 666 1314 696 71.
1336 665 1346 682 ‘
1361 664 1539 708 Siquidem
1564 675 1678 701 sermo

977 712 1113 754 detulit,
1126 713 1280 755 quaedam
1300 723 1361 746 vos
1382 715 1576 750 Lucullanis
1594 726 1677 760 ope-

977 763 1069 796 ribus
1096 761 1264 805 aequanda
1290 763 1436 797 fecisse?
1477 765 1550 799 vbi
1562 769 1679 800 tmen

977 813 1075 856 quasi
1101 814 1342 855 praetereundo
1364 823 1499 857 moneo,
1519 816 1679 853 canus.

977 863 1181 906 legendum:
1197 874 1298 897 sermo
1312 865 1448 898 distulit.
1486 865 1576 899 Haec
1587 862 1683 900 eniti

977 914 1029 946 vis
1042 917 1095 946 est
1107 915 1362 956 praepositionis
1375 916 1410 948 in
1423 915 1529 949 verbo
1539 915 1682 959 afferres

977 968 1017 996 ut
1041 963 1224 1006 significet,
1247 965 1424 1008 dissipare,
1445 972 1482 999 et
1508 967 1544 999 in
1570 967 1682 1012 varied

978 1019 1093 1058 partes
1123 1016 1344 1058 dispergere;
1377 1018 1548 1059 quomodo
1574 1017 1682 1052 etiam

978 1067 988 1084 ‘
1002 1067 1184 1099 Rumorem
1199 1066 1296 1108 didi,’
1306 1067 1473 1109 Virgilius
1484 1067 1583 1101 dixit.
1605 1069 1682 1102 Θω-

978 1121 1089 1150 terum
1114 1122 1153 1150 ut
1179 1117 1222 1150 ad
1245 1118 1380 1151 Luculli
1394 1117 1681 1161 magnificentiam

978 1173 1151 1210 revortar,
1162 1169 1252 1201 idem
1266 1165 1327 1212 me
1343 1169 1417 1201 urbi
1435 1168 1622 1210 praefectns
1633 1168 1680 1202 de

979 1229 1019 1251 ea
1030 1220 1187 1251 innuerat
1197 1219 1308 1260 Epist.
1317 1227 1358 1252 ιι.
1368 1221 1421 1251 59.
1436 1219 1507 1251 Sed
1515 1219 1608 1252 locus
1621 1219 1681 1252 ho-·

978 1269 1035 1301 die
1050 1269 1193 1311 pessime
1206 1267 1362 1301 adfectus
1374 1272 1440 1307 est,
1450 1272 1487 1301 et
1498 1268 1681 1301 Geneven-

978 1319 1023 1351 sis
1045 1318 1263 1360 correctoris,
1285 1319 1315 1351 si
1341 1327 1410 1350 non
1435 1317 1483 1351 ibi
1505 1317 1682 1360 deliravit.

979 1372 1015 1401 at
1037 1373 1135 1401 certe
1157 1378 1253 1402 more
1273 1378 1334 1401 suo
1349 1368 1510 1402 dormivit
1525 1363 1680 1402 acumen.

977 1419 1035 1452 Sic
1046 1410 1135 1452 enim
1151 1420 1234 1452 alios
1248 1422 1385 1452 secutus
1399 1418 1528 1451 ediditz
1550 1419 1562 1438 ⁴
1577 1418 1682 1452 Jscui

979 1471 1069 1512 apud
1083 1469 1267 1512 Neapolim
1283 1469 1346 1502 soli
1361 1469 1455 1511 quod
1469 1468 1550 1503 mihi
1565 1477 1608 1501 ex
1620 1473 1681 1502 tuo

977 1522 1126 1564 adjacet,
1139 1526 1179 1553 nt
1195 1521 1287 1553 aedes
1301 1529 1406 1552 novas
1419 1519 1570 1561 molirer,
1583 1523 1683 1562 opta-

978 1582 1095 1605 veram
1110 1577 1146 1605 et
1161 1577 1200 1605 tu
1221 1581 1354 1604 mecum
1377 1581 1518 1614 operam
1536 1571 1684 1608 Lucnlu-

978 1634 1034 1656 ma
1048 1622 1220 1666 partires!
1250 1622 1307 1655 Ad
1320 1632 1397 1664 quae
1410 1622 1517 1655 verba
1531 1622 1684 1664 adscrip-

980 1675 1056 1707 sisti
1069 1679 1106 1706 tu
1119 1675 1199 1706 olim
1210 1674 1246 1706 in
1254 1673 1446 1706 Prodromo
1454 1677 1525 1714 tuo,
1533 1673 1682 1706 Ritters-

978 1725 1074 1758 husi:
1097 1725 1108 1742 ‘
1126 1724 1217 1757 Quid
1231 1724 1295 1756 hoc
1309 1726 1364 1755 est
1379 1722 1487 1763 verbi,
1515 1723 1570 1754 vel
1590 1726 1684 1755 monz

979 1775 1043 1807 stri
1069 1774 1209 1816 potius?
1252 1774 1358 1805 Forte
1380 1773 1451 1813 leg.
1476 1772 1682 1804 luculentam

979 1825 1047 1865 vel,
1069 1833 1162 1865 opera
1183 1823 1367 1864 Lucullana,
1389 1826 1429 1854 ut
1455 1821 1546 1853 iufra
1568 1822 1682 1863 Epist.

979 1874 1038 1907 lib.
1066 1883 1114 1907 Vl.
1145 1877 1199 1906 71.
1237 1877 1274 1905 et
1304 1872 1415 1914 Epist.
1445 1872 1505 1905 lib.
1534 1881 1600 1905 vn.
1627 1875 1680 1905 86.

978 1925 989 1943 ‘
1006 1923 1210 1957 Successisti
1223 1923 1257 1955 in
1273 1922 1397 1955 famam
1412 1922 1566 1955 Luculli!
1608 1923 1682 1955 No-

979 1978 1052 2007 tum
1078 1974 1176 2016 liujus
1201 1973 1266 2005 viri
1296 1972 1491 2006 aedificandi
1509 1967 1683 2006 studium?

981 2025 1070 2057 Haec
1085 2027 1124 2056 tu
1137 2024 1242 2063 olim;
1266 2033 1341 2065 quae
1368 2027 1408 2055 ut
1431 2022 1512 2055 mihi
1526 2022 1685 2064 vproben'·

982 2079 1051 2116 tur‚
1072 2073 1162 2106 scire
1177 2073 1296 2114 cupis?
1338 2073 1455 2105 Bonus
1481 2076 1519 2105 tu
1545 2069 1682 2115 quidem

980 2129 1078 2158 vates
1094 2134 1168 2157 esse
1178 2128 1336 2166 poteras:
1352 2133 1430 2156 nam
1441 2127 1478 2156 et
1492 2123 1544 2156 ita
1557 2122 1632 2156 fere
1645 2123 1683 2156 iu

982 2175 1153 2208 veteribus
1167 2175 1261 2206 libris
1282 2174 1447 2216 scriptum
1469 2174 1597 2209 inveni.
1639 2174 1683 2207 In

982 2225 1200 2268 Giphaniano
1222 2224 1373 2267 quidem,
1391 2234 1515 2266 opernm
1537 2225 1683 2257 Dumna-

979 2286 1039 2308 na:
1069 2275 1106 2308 in
1133 2275 1192 2307 illo
1221 2284 1315 2317 vero,
1336 2275 1395 2317 qui
1421 2275 1540 2308 Fuldae
1563 2274 1683 2309 blattis

981 2326 1131 2368 opimum
1158 2325 1293 2367 praebet
1318 2325 1491 2367 pabulum,
1512 2334 1604 2366 opem
1617 2324 1682 2358 Le-

980 2376 1110 2408 culuna:
1133 2385 1208 2417 quae
1225 2384 1307 2407 sane
1333 2384 1490 2415 sagacem
1505 2374 1681 2415 conjectu-

981 2436 1054 2458 ram
1079 2429 1173 2458 tuam
1199 2428 1324 2457 sartam
1347 2428 1475 2456 tectam
1499 2426 1680 2465 proestant‘.

981 2476 1051 2509 Sed
1087 2476 1137 2508 sic
1173 2474 1387 2506 nibilominus
1422 2477 1538 2505 tamen
1564 2472 1680 2505 multis

982 2527 1087 2558 etiam
1102 2525 1233 2558 mendis
1249 2527 1361 2557 scatet
1386 2524 1480 2556 locus
1505 2523 1575 2563 ille,
1596 2531 1680 2565 quas

981 2585 1058 2608 cum
1085 2575 1161 2607 aliis
1185 2574 1334 2606 millibus
1360 2582 1404 2605 ex
1424 2572 1491 2605 isto
1515 2582 1599 2614 agro
1618 2582 1680 2604 suo

982 2631 1136 2667 tempore
1152 2625 1358 2657 exonerabo.
1372 2624 1498 2665 Schiop.

1025 2679 1066 2708 10
1089 2675 1291 2716 Prospectat]
1312 2675 1389 2707 Hoc
1404 2677 1469 2714 est,
1491 2676 1530 2705 ut
1544 2681 1606 2715 ego
1630 2673 1682 2705 in-

981 2728 1163 2767 terpretor,
1184 2725 1328 2764 eminus,
1351 2731 1415 2755 nec
1443 2726 1553 2755 totum
1582 2731 1680 2764 spec-

981 2781 1042 2810 tat.
1082 2775 1246 2810 Quaedam
1261 2773 1514 2817 frequentativa
1529 2773 1580 2806 rei
1593 2771 1680 2807 diffi-
