1806 3236
168 236 255 280 378

172 343 254 375 Vet.
296 342 471 384 ‘strophae
488 342 507 376 ι’
539 342 652 375 Gloss.
690 341 700 360 ‘
718 341 878 384 scropha:

170 394 349 436 Torcinus,
383 393 489 432 fraus,
527 393 681 436 nequitia
715 393 877 426 involuta.

172 445 393 487 Strophius-ius
419 454 479 477 seu
505 444 719 486 strophiorum:
745 443 877 487 Impos-

172 500 238 539 tor,
251 496 453 529 fraudatore
475 496 562 529 Gud.

215 553 235 580 5
260 547 342 589 Hic]
364 547 554 590 Eleganter
578 556 654 590 pro,
680 551 775 580 tunc.
819 546 878 580 Sic

172 609 265 641 supr.
295 598 367 632 fab.
389 602 421 632 6.
443 599 453 617 ‘
469 599 540 632 Hic
561 599 729 632 auritulus
744 599 879 632 Clamo-

173 661 245 683 rem
260 650 375 683 subito
389 649 509 692 tollit:
536 654 573 684 et
588 659 629 683 11.
643 652 676 684 9.
702 651 712 670 ‘
729 651 798 684 Hic
819 651 881 684 bos

172 701 317 744 latenti,'
343 706 380 735 et
408 711 443 734 v.
468 704 501 735 9.
521 701 612 735 ‘Hic
635 706 709 735 tum
736 706 882 735 venator

170 751 314 786 dolens!
347 752 492 786 Terent.
524 753 655 796 Hecyr.
677 763 704 786 1.
733 756 766 787 2.
791 752 881 786 ‘Hic

173 804 305 837 animus
334 805 463 847 partim
499 805 618 837 uxoris
647 803 883 838 misericordia

173 854 377 889 devinctus!
436 855 507 888 Ubi
538 856 725 889 Donatus:
760 856 880 891 ‘Hict

173 917 249 950 pro,
260 907 357 949 tum,'
387 907 544 950 citatque
558 907 763 949 Virgilium:
784 906 796 926 ‘
811 907 882 940 Hic

171 959 270 992 annis
300 959 414 1001 gravis
453 962 557 1002 atque
596 958 702 991 animi
729 962 883 991 maturus

172 1008 340 1043 Alethes:
384 1009 508 1043 cicero
542 1008 652 1042 Acad.
683 1009 813 1043 Quaest.
841 1018 882 1044 11.

171 1064 181 1079 ‘
197 1063 451 1105 HicCatulus3
479 1064 559 1097 Etsi
571 1062 803 1106 heri5inquit,'
813 1064 880 1096 ὅτε.

173 1114 270 1148 Idem
288 1125 350 1157 pro
366 1116 528 1149 Cluentio
542 1126 553 1148 ε
567 1116 578 1134 ‘
595 1115 666 1148 Hic
676 1119 749 1148 tum
763 1115 882 1148 Fabri·

170 1166 255 1208 cius,
267 1176 335 1199 non
350 1167 454 1199 modo
470 1167 514 1199 ad
524 1177 579 1200 me
592 1176 687 1199 meos
699 1166 829 1199 vicinos
845 1170 883 1199 et

172 1217 299 1250 amicos
313 1227 380 1250 non
395 1218 564 1251 adduxit!
586 1218 684 1251 Idem
707 1218 808 1251 Verr.
823 1226 883 1251 ιιι.

172 1270 183 1289 ‘
198 1270 269 1303 Hic
288 1274 360 1302 tum
375 1269 459 1302 alius
474 1279 517 1301 ex
533 1269 598 1301 alia
623 1268 744 1311 parte.’
780 1269 884 1303 Amen.

172 1319 434 1363 Elegantissime
451 1330 526 1362 pro,
538 1320 646 1360 Tunc,
655 1321 706 1352 Eo
717 1323 884 1361 tempore.

172 1371 232 1405 Ita
246 1371 303 1404 lib.
319 1380 360 1403 ιι.
379 1374 410 1403 8.
434 1371 444 1388 ‘
456 1370 527 1402 Hic
543 1370 605 1403 bos
617 1367 763 1403 latenti!
785 1371 884 1403 Curt.

173 1432 226 1455 xv.
241 1426 273 1456 4.
310 1423 320 1441 ‘
334 1422 404 1455 Hic
426 1431 488 1454 rex
518 1420 686 1464 fatigatus
715 1424 886 1454 statuerat

173 1475 364 1517 AEgyptum
387 1472 532 1515 petere.’
556 1473 678 1506 Cicero
701 1472 738 1504 in
751 1473 835 1504 Ver.
850 1480 886 1505 v.

172 1526 182 1543 ‘
199 1525 270 1558 Hic
297 1525 349 1557 illi
374 1523 499 1557 flentes
525 1533 648 1566 rogare
668 1527 774 1567 atque
788 1533 887 1556 orare

175 1575 380 1619 coeperunt:
424 1575 606 1609 Particnla
625 1585 669 1608 ex
683 1574 798 1607 media
811 1573 888 1607 lati-

174 1628 285 1660 nitate
296 1627 513 1669 deprompta.
527 1626 636 1666 Sches.
658 1627 777 1659 Valer.
789 1626 886 1659 Max.

176 1687 203 1711 ι.
220 1681 254 1711 T.
270 1681 301 1712 l.
317 1682 390 1711 ext.
411 1678 422 1696 ‘
437 1677 505 1710 Hic
522 1677 613 1711 dux:
638 1678 753 1710 Italiae
776 1677 888 1719 vides,

174 1729 301 1772 iuquit,
328 1727 552 1761 vastitatem!
590 1727 696 1761 Ovid.
725 1728 815 1760 Met.
843 1737 885 1760 11.

176 1782 252 1813 126.
273 1781 284 1799 ‘
301 1779 338 1811 Si
366 1784 480 1821 potes,
503 1779 559 1811 hic
588 1779 723 1820 saltem,
748 1778 886 1810 monitis

175 1841 299 1874 parere
327 1831 480 1874 paternis
493 1830 513 1863 ε’
535 1834 572 1863 et
594 1831 646 1862 ita
663 1829 791 1871 passim
805 1829 885 1862 Vir-

176 1884 291 1926 gilius,
301 1883 500 1924 Terentius,
515 1887 552 1915 et
567 1882 638 1914 alii.
659 1882 777 1914 Barm.

217 1934 363 1975 Jaceret]
407 1933 657 1966 Decumberet.
696 1933 808 1973 Bene,
840 1930 886 1963 de

176 1985 432 2028 aegrotantibus.
457 1984 531 2017 Cic.
543 1984 609 2026 Ep.
626 1992 677 2015 rx.
690 1985 746 2015 20.
768 1983 779 2001 ‘
798 1982 886 2025 Ego,

177 2042 213 2069 te
224 2037 380 2079 jacente,
407 2035 499 2068 bona
514 2038 576 2067 tua
591 2032 793 2066 comedam?
829 2032 888 2066 Ita

174 2087 264 2121 infra
279 2098 310 2121 c.
325 2086 490 2128 21.hujus
503 2085 595 2118 libri.
618 2082 726 2124 Schef.

219 2142 241 2171 6
267 2138 356 2179 Rex]
381 2139 455 2170 Rex
470 2137 540 2178 hic,
557 2135 616 2178 qui
642 2143 808 2167 summam
837 2136 888 2166 te-

178 2195 239 2222 net
254 2188 481 2231 Reipublicae.
527 2186 645 2229 Atque
670 2186 719 2218 sic
739 2185 889 2228 antiqui-

176 2246 233 2274 tus
248 2235 516 2283 appellabantur
527 2238 736 2281 singularum
752 2245 888 2279 quoque

179 2291 314 2325 urbium
326 2291 574 2324 moderatores.
623 2288 718 2322 Urbis
729 2288 809 2329 qius,
823 2288 888 2321 sci-

177 2343 261 2375 licet
288 2342 325 2374 in
353 2351 420 2384 qua
451 2340 637 2374 exercebat
667 2339 888 2373 medicinam.

178 2394 383 2434 Quanquam
414 2401 480 2433 ego
509 2391 646 2423 mallem
675 2390 739 2422 hoc
764 2399 890 2432 prono·

178 2453 257 2475 men
267 2443 417 2485 jungere
442 2451 523 2474 cum
548 2440 707 2483 sequenti
723 2440 889 2472 vocabulo

179 2493 372 2536 experiendi,
399 2497 439 2525 ut
469 2492 515 2524 sit
536 2491 656 2524 similis
678 2490 808 2523 locutio
832 2491 890 2523 isti

179 2545 361 2585 Plinianae,
385 2543 395 2560 ‘
412 2543 557 2575 Illorum
585 2542 726 2575 videndi
753 2542 888 2584 gratia!

181 2595 286 2634 Schef.

223 2647 298 2679 Rex
312 2646 399 2678 urbis
413 2645 493 2687 ejus]
517 2644 648 2677 Melius
659 2644 891 2686 distinguitur,

181 2698 254 2730 Rex
265 2697 363 2739 urbis,
377 2697 445 2736 ejus
460 2696 640 2737 experiendi
654 2695 774 2736 gratia.
796 2695 889 2728 Gud.

224 2749 306 2788 Ejus
321 2747 523 2790 experiundi]
541 2748 735 2789 Experimur
745 2756 817 2787 eos,
830 2746 890 2788 qui

180 2809 275 2832 suam
290 2799 389 2832 nobis
406 2808 548 2841 operam
576 2799 703 2839 locant,
718 2806 889 2830 mercena-

179 2851 259 2894 rios,
287 2851 440 2893 inquam,
465 2860 543 2884 cum
569 2859 686 2883 eorum
705 2859 811 2893 opera
824 2849 890 2884 uti-

640 246 783 279 No'rAE
818 246 1083 280 VAmoRUM
1111 248 1170 281 JN
1213 289 1220 296 ·

927 350 1013 375 mur.
1050 337 1170 375 Plaut.
1201 341 1352 376 Mercat.
1377 343 1387 360 ‘
1400 342 1463 376 Co.
1484 342 1562 376 Vin’
1577 353 1631 377 me

926 391 1103 434 experiri?
1131 393 1200 427 ΙΝ.
1224 393 1312 427 volo.
1346 393 1408 428 Co.
1435 394 1632 429 mercedem

928 442 1037 476 cedo!
1059 444 1136 477 Nec
1149 444 1233 477 satis
1247 444 1373 478 decore
1388 444 1455 478 sibi
1463 446 1636 481 consuluit

929 495 1128 537 Lambinus,
1141 495 1225 529 dum
1246 496 1295 530 ibi
1314 498 1454 539 experiri
1468 497 1638 541 interpre-

928 550 1036 588 tatur,
1057 546 1069 565 ‘
1079 547 1159 589 jure
1174 547 1350 590 etjudicio
1362 552 1478 582 tecum
1493 554 1636 583 conten-

929 598 1011 631 dere
1023 598 1043 640 ς’
1065 598 1146 641 quin
1175 608 1279 632 cocus
1309 599 1503 634 conductus
1526 601 1577 635 ait
1598 611 1636 635 se

930 652 1090 692 paratum
1106 658 1182 682 esse
1191 658 1331 692 operam
1344 660 1438 684 suam
1449 657 1635 694 proestare:

931 712 1032 745 quam
1048 702 1077 734 si
1091 701 1144 735 uti
1159 706 1196 735 et
1211 701 1365 745 experiri
1381 704 1481 747 nolit,
1505 704 1637 740 debere

931 763 1009 786 eum
1025 757 1141 786 tamen
1155 754 1352 787 mercedem
1365 754 1462 788 dare.
1497 755 1634 800 δάκῃ.

930 804 1122 847 Schoppius
1135 805 1203 838 hoc
1218 805 1295 838 loco
1306 816 1317 838 ε
1337 805 1348 824 ⁴
1363 805 1558 848 &parim
1565 816 1639 850 eos,

932 856 990 899 qui
1004 866 1099 905 suam
1113 855 1211 889 nobis
1232 865 1373 899 operam
1396 857 1529 900 locant,
1552 867 1641 892 mor-

932 907 1100 950 cenarios,
1123 907 1275 951 inquam,
1299 917 1379 941 cum
1399 917 1518 942 eorum
1532 918 1640 953 opera

931 959 1085 994 utimur.'
1129 959 1293 1003 Optime;
1322 964 1360 993 at
1382 960 1461 995 huic
1481 961 1559 995 loco
1578 961 1641 995 mi·

931 1013 1023 1046 nime
1052 1012 1324 1054 accommodate,
1347 1012 1476 1056 quippe
1509 1013 1546 1046 in
1571 1023 1641 1056 quo

931 1066 1034 1107 longe
1059 1064 1152 1097 aliud
1167 1064 1251 1108 quid
1277 1063 1443 1097 innuitur.
1488 1064 1644 1107 Experiri

932 1117 990 1150 hic
1019 1121 1086 1158 est,
1122 1116 1317 1159 explorare,
1355 1118 1503 1149 tentare.
1561 1113 1642 1148 Hoc

933 1169 1024 1201 enim
1042 1168 1171 1201 Noster
1187 1168 1274 1209 vult,
1296 1166 1520 1200 accen-sivisse
1536 1165 1645 1199 medi-

933 1229 1012 1252 cum
1027 1219 1118 1251 hunc
1139 1227 1277 1260 novum,
1291 1221 1330 1250 et
1343 1217 1538 1250 adhibuisse
1551 1226 1643 1250 eom·

933 1274 1099 1310 mentum,
1127 1269 1170 1302 de
1194 1278 1262 1311 quo
1289 1268 1457 1311 sequitur,
1471 1271 1512 1301 nt
1525 1275 1592 1311 per
1605 1267 1642 1300 id

934 1324 1162 1363 cognosceret
1177 1324 1287 1352 artem
1311 1323 1417 1362 atque
1439 1317 1541 1351 fidem
1556 1318 1643 1360 ejus.

935 1372 1073 1413 Nempe
1100 1370 1150 1403 sic
1171 1370 1206 1402 in
1219 1379 1283 1402 usu
1302 1368 1370 1402 fuit
1385 1369 1478 1412 apud
1493 1372 1643 1410 veteres,

936 1432 1014 1455 cum
1029 1421 1073 1454 de
1088 1420 1260 1454 medicina
1274 1423 1365 1453 esset
1379 1419 1532 1453 dubium.
1565 1419 1644 1453 Ele-

937 1485 1021 1517 gans
1041 1478 1095 1507 est
1109 1474 1305 1515 exemplum
1327 1472 1424 1515 apud
1452 1471 1642 1515 Apuleium

936 1525 1048 1566 Asini,
1074 1524 1134 1557 lib.
1159 1532 1197 1557 x.
1218 1523 1253 1556 in
1269 1523 1536 1556 sceleratissima
1549 1521 1643 1556 frau-

935 1575 1237 1617 dulentissimaque
1262 1573 1417 1606 muliere.
1442 1573 1454 1592 ⁴
1473 1572 1552 1606 Non
1576 1572 1646 1615 pri·

938 1626 1000 1669 us‚’
1016 1626 1143 1669 inquit,
1171 1627 1181 1645 ‘
1195 1625 1405 1658 medicorum
1420 1624 1563 1667 optimo,
1573 1633 1645 1656 non

937 1679 1034 1721 prius
1059 1676 1258 1710 charissimo
1278 1676 1361 1709 mihi
1383 1675 1507 1709 marito
1526 1675 1645 1708 trades

935 1731 1034 1764 istam
1048 1730 1236 1772 potionem,
1258 1739 1360 1772 quam
1381 1728 1426 1761 de
1451 1737 1493 1760 ea
1517 1726 1644 1760 bonam

935 1785 1070 1824 partem
1108 1781 1261 1814 hauseris
1290 1781 1380 1822 ipse.
1423 1778 1527 1812 Unde
1553 1777 1645 1811 enirn

937 1832 1021 1873 scio,
1050 1841 1094 1863 an
1117 1831 1259 1863 noxium
1287 1830 1323 1862 in
1344 1838 1388 1862 ea
1409 1830 1520 1862 lateat
1542 1837 1646 1862 vene-

935 1892 1016 1915 num
1027 1883 1051 1914 ?'
1072 1882 1219 1914 Plautus
1232 1881 1267 1913 in
1284 1880 1412 1914 Pseud.
1437 1880 1449 1900 ‘
1462 1880 1564 1914 Nunc
1578 1888 1646 1922 ego

935 1938 972 1967 te
989 1933 1163 1975 experiar,
1172 1931 1255 1975 quid
1266 1941 1372 1973 ames,
1384 1930 1468 1974 quid
1483 1930 1647 1964 simules:

936 1984 1076 2017 cornel.
1093 1984 1214 2026 Nepos
1229 1982 1265 2014 in
1286 1981 1402 2015 Alcib.
1422 1981 1432 2000 ‘
1445 1981 1491 2014 In
1502 1981 1568 2014 hoc
1581 1989 1642 2013 na-

936 2039 1029 2077 tura,
1060 2033 1144 2077 quid
1181 2031 1319 2066 efficere
1354 2031 1477 2074 possit,
1508 2025 1647 2064 videtur

936 2086 1106 2130 experta.²
1149 2085 1304 2118 Velleius
1318 2093 1361 2118 ιι.
1376 2087 1430 2118 28.
1451 2085 1463 2104 ⁴
1479 2084 1570 2118 Haec
1585 2093 1647 2117 na-

937 2138 1058 2172 turalis
1087 2136 1239 2179 exempli
1270 2135 1418 2168 imitatio
1439 2134 1484 2168 ad
1512 2135 1648 2177 experi-

937 2189 1065 2221 endum
1091 2187 1249 2229 sejanum
1282 2186 1455 2219 Caesarm
1480 2184 1647 2228 protulit!
1701 2183 1707 2187 ”

937 2239 1045 2279 Sches.
1088 2240 1197 2272 Forte
1225 2236 1411 2280 legendum
1438 2235 1532 2277 Ιιιῠιιι
1551 2245 1648 2278 exps-

936 2291 1054 2332 n'ends',
1080 2289 1136 2322 vel
1163 2287 1225 2321 reis·
1253 2286 1463 2330 experiendoe,
1484 2291 1524 2319 ut
1545 2295 1649 2328 supra

938 2342 982 2375 ab
1007 2340 1078 2374 fab.
1101 2343 1155 2373 12.
1185 2338 1297 2371 Heius.
1340 2337 1484 2370 Terent.
1512 2337 1647 2379 Hecyr.

939 2403 975 2426 v.
992 2394 1024 2425 2.
1045 2392 1055 2409 ‘
1074 2391 1174 2423 Hanc
1200 2398 1292 2422 nunc
1308 2386 1548 2430 experiamur:
1581 2387 1649 2419 Eo-

939 2445 1018 2478 dem
1041 2452 1145 2476 sensu
1174 2442 1297 2474 Florus
1327 2439 1386 2472 lib.
1400 2447 1426 2471 1.
1447 2441 1479 2471 5.
1507 2437 1519 2456 ‘
1534 2437 1646 2471 Quem

939 2504 1002 2527 rex
1031 2494 1067 2526 in
1099 2492 1376 2535 experimentum
1411 2488 1548 2531 rogavit
1561 2487 1583 2520 ε’
1609 2492 1649 2521 et

939 2556 1018 2588 cap.
1044 2548 1096 2578 13.
1118 2546 1128 2563 ‘
1147 2544 1198 2577 Ut
1220 2543 1255 2575 in
1277 2540 1552 2584 experimentum
1572 2539 1647 2572 illa-

940 2601 1010 2628 tam
1041 2599 1162 2637 putem
1195 2592 1357 2626 divinitus
1393 2586 1650 2624 calamitatem.’

939 2647 1055 2679 Burm.
1475 2666 1478 2667 γ

982 2699 1004 2729 7
1029 2696 1115 2729 Fusa
1127 2694 1224 2737 aqua]
1249 2692 1393 2726 Ovidius
1409 2692 1552 2726 Metam.
1569 2700 1647 2726 xus.

939 2751 1016 2781 404.
1037 2747 1048 2766 ‘
1065 2748 1170 2780 Fusos
1186 2744 1330 2778 latices!
1361 2743 1476 2777 Heius.

982 2802 1005 2831 9
1019 2797 1154 2839 Bibere]
1170 2797 1273 2829 Forte
1285 2795 1467 2838 legendum
1482 2794 1646 2828 Obbibere.

940 2850 1063 2885 Heius.
1109 2849 1187 2883 Hoc
1205 2848 1345 2883 verbum
1365 2848 1402 2882 in
1425 2847 1571 2890 antiquis
1587 2846 1643 2881 Ci-
