1806 3236
386 214 590 248 rnatum
623 214 733 246 ran.
766 214 1071 248 AESOPIARUM
1107 214 1201 247 ms.
1235 215 1300 247 iv.
1330 205 1374 248 5.

71 358 74 361 Δ
147 311 223 355 nit
247 310 450 356 uspiam>
470 311 626 346 adducto
656 310 857 344 testimonio

148 362 291 407 mnis-i
304 372 350 396 ex
364 363 432 404 lag.
446 371 538 396 xxv.
552 361 591 395 ff.
605 362 651 396 de
667 361 778 403 Auro,
792 362 857 396 Ar-

149 412 360 456 mubffide
383 414 512 449 mundo
534 413 718 446 muliebri:
742 414 857 446 ‘Vasa

147 465 392 510 ..t-utaris,
415 468 454 499 et
479 466 510 498 si
538 474 608 509 qua
636 465 761 498 similia
787 465 857 498 dici

145 521 303 560 wit-t,
312 517 419 551 veluti
434 516 576 558 iavatio,
586 514 716 550 riscus!
738 517 857 551 Quan-

146 577 253 612 Quam
262 568 451 602 lectionem
466 565 555 603 naue
571 577 640 601 non
663 578 783 601 omnes
797 569 858 603 ha·

146 618 255 657 beant
273 618 367 661 libri,
392 620 542 662 sintque,
561 620 620 662 qui
636 619 858 653 «lubun-iscus

146 679 210 715 pro
246 671 432 714 postremis
462 670 604 704 vocibus
636 671 857 705 substituant.

89 730 94 734 ·
144 721 235 757 sone
248 722 277 755 si
291 731 347 756 res
360 721 430 757 mei
445 718 539 755 foret
564 721 710 763 arbitrii,
725 722 857 755 lamio-

145 777 414 816 nungentum
437 783 501 815 ego
523 773 676 806 dicerem
699 773 857 816 innuere,

146 825 400 868 supellectilem
425 834 560 858 omnem
588 825 799 866 balnearem,
817 829 857 859 ut

146 877 312 920 strigiles,
331 881 460 920 guttas,
481 876 654 918 urceolos,
678 880 716 910 et
738 876 776 910 id
797 886 857 919 ge·

146 937 225 971 nus,
237 928 389 962 mxime
405 938 485 962 cum
507 933 675 971 sequatur
690 939 735 962 ex
749 938 857 972 oppo-

147 979 216 1012 sito
230 979 531 1014 de.iustnsmento
556 980 696 1014 rustico.
743 981 856 1016 Quan-

146 1040 250 1074 quam
273 1031 382 1073 possit
405 1031 471 1065 hoc
494 1031 642 1073 intelligi
665 1031 768 1064 etiam
793 1041 856 1074 per

146 1081 300 1117 miuud
313 1082 408 1115 velut
419 1082 621 1125 principale.
665 1082 762 1116 Citat
773 1092 856 1115 sane

146 1133 159 1152 ‘
176 1133 365 1176 Qucum,
391 1134 599 1169 lavationem
628 1133 856 1177 argenteam,’

142 1195 190 1221 οι
198 1184 343 1220 Sidonio
348 1185 532 1228 Rigsltius,
541 1185 570 1218 si
577 1184 664 1218 fides
675 1190 730 1219 est
742 1185 857 1219 Fre‘m-

145 1235 291 1272 shemio·
333 1236 404 1271 sed
419 1240 456 1270 et
464 1230 576 1279 ipsum
586 1236 792 1269 Ciceronem
807 1237 858 1270 ita

144 1288 286 1331 accepit
295 1287 517 1323 doctissimus
540 1287 739 1321 Gronovius
759 1288 854 1320 Fam.

144 1338 214 1382 Ep.
226 1338 286 1373 lib.
300 1347 357 1372 ix.
370 1342 404 1373 ⁵.
418 1338 478 1372 ubi
504 1338 656 1381 legitur:
680 1339 690 1358 ‘
703 1338 753 1371 Ut
768 1338 858 1372 lava-

145 1389 198 1423 tio
211 1393 336 1432 persta
348 1388 418 1425 sit!
438 1389 546 1430 Sellas.
704 1386 711 1393 '

150 1472 154 1475 .
185 1440 396 1475 amanen
413 1439 614 1483 argenteam]
636 1440 809 1483 Ulpianus
833 1441 857 1474 1.

146 1489 363 1534 Arg-meato
377 1492 425 1525 Ι).
447 1491 494 1525 de
505 1501 581 1524 aur.
592 1501 666 1535 arg.
682 1501 775 1525 mun.
790 1494 857 1526 &c-

146 1541 320 1576 ‘nundus
341 1541 520 1577 muliebris
541 1546 611 1583 est,
636 1551 706 1585 quo
733 1542 858 1574 mulier

145 1591 306 1627 mundior
327 1591 391 1627 fit:
408 1593 633 1628 continentur
648 1602 690 1626 eo
704 1593 860 1635 specula,

141 1644 296 1685 numa,
310 1648 504 1689 unguenta,
518 1654 603 1678 vasa
616 1645 860 1688 unguentaria,

145 1701 185 1740 et
198 1696 230 1730 si
242 1696 453 1744 quassimilia
476 1696 546 1730 dici
572 1701 734 1740 possunt,
750 1698 859 1731 veluti

145 1748 289 1787 Levatio,
317 1747 452 1783 riscus:
495 1749 626 1782 Errant
654 1749 719 1782 viri
748 1749 859 1792 docti,

145 1799 729 1844 quilegunt‚ve1atialabwtrnm,35c.
750 1801 859 1834 ‘Cou-

143 1851 222 1894 chs‚
232 1850 360 1889 lavatio
370 1850 559 1894 argentei&
572 1850 692 1886 Sidon.
702 1850 858 1894 Apollin.

145 1901 214 1946 Ep.
229 1910 282 1936 iv.
296 1905 329 1938 8.
351 1902 435 1944 Rig.

189 1953 359 1987 Eumachus
375 1951 517 1997 glabros]
536 1953 726 1995 Distingue
750 1954 860 1989 Eanu-

143 2004 232 2047 cbs,
240 2004 388 2046 31s1m>s=
407 2013 489 2038 nam
500 2004 608 2046 glabri
633 2004 762 2039 diversi
777 2010 859 2039 sunt

145 2055 192 2090 ab
207 2054 383 2089 Bassachis.
427 2055 585 2089 Catullus
600 2056 720 2098 Epitb.
733 2056 806 2090 Jul.
820 2060 858 2090 et

145 2106 243 2144 Man.
284 2106 449 2140 ‘Diceris
478 2107 570 2140 male
593 2112 628 2141 te
654 2117 674 2140 a
690 2108 761 2142 tuis
785 2109 858 2142 Un-

147 2160 315 2209 mutate
343 2157 474 2199 glabris
501 2158 628 2191 marite
653 2157 856 2199 Abstinere,

144 2208 205 2241 sed
221 2206 382 2242 abstine!
425 2208 614 2251 Inscriptio
628 2214 741 2252 vetus,
755 2220 856 2253 quam

147 2258 334 2294 Florentius
349 2258 498 2294 vidimus
524 2260 560 2292 in
574 2260 659 2294 villa
671 2261 739 2294 viri
756 2261 855 2295 Illus-

146 2310 288 2345 trissimi
303 2311 416 2345 Caroli
425 2311 579 2346 stronoe
598 2323 608 2345 ι

435 2371 570 2397 manus

348 2422 515 2448 aaronis
537 2423 648 2449 nnusr

427 2461 575 2499 oman

396 2524 447 2549 ΑΒ
467 2524 606 2549 cano.

147 2566 263 2601 clatri
285 2576 370 2610 ergo
393 2567 536 2610 proprio
558 2568 696 2601 nomine
717 2569 856 2603 Veteri-

144 2619 210 2654 bus
224 2618 349 2661 optimi
374 2618 439 2652 oevi
454 2618 663 2653 dicebantur
677 2621 778 2662 pueri
792 2622 856 2654 im-

143 2669 283 2711 hurbes,
301 2670 312 2688 ‘
323 2669 455 2712 depiles
477 2674 622 2712 propter
636 2671 800 2714 atatem}
816 2676 857 2705 ut

145 2720 273 2755 alicubi
292 2721 425 2755 Nonius
439 2721 580 2754 videtur
594 2722 785 2765 explicare,
797 2733 855 2757 ve-

148 2780 256 2813 raque
272 2775 396 2804 natura
419 2771 463 2804 ab
489 2772 661 2807 Eunuchis
678 2772 854 2808 differunt.

149 2823 242 2855 Sunt
263 2826 379 2856 antem
404 2822 470 2865 illi,
485 2823 545 2868 qui
561 2823 636 2857 aliis
654 2823 665 2842 ⁴
678 2823 852 2858 Delicati’

1534 204 1621 249 583

908 314 1098 352 vocantur3
1122 320 1235 355 neque
1252 311 1344 344 enim
1375 311 1520 345 Eunuchi
1533 321 1622 345 sem-

908 371 972 405 per
996 369 1096 395 erant
1122 363 1236 405 pueri,
1259 372 1372 405 neque
1401 362 1447 396 ob
1479 365 1623 396 aetatem

909 413 986 456 pilis
1001 413 1133 446 defecti
1149 425 1159 454 ς
1181 413 1250 445 lino
1275 412 1446 456 plerique,
1461 412 1574 445 calida
1586 417 1624 446 et

907 469 1044 498 matura
1066 469 1175 498 aetate
1191 464 1334 507 inguina
1347 464 1534 506 tradebant
1548 473 1621 497 me-

908 515 1011 555 dicis,
1033 519 1072 548 et
1097 515 1224 549 deinde
1249 516 1388 556 caloris,
1409 525 1478 548 non
1493 516 1622 558 oetatis,

908 567 1045 600 ratione
1073 567 1153 609 pilis
1184 565 1453 600 desecuerant.
1507 568 1624 601 Glabri

909 627 993 651 vero
1020 622 1102 650 sunt
1130 617 1180 650 illi
1217 618 1227 636 ‘
1245 617 1346 660 pueri
1374 618 1512 659 minuti,
1537 628 1623 661 quos

909 667 1000 702 facie
1013 673 1051 702 et
1066 668 1268 711 garrulitate
1292 668 1454 702 amabiles
1469 669 1621 713 undique

910 719 1157 763 conquirebat'
1180 719 1389 752 lautissimus
1408 719 1568 762 quisque,
1583 723 1623 752 ut

909 770 954 804 de
969 770 1129 812 Augusto
1145 774 1263 803 narrat
1276 770 1461 804 Suetonius
1475 781 1552 814 cap.
1567 774 1623 805 83.

910 825 987 858 Hos
1007 822 1198 857 ‘Delicias'
1218 823 1404 866 vocabant,
1426 828 1465 856 ut
1489 824 1623 858 Statius

907 876 1004 919 Sylv,
1029 875 1111 909 Car.
1135 874 1195 908 lib.
1209 883 1245 908 v.
1260 878 1293 908 5.
1317 884 1420 918 quem
1435 875 1549 908 locum
1571 875 1622 908 ibi

908 928 1028 961 laudat
1042 922 1277 968 Cassubon'us,
1290 936 1393 969 quem
1406 926 1563 969 pluribus
1577 926 1623 960 de

908 980 960 1013 his
975 980 1055 1013 vide
1065 983 1240 1022 agentem.
1285 979 1411 1012 Cicero
1425 980 1487 1012 hos
1503 980 1622 1021 appel-

907 1032 959 1065 lat
978 1042 1093 1074 pueros
1113 1031 1274 1072 delicatos,
1297 1031 1480 1065 Tusculau.
1507 1031 1570 1065 lib.
1584 1041 1620 1065 v.

909 1083 952 1116 de
974 1082 1132 1124 Dionysii
1155 1081 1329 1123 convivio,
1355 1091 1423 1125 quo
1448 1087 1620 1125 exceptus

908 1134 1097 1168 Damocles
1110 1144 1119 1166 z
1142 1134 1152 1152 ‘
1165 1133 1254 1166 Tum
1265 1133 1308 1166 ad
1324 1142 1478 1166 mensam
1490 1134 1620 1167 eximia

906 1184 1019 1219 forma
1032 1195 1156 1227 pueros
1179 1184 1349 1218 delicatos
1366 1184 1474 1226 jussit
1488 1186 1618 1219 consis-

908 1241 997 1280 tere,
1022 1246 1149 1279 eosque
1179 1240 1300 1269 nutum
1332 1236 1408 1279 ejus
1435 1236 1614 1270 intuentes

907 1287 1095 1331 diligenter
1106 1287 1324 1320 ministrare?
1368 1288 1426 1329 Sic
1441 1287 1492 1320 ibi
1508 1289 1622 1330 legen-

908 1339 1014 1381 dum3
1036 1339 1205 1372 hactenus
1226 1343 1389 1381 corrupte
1411 1339 1448 1371 in
1464 1339 1623 1372 omnibus

908 1390 1118 1425 editionibus
1145 1391 1292 1423 delectos.
1348 1390 1408 1424 Sic
1442 1390 1623 1433 inscriptio

908 1442 1002 1485 apud
1029 1442 1219 1476 Gruterum
1246 1451 1281 1483 p.
1303 1444 1380 1476 661.
1403 1452 1440 1474 n.
1462 1444 1494 1475 9.
1517 1451 1621 1484 quam

909 1495 981 1529 vidi
996 1500 1034 1529 et
1055 1494 1238 1528 emendavi
1252 1494 1372 1527 Romae
1388 1493 1433 1526 ad
1445 1493 1597 1536 lapidem
1611 1504 1620 1527 :

930 1554 1141 1580 nv'rvcmrrr
1164 1554 1290 1578 Pvnno
1311 1553 1493 1579 nnucxro
1510 1554 1546 1579 B.
1558 1554 1601 1578 Μ.

909 1606 944 1631 r..
957 1606 1133 1631 rvmmvs
1157 1605 1290 1630 seonvs
1310 1605 1479 1632 nommvs
1504 1605 1623 1630 rnen.

910 1649 1062 1688 Caetera,
1073 1657 1148 1690 quae
1162 1647 1336 1681 Gruterus
1348 1646 1468 1690 habet,
1478 1657 1547 1680 non
1562 1657 1624 1690 ap-

911 1703 1035 1742 parent
1049 1699 1085 1731 in
1102 1698 1233 1741 lapide,
1247 1703 1284 1730 et
1305 1697 1467 1731 videntur
1481 1697 1622 1731 aliunde

911 1754 1041 1784 assuta.
1084 1750 1128 1782 In
1142 1749 1257 1782 indice
1270 1749 1416 1783 Gruteri
1431 1754 1510 1783 est:
1532 1750 1542 1768 ‘
1556 1749 1623 1783 Co-
1644 1762 1650 1765 ⁷

911 1802 1021 1835 armio
1060 1800 1230 1833 delicatus
1269 1800 1486 1834 Gladiatoris
1497 1800 1521 1842 ς’
1559 1799 1621 1834 sed

909 1862 1072 1886 numerus
1107 1852 1254 1884 vitiosus
1282 1856 1350 1885 est.
1396 1852 1445 1885 Hi
1471 1852 1572 1895 pueri
1601 1861 1623 1884 a

908 1903 1076 1937 Martiale
1091 1903 1310 1945 appellantur
1332 1904 1342 1922 ‘
1357 1903 1479 1951 Laeyes
1503 1902 1623 1945 pueri.¹

909 1956 1067 1989 Glossar.
1079 1955 1215 1989 Philox.
1231 1955 1241 1973 ‘
1251 1953 1348 1988 Ψιλδς
1358 1955 1376 1988 ὁ
1383 1956 1480 1998 λεῖος,
1490 1956 1623 1998 glaber,

908 2006 1006 2040 levis.
1038 2007 1130 2048 ψαλῶ,
1157 2005 1345 2048 deglabro.'
1393 2007 1514 2040 Glaber
1537 2017 1622 2041 vero

907 2067 971 2100 pro
987 2058 1138 2090 Eunucho
1152 2057 1290 2090 videtur
1306 2058 1422 2100 accipi
1440 2058 1485 2091 ab
1509 2059 1622 2102 Hygi-

907 2117 952 2141 no
982 2106 1055 2142 fab.
1084 2110 1162 2140 2⁷4.
1192 2107 1235 2140 de
1266 2108 1447 2150 Agnodice
1476 2110 1620 2151 puella:

905 2159 915 2176 ‘
930 2159 1018 2192 Eum
1033 2158 1188 2201 glabrum
1203 2167 1281 2192 esse
1294 2163 1332 2192 et
1346 2159 1525 2194 mulierum
1547 2170 1623 2194 cor·

907 2213 1099 2252 ruptorem,
1118 2209 1264 2252 illasque
1288 2210 1514 2252 aegritudines
1527 2211 1623 2245 dissi-

906 2259 1062 2293 mulare.’
1086 2260 1175 2293 Gad.

956 2312 1123 2345 Eunuchos
1141 2311 1286 2355 glabros]
1322 2312 1526 2347 Notandum
1550 2315 1619 2348 Eu-

907 2363 1039 2396 nuchos
1052 2362 1158 2396 fuisse
1166 2364 1201 2395 in
1217 2362 1346 2396 mundo
1355 2364 1526 2399 muliebri.
1547 2366 1619 2399 Sed

908 2413 965 2448 cui
981 2413 1070 2447 bono
1092 2413 1238 2447 moechae
1254 2414 1411 2447 Eunuchi
1426 2415 1525 2448 dati?
1548 2415 1620 2448 Pu-

908 2470 962 2507 ta,
977 2469 1018 2498 ut
1031 2465 1173 2498 delicias
1187 2464 1359 2507 dicerent,
1381 2464 1521 2500 flabello
1538 2476 1620 2500 ven-

910 2517 1019 2550 tulum
1032 2516 1208 2557 facerent,
1221 2526 1346 2550 vanam
1362 2522 1398 2550 et
1413 2519 1566 2553 sterilem
1578 2520 1619 2553 li-

906 2568 1060 2602 bidinem
1085 2568 1302 2602 suscitarent.
1354 2569 1518 2604 Juvenal.
1543 2571 1621 2606 Sat.

908 2629 959 2653 vr.
980 2620 1105 2661 ‘Sunt,
1120 2629 1205 2661 quas
1228 2619 1386 2653 Eunuchi
1410 2621 1564 2655 imbelles
1578 2633 1621 2657 ac

909 2671 1025 2704 mollia
1049 2680 1187 2713 semper
1212 2670 1343 2704 Oscula
1367 2671 1556 2716 delectent,
1580 2678 1620 2707 et

907 2723 1108 2767 desperatio
1131 2723 1265 2766 barbae,
1287 2725 1334 2757 Et
1347 2723 1438 2767 quod
1460 2724 1619 2760 abortivo

905 2784 974 2808 non
987 2779 1043 2808 est
1058 2777 1165 2817 opus.’
1209 2775 1364 2809 Martial.
1375 2776 1479 2818 Epig.
1495 2786 1548 2811 v1.
1561 2780 1619 2811 67.

905 2825 997 2859 ‘Cur
1026 2830 1160 2859 tantum
1189 2826 1374 2866 Eunuchos
1402 2827 1528 2862 habeat
1558 2833 1622 2862 tua
