1806 3236
279 261 364 304 558

279 367 350 409 quis
365 367 440 400 tulis
454 367 551 400 etiam
572 366 660 399 tundi
673 370 720 399 est
734 369 898 408 appetens:
920 365 987 407 vel,

279 418 307 450 si
323 418 392 459 quis
413 419 492 450 tales
511 418 606 450 etiam
630 418 738 450 titulos
752 417 887 459 appetit.
930 416 986 449 Sic

282 467 429 499 Ovidius
445 467 525 499 Art.
542 466 622 499 Am.
636 477 663 500 ι.
685 468 695 485 ⁴
707 468 759 500 Tu
785 467 905 500 titulos
922 466 988 499 alia

282 517 435 550 Palladis
451 521 527 550 arte
555 523 653 560 petas
667 518 688 550 ε’
711 522 748 550 et
777 518 827 551 ita
855 517 988 550 centies

281 568 402 601 Poetae
417 569 479 600 hac
494 578 578 601 voce
591 569 682 602 tituli
696 573 861 601 utuntur:
887 571 991 601 meta-

284 620 404 662 phora,
420 624 458 652 ut
482 624 577 653 recte
590 618 785 653 Schefl'erus
817 630 836 652 a
859 622 989 651 statua-

281 680 355 703 rum
373 670 482 703 titulis
498 671 622 712 petita.
665 670 746 703 Vid.
759 674 797 703 et
807 670 929 703 Barth.
947 669 990 702 ad

283 720 407 753 Claud.
423 721 500 752 Bel.
524 721 608 754 Get.
635 720 736 763 praef.
751 724 783 754 9.
806 725 844 754 et
866 721 990 764 Steph.

281 771 361 807 Joh.
390 771 512 813 Steph.
551 771 595 803 ad
632 773 759 804 saxon.
797 772 990 805 Grammat.

280 821 417 864 praefat.
431 832 465 864 p.
480 825 512 855 2.
535 823 650 855 Burm.

328 872 413 905 Talis
426 873 523 904 etiam
544 876 590 905 est
605 867 694 906 ti'tuli
706 872 843 914 artifex]
878 873 991 906 Locus

281 922 467 956 mendosus
491 927 529 956 et
553 924 706 956 mutilus.
726 924 811 956 Mss.
839 924 939 957 Rem.
955 928 1007 960 et,

283 973 381 1006 Pith.
396 983 534 1014 prorsus
555 973 718 1016 ignorant
743 974 926 1007 absurdum
954 974 992 1007 il·

283 1024 342 1056 lud
358 1023 492 1064 artifex,
521 1023 615 1067 quod
636 1023 799 1066 frigidum
823 1028 929 1067 atque
942 1024 992 1057 in-

283 1075 425 1108 ficetum
442 1078 674 1107 commentum
686 1080 738 1108 est
753 1075 908 1117 Rigaltii,
930 1084 992 1108 ne-

283 1127 352 1168 que
377 1126 457 1158 huic
495 1135 659 1167 purpurae
683 1126 793 1159 attexi
829 1130 993 1159 meretur.

283 1177 411 1210 Melius
420 1177 592 1217 Pithoeus,
601 1177 863 1218 Rittershusius,
873 1181 910 1211 et
922 1178 994 1218 alii,

284 1234 369 1263 tunc
392 1230 558 1272 temporis
586 1228 761 1262 defectum
801 1228 994 1262 indicantes

285 1286 391 1324 atque
407 1284 646 1323 agnoscentes,
659 1279 750 1323 quod
765 1280 876 1313 sanari
892 1289 993 1321 posse

285 1331 505 1373 diffidebant,
524 1331 691 1363 intactum
726 1330 922 1373 reliquere3
955 1334 994 1363 et

285 1393 367 1416 sane
382 1382 511 1425 absque
538 1381 725 1422 integriore
751 1381 872 1414 codice
884 1381 994 1423 scrip·

287 1439 337 1474 to,
352 1433 450 1474 illud,
462 1433 553 1475 quod
576 1442 674 1465 casus
689 1432 806 1465 nescio
824 1432 897 1475 quis
912 1436 994 1465 ante

286 1487 342 1516 tot
358 1483 488 1516 saecula
501 1482 579 1515 huic
594 1483 670 1516 loco
685 1493 825 1526 prorsus
841 1483 995 1522 abstulit,

286 1534 338 1566 ita
363 1534 465 1577 plene
481 1533 618 1566 restitui
634 1533 691 1566 vix
707 1538 836 1576 potest,
864 1537 915 1566 ut*
929 1543 997 1566 am·

286 1585 377 1627 plius
394 1583 609 1617 dubitationi
624 1584 754 1617 non-sit
778 1584 885 1617 loeus.
928 1583 997 1617 Ac-

288 1635 384 1668 cedit
399 1633 492 1677 qnod
512 1633 574 1667 ina
599 1643 666 1667 vox
694 1634 782 1667 tituli
808 1634 865 1666 hic
891 1634 997 1667 etiam

288 1685 388 1718 valde
402 1684 450 1718 sit
478 1685 613 1727 inepta,
635 1689 740 1728 atque
763 1685 905 1718 indubie
923 1695 998 1718 cor-

288 1740 413 1778 rupta3
437 1745 515 1768 nam
541 1735 663 1768 Poetae
693 1735 831 1768 titulum
845 1735 998 1778 intelligi

289 1787 370 1819 milii
385 1795 453 1818 non
471 1785 660 1828 probatur;
682 1795 796 1829 neque
812 1786 847 1818 id
863 1786 912 1818 ilii
924 1787 997 1828 pla-

289 1837 363 1871 cuit
378 1837 502 1878 amico,
518 1836 599 1869 dnm
623 1836 771 1878 viveret,
793 1841 924 1879 nostro,
937 1847 997 1869 cu-

284 1888 344 1931 jus
354 1888 524 1920 sincerum
536 1897 576 1920 ec
589 1887 717 1920 subtile
723 1886 891 1930 judicium
902 1897 997 1920 max-

289 1939 350 1972 imi
373 1947 511 1981 semper
525 1937 606 1979 feci,
627 1938 685 1981 qui
697 1937 897 1980 explicabat
921 1938 998 1971 talis

291 1990 393 2032 tituli,
405 1989 484 2022 tans
498 1988 631 2029 landis3
653 1988 758 2031 idque
783 1998 803 2020 a
818 1989 997 2021 statuario·

291 2053 367 2075 rum
384 2042 494 2075 titulis
520 2041 738 2082 desumptum
755 2050 832 2072 esse
845 2039 997 2073 volebat.

291 2093 439 2126 Erudite
455 2096 495 2124 ut
509 2091 668 2131 solebat3
692 2091 751 2124 sed
778 2091 877 2123 nimis
897 2091 998 2133 longe

293 2144 442 2187 petitum
457 2143 533 2175 loco
558 2146 677 2175 nostro
699 2141 790 2174 haud
812 2142 999 2174 convenire

294 2195 443 2228 videtur.
488 2194 531 2226 In
547 2194 681 2234 mendo,
696 2197 734 2225 nt
750 2192 835 2231 dixi,
862 2202 927 2224 vox
941 2192 1001 2224 illa

294 2247 412 2287 cubat,
429 2245 485 2278 cui
501 2243 761 2286 corrumpendae
781 2243 927 2275 librariis
940 2243 1001 2275 im-

295 2298 417 2340 peritis
440 2307 542 2331 causa
568 2296 632 2328 fuit
657 2296 714 2328 ille
739 2296 774 2327 in
796 2295 1002 2327 membranis

295 2347 453 2380 defectus
468 2347 633 2389 proximae
654 2345 759 2378 vocis.
818 2344 912 2379 Quid
939 2344 1002 2386 igi-

296 2404 354 2432 tur
368 2397 533 2431 faciemus
560 2397 652 2438 huic,
677 2406 745 2429 non
769 2400 902 2428 tantum
927 2405 1001 2428 cor-

296 2454 413 2490 rupto,
442 2448 503 2480 sed
534 2452 571 2481 et
597 2447 721 2480 misere
749 2446 870 2479 mutilo
900 2447 1001 2479 loco?

296 2498 467 2540 Equidem
483 2498 634 2531 decerno
649 2497 746 2538 nihil,
770 2496 919 2538 etiamsi,
933 2506 1001 2539 quo

296 2558 352 2581 me
377 2548 467 2580 baud
482 2548 568 2580 levis
583 2547 785 2589 conjectura
799 2547 918 2587 ducat,
942 2547 1002 2579 ha-

296 2600 408 2632 beam.
454 2600 579 2642 Neque
594 2599 697 2640 enim,
715 2597 796 2641 quid
811 2607 929 2630 sensus
942 2607 1001 2630 ex·

297 2655 409 2693 petat,
418 2650 601 2683 obscurum
616 2650 773 2692 cuiquam
787 2658 862 2680 esse
875 2652 1003 2690 potest,

298 2700 508 2734 antecedens
544 2700 643 2732 simul
679 2699 867 2742 capitulum
891 2699 1000 2731 revol-

299 2752 407 2784 venti.
452 2752 570 2784 Mutat
599 2751 767 2783 rationem
791 2750 934 2790 consilii,
963 2753 1001 2781 et

298 2803 342 2835 ad
366 2803 656 2844 objectiunculam
673 2812 768 2834 suam
784 2801 848 2832 sibi
868 2800 932 2841 ipsi
949 2810 1000 2832 re-

298 2853 465 2895 spondet:
492 2854 580 2886 Nam
598 2854 626 2886 si
650 2853 724 2896 quis
739 2853 841 2885 etiam
856 2852 942 2884 alius
963 2851 1001 2884 si-

742 270 884 302 NO'PAE
918 270 1184 303 VAmoRUM
1219 271 1298 302 IN-

1035 365 1107 398 mili
1122 365 1315 398 fabularum
1329 366 1656 400 conscribendarum
1671 370 1741 400 stu·

1035 415 1093 448 dio
1131 420 1281 458 tenetur,
1333 418 1455 460 quibus
1494 417 1741 454 divinationum

1035 466 1246 508 conjecturis
1259 467 1396 509 assequi
1411 467 1551 510 poterit,
1575 467 1659 510 qnid
1671 468 1744 501 dic-

1028 521 1126 559 tum,
1162 517 1289 560 quidve
1338 517 1505 551 indictum
1552 518 1742 552 voluerim?

1039 568 1217 610 scripserit
1239 578 1321 611 ergo
1337 578 1413 602 meo
1428 568 1581 611 judicio:
1606 568 1744 602 Nam'si

1037 619 1108 661 quie
1120 619 1197 652 ulis
1207 619 1304 652 etiam
1313 623 1360 652 est
1373 619 1473 652 studii
1485 618 1634 660 diligen.
1663 619 1743 652 Hoc

1040 671 1143 712 plane
1157 675 1211 703 est
1230 670 1328 712 illud,
1345 670 1436 712 quod
1451 669 1673 704 antecedenti
1686 679 1743 704 cn-

1040 721 1151 763 pitulo
1163 720 1323 753 dixerat:
1345 721 1355 739 ‘
1368 720 1459 752 Dein
1479 719 1508 753 si
1531 719 1607 763 qui·
1621 720 1743 754 eedem

1040 771 1131 805 forte
1161 771 1279 805 conari
1300 771 1406 805 velit!
1465 771 1621 813 Diligens
1645 772 1745 805 audii

1041 823 1145 863 idem,
1169 822 1266 868 ¹quod
1292 822 1383 864 apud
1398 821 1551 867 Plinium
1571 820 1746 864 ‘Diligen-

1039 875 1192 908 tissimus
1207 874 1318 908 artis!
1362 875 1410 907 Et
1425 866 1548 907 Cie‘ere
1558 873 1625 916 Ep.
1637 872 1746 906 1138.

1039 926 1050 946 ‘
1064 926 1246 959 studiosus
1271 924 1459 958 studiorum
1479 922 1655 957 meorum!
1698 922 1747 957 Et

1041 977 1164 1020 passim
1180 975 1272 1018 apud
1286 976 1390 1009 alios:
1406 975 1418 994 ⁴
1427 974 1588 1017 Diligens
1602 973 1751 1008 sni-tw

1041 1028 1192 1061 Studium
1206 1027 1347 1070 proprie
1364 1026 1410 1059 de
1430 1024 1603 1059 exerciti«)
1624 1024 1689 1058 uu
1710 1028 1749 1058 et

1041 1079 1117 1122 ipsa
1129 1079 1196 1111 hnc
1210 1078 1403 1111 fabularum
1411 1075 1648 1120 fingendarum
1658 1079 1750 1118 erte,

1038 1130 1136 1172 apud
1151 1129 1339 1163 Phaedrum
1354 1128 1460 1163 etiarn
1485 1128 1522 1161 in
1537 1126 1748 1170 epilogolib.

1041 1191 1082 1215 ιι.
1096 1181 1106 1199 ‘
1117 1182 1154 1214 Si
1167 1185 1320 1214 nostrum
1332 1179 1484 1214 studium
1497 1179 1542 1212 nd
1557 1187 1657 1212 moe
1671 1186 1749 1221 per·

1043 1232 1138 1265 venit
1153 1236 1246 1272 tues,
1260 1232 1308 1264 Et
1321 1235 1397 1264 arte
1410 1229 1512 1263 fictas
1523 1230 1656 1262 animno
1669 1238 1748 1262 sen·

1040 1283 1087 1316 tit
1096 1282 1252 1316 fabulas!
1283 1283 1331 1316 Et
1347 1282 1478 1324 prolog.
1490 1280 1552 1314 lib.
1565 1289 1624 1313 m.
1638 1281 1651 1300 ‘
1666 1280 1750 1313 For-

1041 1338 1133 1366 tasse
1162 1333 1280 1366 dices:
1304 1332 1442 1376 Aliqua
1471 1330 1615 1366 venient
1637 1329 1749 1372 terim,

1037 1384 1132 1418 Qnae
1159 1393 1214 1416 me
1228 1383 1342 1416 soluto
1357 1385 1502 1424 pectore
1527 1380 1575 1414 ud'
1592 1377 1749 1414 studium

1038 1438 1179 1467 vocent.
1214 1434 1382 1475 Legesne,
1390 1441 1517 1476 quaeso,
1527 1430 1649 1474 potine
1664 1431 1748 1464 viles

1044 1484 1173 1518 naenias
1185 1483 1210 1516 ?’
1233 1499 1236 1503 >
1253 1483 1347 1516 Hinc
1362 1482 1422 1515 lib.
1435 1490 1477 1515 n.
1493 1481 1616 1524 epibg.
1630 1481 1641 1502 ⁴
1653 1481 1748 1516 Quo·

1041 1535 1135 1568 niam
1150 1537 1342 1576 occuparet
1360 1533 1469 1573 ulter,
1491 1542 1535 1565 ne
1554 1532 1684 1575 primns
1697 1532 1751 1566 fo·

1045 1595 1139 1626 rem3
1173 1585 1229 1618 Ne
1255 1584 1348 1617 solus
1372 1587 1481 1625 esset,
1503 1582 1634 1625 studui,
1657 1583 1750 1626 qnod

1044 1633 1243 1678 superfuit!
1287 1633 1358 1667 Ubi
1371 1633 1601 1672 Μεισὲυάυίς
1619 1628 1685 1667 κέ]
1701 1633 1751 1666 vi-

1046 1687 1134 1720 tiose
1147 1696 1158 1727 ;
1180 1690 1219 1719 et
1234 1689 1330 1719 reete
1341 1684 1495 1727 conjecit
1508 1684 1607 1718 studii
1620 1684 1751 1718 nitier-

1045 1737 1193 1778 shusins,
1210 1737 1267 1779 qui
1282 1736 1370 1769 duos
1389 1745 1509 1769 venus
1524 1735 1610 1769 istos
1621 1735 1751 1779 primns

1045 1788 1211 1829 restituit,
1226 1788 1315 1820 malo
1327 1787 1486 1828 exemplo
1500 1795 1545 1819 ne
1558 1787 1753 1820 nominatus

1042 1838 1181 1882 quidem
1198 1838 1241 1871 ab
1265 1838 1320 1879 iis,
1337 1838 1395 1881 qui
1416 1838 1490 1879 ejus
1514 1838 1752 1880 conjecturam

1042 1890 1081 1922 vin
1105 1892 1240 1921 textum
1267 1891 1485 1930 receperent.
1530 1888 1601 1920 Sed·
1615 1887 1753 1930 nequis

1044 1940 1132 1973 illud
1157 1939 1258 1972 audii
1278 1948 1300 1971 n
1324 1939 1466 1982 vulgata
1494 1938 1754 1973 lectione-muli

1044 1990 1147 2024 nimis
1176 1990 1279 2031 longe
1307 1989 1485 2031 recedere,
1507 1990 1655 2022 alterum
1671 1998 1753 2022 vero

1046 2041 1182 2082 diligens
1195 2041 1323 2083 absque
1346 2041 1454 2074 ullius·
1473 2044 1622 2074 vetustte
1646 2040 1754 2082 scrip-

1043 2097 1134 2126 turae
1151 2092 1304 2135 vestigiis
1329 2096 1460 2125 temere
1485 2102 1506 2125 a
1530 2091 1628 2125 nobis
1648 2091 1754 2134 scrip-

1048 2148 1122 2176 tum
1137 2143 1332 2183 existimem
1355 2143 1464 2175 visum
1477 2148 1533 2175 est
1560 2147 1597 2176 et
1620 2141 1752 2175 fontem

1050 2195 1237 2235 erroris,et
1260 2198 1389 2227 nostrat
1402 2193 1547 2226 fimdnm
1564 2193 1753 2235 emendati-

1051 2246 1136 2285 onis,
1154 2245 1242 2277 bona
1257 2254 1333 2277 cum
1348 2244 1488 2277 lectoris
1502 2244 1615 2283 venia,
1636 2243 1752 2285 paulu-

1045 2297 1119 2328 lum
1135 2295 1331 2337 diligentius
1350 2295 1527 2337 detegere.
1563 2292 1752 2326 ‘Sciendum

1051 2355 1135 2388 ergo
1151 2351 1217 2387 est,
1244 2355 1312 2378 non
1339 2350 1471 2378 tantum
1498 2345 1611 2388 hujus,
1637 2342 1699 2376 sed
1714 2346 1753 2375 et

1051 2405 1172 2428 versus
1188 2395 1342 2438 proxime
1369 2395 1614 2437 praecedentis,
1638 2398 1753 2427 extre-

1051 2457 1124 2479 mas
1151 2447 1274 2479 literas
1315 2446 1476 2489 quasdam
1503 2445 1667 2490 periisse3
1703 2443 1754 2476 sie

1051 2502 1234 2540 utmmque
1247 2507 1380 2530 versum
1396 2495 1552 2529 mutilum
1567 2494 1601 2527 in
1626 2493 1694 2526 fine
1709 2494 1754 2526 ad

1049 2548 1154 2580 fidem
1170 2548 1299 2581 codicis
1328 2548 1380 2580 sui
1401 2547 1558 2584 Pitboeus
1584 2545 1754 2578 ediderat.

1050 2598 1148 2631 Idem
1164 2597 1321 2630 defectus
1343 2596 1525 2639 utrobique
1549 2596 1587 2628 in
1607 2597 1755 2629 Remen-

1043 2648 1143 2680 -nibus
1171 2647 1386 2680 membranis.
1428 2646 1677 2680 Ritterslmsius
1699 2646 1756 2679 de-

1049 2698 1179 2730 fectum
1208 2698 1417 2730 levissimum
1442 2697 1565 2739 prioris
1587 2696 1752 2729 versiculi

1048 2748 1152 2781 facile
1162 2748 1357 2790 supplevit3
1377 2752 1474 2780 recte
1490 2752 1528 2780 ut
1549 2751 1636 2790 puto
1655 2746 1754 2780 renti-

1051 2805 1150 2833 tuens
1165 2810 1263 2831 meum
1274 2810 1287 2837 ‚·
1310 2799 1345 2831 id
1367 2809 1487 2831 sensus
1510 2802 1546 2831 et
1562 2806 1678 2830 versus
1691 2806 1750 2839 po·

1050 2852 1201 2893 stulan13
1222 2855 1325 2893 atque
1342 2850 1429 2884 adeo
1442 2850 1574 2893 placuit
1585 2849 1751 2895 Rigaltio,
