1806 3236
169 242 257 285 308
412 254 671 286 APPEme
706 255 812 285 mn.
843 253 1161 289 AESOPIARUM.
1194 257 1301 288 ΕΑΒ.
1329 247 1401 289 34.

171 348 338 392 Redire
357 353 504 392 tamen
522 350 607 392 hac
626 350 723 403 lege
743 350 788 391 in
809 350 995 404 gratiam
1015 351 1134 404 volo,

172 415 352 458 Securis
371 430 593 472 nunquam
608 416 787 472 perfidae
809 417 849 459 si
869 417 1156 461 meminerim.

230 483 475 537 Suspectus
495 496 595 526 esse
614 483 763 535 debet,
786 484 863 538 qui
882 484 1004 527 laesit
1020 486 1169 537 semel,

172 549 231 592 Et
249 553 376 593 caute
396 563 567 606 semper
586 552 839 607 integranda
858 552 1015 606 gratia.

679 924 890 963 FABULA
937 924 1126 965 XXXIV.

561 1079 809 1132 AQUILA
854 1079 935 1122 ΕΤ
980 1080 1243 1126 MILVUS.

173 1240 233 1282 IN
255 1252 379 1282 ramo
400 1239 536 1282 tristis
556 1239 731 1282 sederat
751 1254 851 1282 cum
870 1241 1014 1283 Miluo

173 1307 357 1362 Aquila.
419 1305 543 1358 Quid
565 1306 688 1349 vultu
706 1310 749 1348 te
768 1311 860 1349 tam
880 1311 1040 1350 moesto
1063 1308 1233 1351 Miluiis

174 1373 444 1428 Conspicio‘l
505 1372 690 1425 Quaem,
723 1374 837 1417 dixit
855 1375 948 1426 illa,
970 1375 1205 1431 conjugem

174 1441 347 1491 Parem,
367 1453 447 1482 nec
465 1440 660 1482 invenire
679 1454 875 1496 possum.
935 1441 1014 1483 Me
1033 1443 1205 1498 accipe,

173 1507 241 1549 Te
262 1508 400 1549 multo
421 1509 499 1562 qui
520 1520 617 1549 sum
637 1507 802 1551 fortior.
863 1507 1016 1560 Quid?
1047 1523 1102 1552 an
1122 1514 1249 1565 potes

173 1574 246 1616 Ex
264 1577 391 1628 rapto
410 1576 577 1616 victum
597 1576 826 1630 quaerere‘l
887 1574 1122 1630 Unguibus
1141 1578 1249 1620 meis

173 1642 588 1684 Struthiocamelum
608 1643 737 1696 rapui
758 1655 966 1698 prensum
986 1645 1168 1699 saepius.

174 1709 360 1752 Inducta
380 1710 525 1751 verbis
543 1707 712 1764 Aquila
733 1711 968 1766 conjugem
989 1712 1126 1766 capit.

174 1776 321 1818 Parvo
341 1780 445 1831 post
461 1776 641 1830 nuptias
662 1780 889 1819 transacto
910 1780 1106 1832 tempore

173 1842 368 1898 Aquila:
400 1842 507 1895 Abi,
528 1847 571 1886 et
589 1844 788 1899 praedam
808 1844 1073 1899 promissam
1094 1845 1198 1887 mihi
1219 1858 1335 1900 rape.

173 1910 348 1953 Volans
368 1911 412 1952 in
432 1910 582 1961 altum,
600 1911 787 1953 soricem
807 1910 1205 1954 immundissimum

177 1978 235 2020 Et
254 1978 384 2032 longo
406 1977 575 2020 Miluiis
595 1977 722 2020 affert
739 1977 964 2033 putridum
983 1979 1089 2020 situ.

176 2033 352 2087 H⁸aecne
369 2049 437 2086 est
455 2045 658 2099 polliciti,
678 2043 843 2100 Aquila
863 2045 994 2097 dixit,
1015 2044 1128 2087 fides
1147 2046 1212 2088 tui
1224 2048 1243 2087 Τ

179 2112 263 2154 Cui
285 2112 477 2154 Miluiis:
509 2112 619 2167 Ego,
647 2117 696 2154 ut
713 2113 981 2167 pervenirem
1001 2113 1181 2168 nuptias

177 2179 252 2222 Ad
273 2180 431 2234 regias,
452 2179 559 2221 nihil
577 2193 663 2221 non
683 2193 816 2234 posse
837 2193 908 2222 me
929 2179 1060 2222 fidem

179 2247 431 2298 Dedissem,
452 2247 654 2301 quamvis
674 2259 744 2288 me
764 2247 943 2302 nequire
961 2247 1172 2290 noverim.

237 2313 328 2365 Qui
347 2326 395 2356 se
414 2315 598 2369 maJ'ores
617 2314 768 2368 cupidi
790 2317 995 2368 quaerunt
1015 2313 1245 2369 conjuges,

180 2382 341 2424 Dolent
361 2381 538 2436 decepti
559 2394 606 2423 se
625 2385 728 2436 post
741 2381 922 2435 junctos
945 2383 1123 2425 vilibus.

840 2491 980 2524 NOTAE

515 2553 612 2587 Solus
638 2554 749 2588 Anon.
773 2564 808 2587 n.
824 2557 878 2588 67.
904 2555 1006 2588 habet
1031 2555 1117 2588 hanc
1144 2554 1314 2589 fabellam.

1572 488 1631 530 15

1580 1847 1636 1889 10

1579 2185 1637 2239 15,
