1806 3236
222 179 309 223 140

507 189 710 223 PHAEDRI
743 189 1056 223 FABULARUM
1087 190 1388 224 AEsoPIARUM

220 286 271 329 Si
290 257 446 342 Phryx
464 286 664 342 AEsopus
684 286 848 342 potuit,
876 278 916 328 si
934 279 1204 330 Anacharsis
1223 286 1390 342 Scytha

219 353 450 410 AEternam
468 354 632 397 famam
652 354 838 396 condere
856 354 1034 408 ingenio
1054 367 1158 398 suo:
1311 351 1315 354 ’

217 420 328 477 Ego,
349 422 537 465 literatae
560 421 636 476 qui
657 434 754 464 sum
771 421 950 477 propior
969 420 1181 472 Graeciae,

218 488 308 532 Gur
326 502 479 532 somno
498 489 627 532 inerti
648 489 848 532 deseram
867 490 1023 544 patriae
1049 489 1190 532 decus
1205 491 1226 532 ‘i

214 556 431 600 Threissa
450 570 551 599 cum
569 570 674 612 gens
694 563 893 599 numeret
913 561 1114 600 auctores
1131 569 1254 608 suoS‚

214 622 417 680 Linoque
437 624 605 681 Apollo
623 625 681 668 sit
697 638 873 681 parens,
895 625 1031 668 Musa
1051 625 1244 681 Orpheo,

210 748 336 788 reponet
359 755 409 777 me
431 746 599 787 suscepisse
612 746 722 778 duram
733 744 940 786 provinciam.
983 744 1021 776 Si
1036 745 1169 787 AEsopus
1182 755 1199 777 e
1214 744 1370 787 Phrygia,
1396 744 1426 777 si
1447 743 1640 794 Anarcharsis
1652 754 1670 778 c
1717 734 1721 742 ’

209 787 343 839 Scythia
365 788 511 839 oriundi,
529 792 699 839 pot—uerunt
723 788 937 838 transmittere
961 787 1137 820 oeternitati
1161 797 1220 820 sua
1234 789 1358 820 nomina
1372 787 1512 838 ingenio,
1530 797 1587 819 cur
1600 796 1684 862 ego3

825 948 1062 961 ”Oum‘m

1643 958 1658 975 Ι

208 998 245 1022 v.
258 992 334 1024 232.
358 991 453 1023 alibi.
496 991 563 1024 Sed
575 990 766 1033 Scheffero‚
782 991 939 1032 Heinsio,
952 991 1113 1024 Bentleio
1135 990 1263 1032 placet,
1268 989 1382 1030 forsan
1397 991 1477 1032 quis.
1522 989 1565 1022 In
1578 988 1670 1026 eod.

209 1031 310 1065 Rem.
323 1039 376 1066 est
380 1033 534 1073 forsitan.
579 1035 626 1067 At
643 1035 760 1067 vitium
778 1035 854 1068 voci
878 1034 991 1076 potius
996 1033 1111 1073 forsan
1124 1034 1236 1066 inesse
1251 1033 1402 1075 videtur,
1424 1041 1527 1075 quam
1542 1035 1668 1074 proni>-

207 1076 291 1108 mini
304 1077 429 1118 aliquis.
474 1077 560 1111 Quis
582 1078 671 1110 enim
687 1087 756 1110 non
770 1078 879 1118 videt,
891 1081 1075 1119 utrumque
1083 1076 1199 1116 forsan
1211 1075 1397 1118 etforsitan
1411 1085 1483 1108 esse
1497 1075 1678 1122 interpre-N

207 1119 375 1152 tationem
388 1121 445 1152 τοῦ
447 1119 533 1162 fors,
547 1130 614 1153 non
630 1130 727 1163 aeque
739 1121 868 1161 cogniti
880 1121 956 1153 rudi
970 1120 1110 1153 librario
1123 1120 1135 1152 ?
1172 1118 1228 1152 ef.
1240 1120 1330 1152 Gud.
1356 1119 1392 1152 N
1393 1123 1548 1152 otaverat
1563 1118 1668 1153 etiam

198 1160 275 1201 sors
299 1162 484 1195 Salmasius
513 1163 558 1195 ad
582 1164 769 1205 marginem
794 1163 972 1197 libri.-52
1008 1162 1116 1195 Codd.
1147 1163 1234 1194 Mss.
1258 1165 1454 1203 corruptam
1483 1160 1679 1202 lectionem-

205 1203 354 1237 habent:
379 1205 585 1245 Frigesuisse
598 1207 733 1248 AEsopus
747 1206 941 1239 Anacharsoe
954 1205 1104 1248 Scythoe‚·
1124 1206 1179 1237 vel
1193 1205 1325 1245 Frigcm
1339 1203 1443 1243 fuisse
1462 1204 1626 1246 AEsopum,
1638 1205 1670 1237 si

205 1247 400 1290 Anacharsoe
418 1248 556 1290 Scythoe.
600 1249 680 1281 Vid.
707 1249 797 1281 Gud.
825 1252 863 1281 et
892 1249 1014 1281 Nevel.
1048 1248 1142 1280 Hinc
1162 1246 1304 1288 factum,
1334 1247 1376 1279 Si
1398 1246 1513 1288 Phryx
1531 1247 1677 1289 Εαφιμ

201 1290 320 1331 potuit,
334 1290 529 1323 Anacharsis
543 1291 680 1333 Scytha:
700 1296 912 1333 postremum
925 1291 954 1323 si
966 1301 987 1323 a
1000 1290 1177 1324 Gronovio
1192 1290 1349 1322 accessit.
1365 1286 1373 1295 '
1393 1289 1474 1322 vid.
1490 1299 1540 1322 vs.
1550 1290 1605 1323 41.
1615 1299 1666 1332 sq.

204 1331 358 1366 Bentlei.
369 1333 490 1374 edidit,
504 1334 576 1375 [cui
592 1333 727 1367 accedit
741 1334 886 1375 Anton.]
909 1333 1092 1375 Phrygibus
1104 1334 1133 1364 si
1147 1333 1283 1374 AEsopus
1294 1331 1412 1373 potuit,
1434 1333 1464 1364 si
1477 1332 1669 1367 Anacharsis

204 1374 352 1417 Scythis,-
374 1376 435 1408 sed
458 1376 585 1408 Harius
601 1377 739 1409 mallet:
762 1377 890 1419 Phrygi
903 1377 993 1408 licuit
1007 1377 1036 1408 si
1050 1377 1179 1417 AEsopo‚
1193 1375 1222 1407 si
1235 1375 1414 1408 Anacharsi
1428 1374 1567 1417 Scytha.
1608 1375 1667 1409 De

204 1418 408 1460 conjectura
430 1419 508 1452 Jac.
530 1419 697 1452 Gronovii
712 1423 749 1452 et
771 1420 882 1452 altera
902 1419 1003 1452 Harii
1029 1419 1104 1461 lege
1127 1419 1371 1450 Bai-mannum.
1414 1415 1574 1450 Alterum
1588 1418 1667 1452 siin

204 1461 375 1494 nonnullis
389 1461 598 1494 editionibus
612 1462 723 1503 abest,
743 1468 780 1495 ut
803 1462 1063 1503 Hoogstratani.
1109 1460 1288 1493 Withofins
1304 1461 1338 1492 in
1355 1459 1457 1492 Mine.
1473 1459 1559 1496 Oba.
1573 1460 1678 1493 Nor.>

201 1504 271 1536 vol.
288 1513 314 1536 ι.
330 1508 413 1537 tom.
430 1507 462 1537 1.
479 1514 512 1546 p.
531 1507 606 1538 127.
621 1507 672 1547 ΒΦ
695 1505 772 1537 loco
786 1506 850 1537 τῶν
870 1504 908 1536 Si
924 1505 1048 1546 Phryx,
1060 1504 1158 1545 legit,
1173 1503 1305 1545 Phryge
1315 1506 1408 1544 teste,
1421 1503 1445 1535 i.
1461 1512 1494 1535 e.
1512 1502 1643 1543 fatente
1653 1511 1675 1543 :J

201 1545 241 1578 τὸ
265 1546 295 1579 si
315 1551 395 1579 ante
419 1547 613 1580 Anacharsis
635 1547 742 1590 ejicit,
763 1552 800 1580 et
823 1557 873 1580 vs.
890 1550 944 1580 53.
969 1558 1022 1579 suo
1047 1550 1159 1579 mutat
1181 1546 1217 1578 in
1235 1545 1395 1578 siba-54
1416 1544 1566 1587 Propior.
1592 1545 1668 1586 ,Mra

202 1589 299 1622 Pith.
327 1590 480 1631 proprior.
525 1591 572 1622 Et
599 1591 650 1623 ita
675 1591 859 1623 Salmasius
882 1589 927 1622 ad
956 1599 1049 1622 oram
1068 1589 1148 1622 libri
1172 1588 1224 1621 sui
1247 1588 1480 1621 notavit—55
1502 1588 1555 1621 De
1649 1624 1654 1627 ,

201 1631 365 1665 Heinsius
380 1634 518 1665 deteram
527 1643 539 1669 ,·
560 1633 651 1675 quod
666 1633 733 1665 etsi
745 1636 861 1674 potest
873 1632 1013 1665 defendi
1030 1642 1072 1665 ex
1089 1633 1181 1674 Nep.
1196 1631 1322 1664 Timol.
1336 1633 1368 1663 1.
1379 1634 1416 1663 et
1431 1631 1492 1663 Sil.
1504 1630 1587 1664 Ital.
1598 1638 1670 1673 vn.¹

200 1677 277 1708 246.
289 1685 339 1717 sq.
355 1685 467 1717 neque
479 1676 584 1708 etiam
594 1676 750 1717 ineptum
758 1676 864 1708 habet
879 1685 1036 1715 sensum;
1059 1676 1199 1708 deseram
1213 1679 1328 1707 tamen
1336 1674 1449 1706 locum
1462 1682 1560 1707 snum
1575 1674 1667 1708 tueri

199 1721 328 1759 potest,
357 1717 506 1750 docente
535 1718 742 1761 Burmanno,
791 1723 875 1751 uem'
891 1719 1073 1751 vide—56
1103 1717 1196 1750 Suos.
1246 1716 1495 1750 Rittershnsius
1523 1716 1669 1759 conjicit

201 1760 298 1799 Deos,
319 1769 444 1802 nempe
470 1760 665 1802 Apollinem
689 1766 727 1793 et
792 1771 887 1793 usam
915 1761 983 1804 (νε.
998 1760 1081 1801 57.)
1119 1759 1222 1793 Quod
1243 1759 1368 1791 merito
1392 1759 1570 1801 displicuit
1584 1758 1667 1800 viris

200 1801 324 1837 doctis.
367 1803 584 1836 Burmannus
596 1803 715 1837 mallet
729 1805 816 1847 duos,
828 1808 868 1837 ut
874 1803 989 1846 jactet
1001 1802 1181 1844 Phaedrus,
1194 1801 1375 1834 Thraciam
1388 1802 1495 1835 solam
1506 1800 1674 1842 habuisse*

865 1888 1006 1922 NOTAE

241 1956 285 1986 52
307 1953 424 1996 Phryx
449 1953 598 1996 AEsopus]
623 1953 664 1986 In
679 1953 835 1996 Phrygia
846 1962 907 1986 na-

201 2007 268 2047 tus,
279 2013 356 2048 quae
372 2008 426 2037 est
441 2004 536 2046 regio
551 2003 644 2041 Asia».¹
659 2004 810 2038 minoris.

234 2055 430 2088 Anacharsis
441 2054 577 2097 Scytha]
588 2054 815 2097 Philosophus
822 2054 905 2097 Scy-

199 2105 312 2138 thicus
342 2105 451 2138 multa
478 2105 650 2147 sapientia
672 2109 721 2141 ,et
748 2105 906 2138 doctrina

198 2155 381 2198 praeditus,
407 2156 468 2198 qui
484 2165 614 2187 summa
635 2164 714 2187 usus
734 2159 787 2187 est
802 2155 905 2188 liber·

199 2209 276 2238 tate
291 2205 327 2237 in
341 2205 525 2247 carpendis
548 2205 726 2237 hominum
740 2206 906 2246 moribus,

198 2256 377 2297 multaque
392 2255 562 2297 praeclare
588 2254 684 2287 dicta
708 2255 905 2296 posteritati

187 2305 350 2348 reliquit.
391 2304 535 2346 Scythia
546 2304 725 2346 provincia
736 2305 829 2338 Asiae
840 2306 907 2338 Bo-

198 2355 302 2388 realis
318 2354 456 2397 gemina
480 2354 572 2387 intra
598 2358 634 2387 et
660 2360 759 2388 extra
773 2356 906 2389 Imaum

170 2416 172 2423 ’
198 2410 365 2440 montem.

239 2460 283 2490 56
308 2456 456 2489 Threissa
476 2466 545 2489 cum
557 2456 651 2498 gens]
682 2457 827 2489 Thracia
851 2460 906 2489 est

197 2508 292 2550 regio
318 2508 468 2548 Europae
493 2508 628 2550 ampla:
664 2506 797 2539 indicat
822 2516 906 2539 vero

200 2556 369 2590 Phaedrus
403 2556 446 2588 de
481 2560 586 2598 gente
614 2556 785 2590 Thracem
817 2566 905 2598 esse,

197 2607 348 2650 ideoque
363 2607 513 2640 Graeciae
543 2607 754 2644 eruditionis,
770 2608 906 2649 parenti

199 2657 396 2700 propiorem
431 2667 532 2699 quam
559 2662 638 2691 erat
666 2658 724 2690 vel
757 2657 905 2700 AEsopus

200 2707 331 2748 Phryx,
348 2707 406 2739 vel
422 2706 785 2751 Anacharsis-Scytha.
808 2735 810 2737 .

237 2757 391 2792 Numeres
402 2761 542 2792 auctores
565 2758 666 2801 suos}
676 2757 782 2793 Linus
792 2760 831 2792 et
841 2758 906 2792 Or-

959 1953 1068 1995 pheus
1084 1951 1187 1994 primi
1197 1950 1308 1984 literis
1324 1951 1556 1986 excoluerunt
1563 1952 1664 1986 Grn-

960 2003 1061 2044 ciam,
1071 2002 1189 2045 itaque
1201 2005 1360 2034 auctores
1370 2010 1429 2033 eos
1441 2006 1555 2035 vocat.
1577 2001 1664 2040 Por-

960 2063 999 2086 ro
1012 2054 1074 2089 hos
1093 2057 1252 2086 auctores
1275 2052 1370 2085 dicit—
1383 2055 1500 2084 noster
1513 2050 1664 2093 Ultrices

960 2113 1142 2138 numerare
1167 2113 1259 2145 suos,
1281 2103 1349 2136 hoc
1374 2107 1430 2135 est
1452 2102 1642 2145 dicere-no

959 2166 1036 2189 esse
1051 2156 1206 2196 Graecos,
1225 2161 1342 2188 verum
1355 2154 1535 2195 Thracici»
1644 2197 1647 2200 Α

958 2208 1123 2240 homines.
1166 2207 1244 2240 Jam
1268 2215 1346 2238 enm
1360 2205 1510 2238 Thraces
1533 2206 1666 2244 fuerint

958 2257 1010 2289 illi
1034 2257 1093 2300 qui
1119 2256 1291 2289 Graeciam
1319 2255 1515 2288 instruxere
1541 2255 1664 2298 literis,

959 2308 1034 2340 vult
1050 2307 1186 2340 dicere:
1210 2306 1281 2338 Cur
1297 2299 1362 2348 ego
1377 2315 1445 2345 non
1454 2305 1577 2346 studeo
1590 2315 1663 2350 ser-

957 2368 1041 2391 vare
1049 2359 1114 2390 hoc
1128 2359 1235 2390 decus
1245 2368 1331 2397 meae
1343 2351 1479 2403 patriae‚
1488 2353 1665 2401 cumpra-

958 2410 1074 2443 sertim
1091 2409 1217 2451 Apollo
1232 2414 1270 2442 et
1285 2409 1395 2442 Musae
1413 2410 1473 2443 Dii
1487 2406 1663 2444 artium''in

957 2460 1105 2493 Thracia
1115 2469 1192 2492 mea
1207 2460 1376 2502 habitent,
1385 2461 1502 2503 ibique
1513 2470 1573 2494 eos
1583 2470 1663 2495 auc-

960 2514 1054 2543 tores
1069 2509 1213 2542 literatae
1229 2510 1377 2543 Graeciae
1392 2511 1663 2554 progenuerint?

1001 2562 1044 2591 57
1066 2559 1164 2600 Lino]
1187 2560 1291 2592 Linus
1315 2559 1406 2593 filius
1426 2560 1601 2603 Apollinis
1623 2568 1662 2596 et

957 2607 1208 2650 Terpsichoren,
1223 2612 1295 2651 aut,
1307 2613 1345 2642 ut
1358 2609 1416 2642 alii
1426 2610 1558 2651 volunt,
1569 2611 1661 2644 Mer-

959 2658 1046 2691 curii
1071 2661 1108 2690 et
1134 2657 1286 2692 Uraniae.
1328 2658 1410 2692 Fuit
1437 2659 1592 2695 Musteus
1612 2665 1660 2694 et

956 2707 1073 2743 Poeta
1085 2708 1275 2742 Thebanus.
1621 2726 1623 2729 <
