1806 3236
407 238 682 276 nnansus‘
704 243 991 276 nnlrroNUM
1025 243 1248 276 PHAEDRI.
1481 233 1570 277 ’709

151 347 255 391 1598
282 343 455 393 Phaedri,
475 347 578 398 Aug.
597 345 686 386 Lib.
707 345 941 386 Fabularum
961 345 1209 398 AEsopiarum
1230 343 1336 384 Libri
1361 354 1404 384 V.
1438 344 1575 397 Nuper
1603 331 1623 348 ⁴

93 421 118 448 a
135 407 182 448 P.
208 408 369 449 >Pitlioeo
396 410 448 449 V.
480 410 528 449 C.
558 410 729 462 primum
758 410 869 459 editi,
899 416 941 450 et
970 410 1056 463 jam
1090 409 1290 451 emendati
1319 415 1441 461 atque
1470 409 1577 451 illus·

94 473 189 515 trati
208 485 232 514 a
249 473 436 514 Conrado
450 474 727 523 Rittershusio,
747 476 772 516 J
776 505 786 515 .
817 476 866 516 C.
896 475 1122 517 Professore
1135 476 1301 516 Norico.
1357 477 1575 515 Accessere

93 538 135 578 in
153 537 315 584 easdem
333 538 489 579 fabulas
503 539 757 594 spicilegium
773 540 899 593 Casp.
919 539 1112 594 Scioppii,
1127 540 1280 588 Franci,
1297 545 1338 579 et
1356 539 1432 580 alia
1451 552 1575 591 quam

91 602 275 654 plurima.
302 603 488 656 Lugduni
504 605 642 645 Batav.
661 619 710 645 ex
730 604 890 646 officina
924 606 1172 646 Flaminiana
1203 605 1448 658 Rapbeleng.
1472 611 1576 645 -8.-—-

93 666 246 709 Praeter
259 675 473 710 memorata
490 670 530 711 in
550 670 666 711 titulo
685 671 815 711 insunt
834 671 925 711 huic
940 670 1060 711 libro:
1093 670 1207 710 Caelii
1225 670 1423 723 Symposii
1443 669 1575 721 AEnig-

91 738 200 773 mata
231 747 323 774 cum
367 734 528 775 scholiis
559 736 644 775 Jos.
675 734 933 783 Castalionis;
965 735 1109 788 Ignatii
1125 734 1295 774 Diaconi
1323 733 1577 774 Tetrasticha

93 798 240 839 Graeca
258 799 296 839 in
317 799 487 840 Fabulas
505 801 726 853 AEsopicas,
747 814 837 853 quae
854 800 973 853 vulgo
1009 800 1186 847 Gabriae‚
1207 812 1276 839 seu
1303 798 1459 838 Babriae
1491 799 1576 838 cui-

91 861 183 904 dam
201 863 483 912 attribuuntur,
500 879 592 906 cum
613 879 713 906 nova
733 866 910 906 versione
925 865 1093 912 Latina:
1123 863 1285 905 Hesiodi
1305 862 1410 904 αἶνος
1428 863 1479 903 de
1498 865 1579 903 Ac·
1596 868 1599 870 ’

91 927 231 980 cipitre
265 936 304 969 et
325 930 524 979 Luscinia,
557 937 596 971 et
615 931 746 983 Ignoti
778 931 1029 984 Epigramma
1061 931 1100 970 in
1133 932 1279 970 Bovem
1311 934 1352 969 et
1383 927 1577 986 Hircum;

92 993 265 1047 Apologi
284 995 505 1044 Hor-atiani,
521 1003 563 1037 et
582 997 803 1049 AEnigmata
822 1003 996 1037 veterum
1029 1001 1235 1049 poetarum
1271 995 1503 1034 Graecorum
1534 999 1586 1040 et,

92 1058 339 1100 Latinorum.
399 1060 590 1114 Operam,
623 1075 648 1101 a
672 1061 938 1101 Rittershusio
957 1061 996 1100 in
1031 1061 1198 1100 Pbaedro
1225 1057 1458 1112 praestitam,
1490 1059 1577 1099 lau—

92 1123 178 1172 dat,
197 1131 239 1165 et
257 1139 280 1166 a
300 1127 472 1180 Rigaltio
491 1133 733 1167 contemtam
754 1138 856 1177 aegre
876 1125 949 1166 fert
976 1131 1096 1177 atque
1129 1125 1357 1178 indignatur
1390 1124 1577 1165 doctissi-

92 1201 180 1230 mus
196 1197 238 1232 et
256 1191 307 1232 de
325 1192 497 1234 Phaedro
515 1192 712 1245 sigillatim
732 1192 923 1244 praeclare
943 1192 1104 1231 meritus
1125 1192 1228 1230 Petr.
1258 1191 1509 1230 Burmannus
1526 1189 1577 1229 ad

92 1254 320 1297 Petronium
341 1270 435 1311 pag.
465 1262 559 1299 512.
655 1260 658 1262 ’

148 1325 254 1370 1599
280 1322 479 1374 Rigaltina
514 1333 545 1361 1.
585 1321 744 1361 Phoedri
774 1323 879 1374 Aug.
924 1321 1011 1361 Lib.
1056 1321 1296 1360 Fabularum
1327 1319 1576 1372 AEsopiarum

91 1383 203 1426 Libri
222 1396 266 1426 v·
294 1400 344 1428 ex
366 1387 596 1428 recensione
615 1387 708 1427 Nic.
739 1387 914 1438 Rigaltii.
948 1386 1124 1426 Parisiis.
1158 1386 1325 1426 12.—1n
1354 1385 1482 1437 prima
1501 1385 1576 1425 hae

38 1495 54 1503 ἱ
91 1448 283 1499 editione,
300 1448 467 1493 notante
487 1452 750 1499 Desbillonio,
771 1451 962 1502 Rigaltius
978 1451 1104 1490 noluit
1120 1450 1307 1491 recedere
1321 1463 1342 1489 a
1356 1449 1577 1495 Pithoeana‚

90 1514 163 1554 nisi
184 1521 228 1555 ut
248 1515 390 1556 Pitboei
418 1516 626 1562 codicem,
647 1528 766 1567 quem
788 1517 978 1556 utendum
999 1516 1153 1564 babuit,
1175 1515 1331 1555 fidelius
1350 1515 1392 1554 in
1425 1515 1579 1566 aliquot

86 1580 194 1632 ⁴locis
227 1580 493 1633 exprimeret:
517 1581 871 1622 commentationes
903 1581 1071 1628 addidit,
1102 1593 1387 1633 nonnunquam
1414 1578 1577 1632 quidem

91 1646 155 1686 vel
174 1646 345 1698 ineptas,
377 1646 438 1685 vel
457 1644 629 1694 inutiles,
661 1652 703 1686 at
736 1645 988 1698 conjecturas
1019 1646 1278 1686 intermiscuit
1309 1644 1503 1697 quasdam
1534 1650 1579 1685 et

90 1709 322 1764 plausibiles
338 1716 382 1752 et
400 1709 561 1750 felices:
591 1717 713 1764 atque
732 1723 811 1750 non
831 1711 952 1751 modo
973 1711 1099 1751 varias
1122 1711 1267 1751 vetusti
1299 1710 1458 1751 Codicis
1494 1710 1577 1749 lec·

90 1776 234 1824 tiones,
267 1788 367 1828 quas
400 1775 578 1816 Pithoeus
596 1775 918 1828 praetermioemt,
948 1776 1011 1816 vel
1040 1774 1363 1815 commemoravit
1389 1775 1428 1814 in
1449 1774 1575 1822 notis,

90 1839 153 1882 vel
171 1840 310 1882 Indice
328 1840 379 1880 ad
402 1840 553 1881 calcem
574 1841 727 1892 rejecto
742 1840 938 1889 exhibuit,
961 1840 1030 1881 sed
1053 1841 1172 1880 etiam
1190 1840 1236 1880 P.
1259 1839 1434 1879 Danielis
1453 1840 1575 1879 Char-

89 1905 214 1946 talam
232 1919 326 1947 cum
345 1905 513 1957 vulgatis
531 1905 643 1946 Libri
662 1905 780 1957 primi
797 1905 942 1945 fabulis
976 1906 1110 1945 multis
1137 1906 1323 1945 contulit.
1379 1905 1506 1944 Usum
1535 1904 1576 1945 in

91 1970 169 2010 bac
201 1970 375 2010 editione
406 1969 620 2021 Rigaltium
650 1969 770 2010 finisse
800 1970 952 2010 Codice
982 1970 1179 2018 Remensi,
1205 1970 1382 2010 nondum
1405 1974 1575 2022 reperto,

89 2036 155 2076 Jo-
184 2034 278 2075 Alb.
307 2034 526 2082 Fabricius,
558 2034 748 2075 Biblioth.
777 2035 864 2075 Lat.
893 2035 1014 2075 Tom.
1043 2047 1097 2075 11.
1124 2049 1216 2089 pag.
1249 2042 1314 2082 27.
1345 2035 1477 2075 dicere
1497 2048 1576 2075 non

90 2098 255 2142 debuit:
286 2099 413 2139 vitum
450 2099 654 2151 ceteroqui
696 2099 924 2151 diligentem
970 2113 1102 2140 errore
1151 2100 1360 2152 impedivit
1406 2099 1575 2152 epistola

91 2164 269 2218 nis-mi,
287 2176 406 2218 quam
426 2165 491 2205 ille
509 2179 558 2204 ex
578 2165 652 2204 bac
673 2164 801 2217 prima
819 2164 992 2205 editione
1007 2164 1247 2213 desumtam,
1268 2165 1407 2217 paucis
1419 2170 1574 2204 tantum

77 2229 142 2271 dc
161 2229 316 2271 codice
332 2230 521 2272 -Remensi
543 2230 672 2270 verbis
689 2230 854 2279 additis,
875 2230 1039 2271 editioni
1057 2244 1138 2270 suae
1171 2230 1354 2270 secundae
1388 2229 1574 2283 praefixit,

88 2299 130 2335 et
160 2294 444 2347 subscriptam,
482 2302 526 2335 ut
562 2302 693 2342 antea,
738 2295 815 2335 ‘ad
850 2307 899 2336 X.
928 2295 1019 2335 Kal.
1050 2298 1164 2348 Sept.
1196 2297 1330 2343 1499!
1357 2296 1575 2336 oscitanter

0 2358 5 2363 '
89 2357 264 2412 reliquit,
285 2371 380 2398 cum
398 2370 547 2400 annum
570 2359 688 2407 1617.
717 2361 842 2401 notari
860 2361 1114 2413 oportuisset.

141 2422 356 2462 -Phaedri
373 2422 610 2462 Fabularum
641 2425 836 2476 AEsopiar.
867 2426 975 2467 Libri
1006 2437 1049 2466 V.
1076 2440 1125 2466 ex
1158 2426 1385 2466 recensione
1414 2432 1458 2466 et
1480 2436 1574 2466 cum

88 2487 194 2528 notis
211 2486 304 2527 Nic.
333 2486 509 2540 Rigaltii.
539 2487 728 2528 Lubecae.
761 2491 1085 2542 12.—-Repetitio
1101 2490 1166 2531 ed.
1185 2490 1474 2532 antecedentis.

35 2546 37 2549 ’
139 2550 304 2593 -,-1603
323 2551 512 2605 Apologi,
532 2565 603 2592 seu
622 2552 780 2593 fabellae
802 2554 1014 2608 AEsopicae,
1039 2555 1183 2595 Latino
1201 2554 1375 2595 carmine
1406 2553 1573 2596 redditae

87 2616 310 2657 anoedro.
340 2618 543 2666 Hanovioe,
578 2618 685 2672 typis
719 2619 1000 2667 wechelianis,
1030 2633 1098 2673 ap.
1126 2619 1340 2660 Claudium
1373 2618 1572 2660 Max-nium

89 2687 131 2722 et
147 2682 309 2722 heredes
335 2683 403 2723 Jo.
433 2683 588 2724 Aubrii.
625 2684 925 2725 12.—1mitatur
953 2684 1048 2725 edit.
1080 2696 1114 2725 ι.
1145 2684 1394 2737 Ingaunum,
1427 2684 1572 2727 additis

88 2746 321 2799 Aphthonii‚
341 2748 482 2788 Aviani
500 2755 543 2793 et
554 2749 735 2798 Gabrioe,
756 2763 826 2790 seu
847 2750 1020 2798 Babriae,
1042 2750 1162 2802 vulgo
1181 2749 1239 2789 sic
1253 2749 1366 2798 dicti,
1386 2749 1542 2790 fabulis.

147 2810 252 2851 1610
278 2812 436 2853 Phaedri
454 2815 561 2867 Aug.
591 2814 679 2856 Lib.
707 2815 947 2855 Fabularum
968 2814 1162 2867 AEsopiar.
1194 2814 1301 2855 Libri
1321 2825 1365 2854 V.
1393 2815 1568 2856 Joannes

89 2876 286 2917 Meursius
319 2885 411 2931 post
442 2878 654 2928 Pithoeum,
687 2880 1002 2930 Rittershusium‚
1051 2881 1299 2935 Scioppium,
1333 2880 1562 2934 Rigaltium,
