1806 3236
461 271 725 306 ascensus
763 271 1052 304 ΕυιτιοΝυΜ
1087 271 1306 304 rumoni.
1511 259 1599 303 739

124 375 365 428 merkungen
385 375 571 416 enthaelt.
585 374 917 427 Herausgegeben
938 386 1013 413 von
1034 372 1174 413 Ludw.
1202 371 1399 412 Hoerstel.
1422 372 1598 426 Leipzig,

124 442 203 494 bey
221 437 354 495 Dyck.
377 445 414 481 8.

175 506 232 537 ’-
247 504 328 549 Iul.
345 505 504 547 Phaedri
526 503 762 544 Fabularum
782 501 904 544 Liber
928 515 1067 552 novus,
1100 516 1148 542 ex
1170 502 1249 541 Ms.
1270 500 1374 541 eod.
1395 500 1599 540 Perottino

124 571 258 625 Rogiae
287 570 541 613 bibliothecae
554 582 659 609 nunc
680 569 850 621 primum
861 568 990 608 edidit
1007 569 1046 608 J.
1066 570 1114 608 A.
1136 566 1330 608 Cassitus.
1356 565 1599 619 Neapoli.—

121 635 244 684 Nihil,
263 642 409 692 pra-,ter
427 636 600 683 titulum,
619 634 736 675 nobis
754 634 806 674 de
825 634 903 674 hoc
922 634 1023 674 libro
1042 632 1258 686 cognitum.

179 706 284 749 1809
311 699 468 742 Phaedri
486 699 663 746 Fabulae,
692 698 731 738 in
774 705 949 751 quatuor
979 698 1101 740 libros
1132 711 1181 738 ex
1211 709 1328 749 aequo
1359 695 1514 744 divisae,
1545 695 1598 735 ab

118 763 225 804 omni
261 777 406 822 genere
435 762 708 806 obscoenitatis
737 769 979 817 expurgatae,
1017 762 1068 803 ad
1098 761 1392 815 intelligentiam
1427 760 1599 801 tironum

118 827 417 872 difficultatibus
444 828 638 883 gradatim
666 829 871 881 expositis,
912 842 1033 881 quam
1052 825 1347 869 accuratissime
1380 838 1472 871 cum,
1495 825 1603 864 notis

118 893 290 935 Gallicis
306 894 620 936 accommodatae
638 908 648 935 :
665 894 731 935 cui
742 893 851 948 operi
863 899 1113 935 accesserunt
1129 898 1171 934 et
1182 890 1432 946 Mytbologia
1446 888 1605 930 Gallica

118 958 257 1001 latine
289 960 572 1008 convertenda,
602 966 645 1011 et
668 960 920 1000 Fontanianae
940 958 1086 1000 sabulae
1110 973 1159 999 ex
1192 956 1366 998 Phaedro
1395 955 1604 996 desumtae.

116 1023 281 1066 Editor-e
308 1031 350 1066 et
373 1031 532 1067 auctore
568 1026 607 1066 J.
628 1025 668 1065 S.
687 1025 725 1065 J.
746 1025 789 1064 F.
807 1023 1064 1064 Boinvilliers.
1092 1022 1228 1064 Tertia
1259 1021 1386 1063 editio
1417 1020 1470 1062 ad
1490 1032 1605 1060 usum

118 1089 362 1142 Lycmon-um.
382 1089 554 1137 Parisiis,
565 1089 673 1143 apud
702 1088 894 1129 Delalain.
913 1094 974 1130 12.

170 1177 227 1184 -—-
243 1154 402 1195 Phaedri
422 1155 596 1196 Fabulae.
614 1156 878 1203 Hammerae,
895 1153 1002 1208 apud
1024 1153 1148 1194 Fratr.
1169 1153 1299 1194 Halm.
1322 1158 1359 1192 8.

172 1218 298 1266 Quod
327 1219 469 1260 attinet
498 1219 548 1259 ad
590 1218 805 1259 secundam
837 1219 941 1259 hanc
973 1223 1147 1258 nostram
1179 1218 1419 1258 Fabularum
1447 1213 1609 1256 Phaedri

115 1283 345 1334 editionem,
366 1284 466 1326 illud
491 1284 661 1325 maxime
674 1283 914 1332 curavimus,
935 1290 994 1332 ut,
1015 1283 1150 1336 quoad
1178 1282 1383 1336 diligentia
1398 1279 1607 1322 conferen-

116 1347 255 1390 darum
276 1350 410 1390 denuo
429 1356 510 1390 tam
527 1355 720 1398 veterum,
739 1362 858 1401 quam
876 1348 1137 1389 recentiorum
1156 1347 1376 1388 editionum
1404 1345 1488 1386 fieri
1513 1359 1608 1398 pos·

117 1414 192 1464 set,
211 1420 364 1456 textum
394 1416 530 1456 Poetae
559 1428 678 1468 quam
698 1414 1061 1455 emendatissimum
1081 1413 1370 1467 exhiberemus,
1391 1411 1609 1452 reformatis

117 1479 316 1528 omnibus,
335 1493 604 1534 quaecumque
622 1493 645 1519 e
663 1479 896 1531 conjectura
927 1480 1057 1519 minus
1090 1479 1195 1519 felici
1226 1478 1363 1518 olim'a
1391 1477 1506 1517 nobis
1536 1476 1610 1515 ad·

119 1543 239 1585 missa
276 1551 404 1584 erant.
474 1545 534 1584 Ex
553 1544 797 1584 editionibus
830 1544 1114 1584 recentioribus
1130 1544 1220 1584 inde
1261 1544 1315 1583 ab
1353 1556 1456 1582 anno
1491 1540 1609 1587 1786.

117 1609 320 1664 praecipue
338 1609 456 1650 nobis
475 1609 661 1662 profuere
681 1609 981 1650 Desbilloniana
1003 1615 1045 1650 et
1076 1609 1351 1649 Schwabiana.
1395 1606 1608 1655 Avianum,

119 1678 388 1729 Anonymum,
406 1681 448 1715 et
477 1675 524 1716 P.
544 1676 690 1728 Syrum
725 1675 823 1716 tales
844 1681 1188 1728 repraesentamus,
1217 1673 1356 1726 quales
1385 1672 1470 1724 jam
1505 1684 1611 1711 anno

123 1744 242 1786 1784.
257 1753 281 1780 a
298 1740 415 1780 nobis
433 1739 532 1781 editi
551 1747 680 1789 erant,
701 1741 949 1794 paucissimis
969 1738 1245 1781 tantummodo
1261 1738 1437 1779 mutatis.
1477 1737 1610 1777 Vitam

118 1803 278 1845 Phaedri
295 1805 570 1857 proemisimus‚
591 1818 616 1845 a
646 1806 709 1846 el.
741 1806 953 1847 Schwabio
971 1819 1020 1846 ex
1040 1805 1130 1859 ipso
1163 1803 1332 1844 Phaedro
1360 1802 1610 1852 delineatam,

119 1869 316 1910 meliorem
336 1870 629 1924 certioremque
650 1884 731 1910 non
753 1871 962 1911 habentes.
992 1869 1173 1910 Iudicem
1193 1868 1411 1908 editionum
1430 1866 1611 1907 auximus

118 1941 161 1975 et
178 1934 494 1983 emendavimus,
516 1941 722 1988 praeeunte
758 1936 899 1975 eodem
922 1935 1003 1975 viro
1036 1934 1171 1974 docto.
1207 1933 1492 1985 Subjunximus
1523 1939 1609 1973 tan-

118 1999 211 2040 dem
231 2013 346 2041 novae
375 2001 469 2040 huic
489 2000 654 2040 editioni
678 2001 800 2040 Dion.
824 2000 988 2040 Catonis
1008 1999 1190 2040 Disticha
1209 1998 1260 2038 de
1281 1998 1462 2038 Moribus
1481 1988 1532 2038 ad
1549 1997 1613 2038 Fi-

118 2064 233 2114 lium,
264 2078 355 2119 quae
374 2065 414 2106 in
439 2065 687 2106 Collectione
713 2071 922 2106 auctorum
951 2064 1201 2105 classicorum
1236 2062 1452 2116 Bipontina
1477 2062 1610 2103 adhuc

122 2129 461 2171 desiderabantur.

537 2281 1126 2340 VERSIONES.

623 2421 1076 2463 PORTUGALLICA.

184 2525 288 2567 1785
319 2520 489 2560 Fabulas
509 2521 558 2561 de
584 2520 757 2569 phedro,
790 2520 1021 2562 traduzidas
1051 2534 1114 2562 em
1148 2533 1260 2561 verso
1284 2520 1510 2575 Portuguez
1537 2533 1613 2574 por

124 2586 292 2628 Manuel
311 2585 363 2626 de
383 2586 543 2626 Moraes
563 2587 715 2626 Soares.
737 2585 899 2626 Lisboa.
923 2592 961 2627 8.

694 2707 1024 2749 HISPANICAE.

189 2803 292 2847 1632
323 2804 494 2846 rabulas
513 2806 676 2847 Latinas
706 2807 757 2848 de
784 2808 958 2856 Phedro,
991 2820 1068 2847 con
1096 2809 1211 2846 notas
1244 2819 1270 2859 y
1304 2802 1539 2853 traduccion
1563 2816 1615 2843 en

125 2870 366 2919 castellano,
386 2884 461 2924 por
482 2872 519 2912 el
540 2872 697 2914 Doctor
715 2874 808 2914 Don
827 2875 851 2915 J
855 2887 930 2914 nan
946 2872 996 2914 de
1011 2873 1162 2920 Serres,
1181 2870 1397 2912 Sacerdote
1424 2869 1491 2910 del
1514 2869 1618 2910 Ora·
