1806 3236
379 219 580 252 PHAEDRI
613 218 723 252 ΕΑΒ.
755 217 1059 251 AEsorlARUM
1094 218 1188 250 mu.
1221 217 1289 249 lv.

140 318 254 363 nequo
264 315 357 351 onim
379 325 440 349 vas
453 324 588 349 aeneum
609 314 690 356 fuit,
704 314 765 348 sed
781 318 848 348 tes·

141 372 297 409 usum}
318 364 385 400 uon
412 370 547 401 tantum
573 366 666 408 apud
691 365 846 408 Graecos‚·

140 420 248 457 utut·
263 417 496 460 Aristophane
520 417 612 460 apud
639 416 847 450 Athenaeum

138 465 298 512 mus,
319 467 391 503 ‘sed
428 471 533 502 etiam
570 469 661 511 apud
695 469 847 505 Latinos.

138 519 250 557 1)ιόόῖ
259 521 352 556 Plin.
367 521 429 554 lib.
444 529 564 554 xxxu.
589 531 621 554 c.
638 524 672 554 6.
693 521 704 539 ‘
716 521 847 554 Succus

68 607 71 610 ,
138 573 176 608 i·
210 573 363 608 accubo
401 582 492 606 novo
533 574 696 616 coquitur
737 574 847 606 mellis

696 625 851 667 ‘Capita¹

137 623 393 659 mumolus)
436 625 484 657 Et
506 623 674 666 Apicius:

137 675 324 720 porcorum
348 676 449 708 simul
473 675 618 708 elixabls
638 676 671 708 in
696 669 848 709 caccabo

139 734 244 768 novo,
268 730 309 759 nt
323 735 413 769 aqua
427 726 472 759 ad
487 726 627 759 tertiam
643 725 849 759 deferveat?

138 777 264 811 Fuisse
279 787 361 810 vero
374 777 542 810 caccabus
551 787 666 810 aeneos
677 782 715 811 et
729 787 848 821 argen-

140 834 228 870 teos,
242 832 343 872 putet
355 837 400 861 ex
411 828 436 861 1.
457 837 568 861 xvm.
591 829 623 871 ξ.
639 831 670 862 1.
689 829 733 861 de
747 829 846 862 instr.

138 885 179 915 et
193 881 292 916 instr.
306 882 414 925 legat.
429 883 500 915 etl.
510 891 589 915 xlx.
605 883 634 925 ς.
647 885 701 916 12.
716 882 761 915 de
775 891 847 916 aur.

140 937 178 966 et
190 942 265 976 arg.
280 933 349 975 leg.
398 933 508 967 Valles
527 943 612 966 vero
638 939 692 967 est
715 933 848 968 firmior

138 985 251 1027 punt,
265 983 320 1018 cni
331 983 410 1017 vitis
421 984 597 1027 alligatur,
609 989 647 1018 et
658 995 727 1028 quo
742 987 847 1019 etiam

137 1035 263 1069 milites
301 1039 418 1069 castra
451 1036 665 1070 muniebant.
722 1037 848 1080 virgil.

137 1086 150 1109 ὅ
160 1086 345 1120 &nuum
354 1086 413 1119 alii
425 1087 530 1120 vallos
539 1086 720 1131 furcasque
734 1088 848 1122 bicor

137 1147 219 1172 nen
219 1138 326 1174 ’ttu-
332 1130 552 1183 pflfflssflflss.
599 1139 847 1174 [numentum

135 1186 290 1224 rumis·
299 1190 416 1226 Graeci
427 1192 592 1225 dixerunt
604 1191 663 1224 τὰς
673 1191 847 1234 ’γεωργικὰς

135 1241 346 1286 mmuh,
361 1247 402 1277 nt
417 1243 536 1276 videre
550 1245 607 1276 est
629 1243 722 1285 apud
739 1243 847 1277 Dion.

136 1290 253 1328 unffi.
273 1293 332 1328 lib.
355 1303 382 1328 ι.
398 1303 435 1337 p.
449 1297 504 1328 46.
530 1294 616 1327 edit.
642 1294 760 1328 Wech.
787 1294 847 1327 ubi

134 1342 232 1379 reete
246 1345 408 1390 vertitur,
427 1345 668 1380 mmmmm
681 1347 846 1381 rusticum.

135 1392 277 1430 Dicitur
303 1397 445 1440 Plauto,
472 1399 606 1431 mundus
631 1399 782 1440 rusticam
811 1398 846 1431 in

137 1446 356 1482 Merentem.
393 1449 406 1468 ⁸
423 1449 624 1491 Multopere
653 1449 689 1482 in
717 1449 847 1482 mundo

135 1499 269 1533 rustico
298 1509 340 1532 se
361 1499 577 1534 exercitum!
634 1501 847 1544 Eleganter;

136 1557 216 1582 nnn
229 1550 460 1584 maon
475 1554 609 1584 tantum
624 1551 669 1584 de
684 1551 848 1584 muliebri

136 1605 281 1644 ornatu,>
297 1601 360 1635 sed
384 1603 582 1645 quatumvis
602 1602 718 1636 rerum
738 1603 848 1636 mobi-

134 1651 220 1685 lium
239 1657 408 1695 ‘prompta
429 1657 468 1687 et
495 1653 540 1687 ad
560 1663 699 1687 manum
725 1659 848 1697 parata

136 1703 239 1747 eopia
251 1704 407 1739 dicimus.
441 1705 611 1748 Apuleius
620 1707 771 1741 Metam.
785 1707 847 1741 lib.

135 1765 188 1790 vx.
211 1756 256 1790 ad
281 1757 358 1800 ejus
385 1758 630 1792 imitationem:
650 1761 660 1780 ‘
676 1761 785 1794 Erant
808 1764 847 1794 et

134 1806 255 1852 falce-3
278 1814 317 1843 et
343 1819 459 1852 operae
484 1811 674 1852 messoriae,
698 1811 846 1845 mundus

135 1859 270 1893 omnis?
285 1868 287 1871 ⁴
315 1860 374 1894 Ita
397 1861 582 1904 legendum
599 1866 696 1895 recte
712 1864 846 1897 monuit

135 1911 248 1945 danus
275 1911 483 1946 Guilielmus
512 1913 671 1947 verium.
708 1915 769 1947 lib.
785 1923 845 1949 ιιι.

137 1971 213 2006 cap.
228 1965 286 1996 18.
327 1963 476 1997 Festus:
498 1963 510 1983 ‘
522 1965 668 1997 Mundae
676 1975 744 1998 non
758 1966 845 1999 alius

135 2014 209 2056 est,
223 2022 326 2057 quam
341 2014 434 2058 qnod
449 2017 577 2049 moveri
591 2016 734 2059 potest?
763 2017 847 2050 Gal-

138 2065 193 2106 lis,
202 2065 348 2099 mohs.
369 2065 477 2100 und.

179 2116 429 2150 lustramentum
457 2117 626 2160 rusticum]
667 2119 847 2162 Quidquid

135 2166 312 2202 fruetuum
336 2170 616 2212 quaerendorum,
637 2170 848 2212 colligendo-

135 2218 224 2262 rum,
249 2221 559 2254 conservandorum
593 2232 724 2264 caussa,
750 2233 848 2266 para·

135 2274 208 2304 tum
224 2276 290 2305 est.
332 2273 472 2316 Ulpisn.
485 2274 508 2306 l.
532 2275 713 2309 Quaestum
732 2274 847 2308 est.ff.·

134 2321 190 2355 De
200 2322 360 2357 instruct.
373 2326 432 2357 nel
445 2326 602 2358 instrum.
618 2327 686 2368 leg.
711 2327 793 2368 Rig.

178 2375 221 2406 2⁵
244 2375 390 2419 Potrici]
421 2376 540 2410 Sidon.
568 2377 682 2420 Epist.
716 2378 776 2412 lib.
806 2388 847 2412 ιι.

136 2423 249 2466 Epist.
272 2427 309 2458 9.·
327 2426 338 2444 ‘
350 2426 568 2459 Famulorum
590 2427 696 2460 turba
708 2437 848 2471 compo-

136 2476 234 2511 trix?
276 2478 415 2511 Terent.
427 2479 462 2511 in
475 2477 630 2518 Andria:
652 2480 848 2524 ‘Importu-

134 2526 279 2561 nit-tem
295 2533 459 2571 spectate
474 2530 634 2572 aniculae,
658 2532 737 2574 quia
756 2542 848 2565 com-

137 2579 255 2621 potrix
271 2581 345 2623 ejus
361 2581 443 2614 est?
486 2583 598 2615 Vetus
620 2583 736 2616 Gloss.
761 2585 771 2603 ‘
785 2583 847 2617 na-

136 2639 206 2671 τησ,
222 2630 347 2674 Bibax,
361 2631 497 2666 Potax.’
519 2633 601 2674 Rig.

181 2678 322 2724 Potrici]
353 2683 412 2716 Sic
430 2685 440 2702 ‘
457 2684 736 2726 Compotricem’
758 2685 848 2720 dixit

136 2730 321 2765 Terentius
334 2733 487 2777 Hecyra.
509 2735 597 2768 Rite:

180 2783 314 2817 Ρῑειιαηι
327 2786 468 2828 antiquis
476 2787 657 2830 apothecam
667 2788 770 2831 cadis]
790 2789 847 2822 Sic

138 2844 233 2878 saepe
259 2837 354 2879 apud
379 2838 472 2876 ,luris
503 2843 676 2885 auctores,
699 2841 846 2876 ‘Vinum

1319 206 1361 249 5.
1519 206 1607 249 585

897 315 932 347 in
951 308 1048 347 cellis
1071 317 1175 358 atque
1202 313 1378 357 apothecis
1403 309 1606 346 conditum-¹

901 435 905 438 ·
941 416 1092 459 Antiquis
1104 415 1205 458 cadis]
1225 416 1283 449 Sic
1305 415 1411 458 Apul.
1426 414 1523 448 Asin.
1538 415 1606 448 Au.

898 477 939 501 ιι.
971 467 1073 499 ‘Vini
1097 467 1221 500 cadum
1243 468 1280 500 i‘u
1304 470 1411 500 aetate
1433 465 1606 510 pretiosi?

898 519 976 554 Qua
990 518 1035 551 de
1050 528 1088 551 re
1103 518 1204 560 plura
1218 518 1275 551 alii
1290 522 1423 552 notant.
1445 518 1535 559 Regu

901 567 903 570 ’
940 570 1150 613 Apothecam]
1187 570 1332 612 Cellam,
1359 569 1418 602 ubi
1448 569 1607 611 dispone·

898 623 982 656 bant
1002 626 1039 655 et
1054 621 1298 655 custodiebant
1324 621 1440 654 cados.
1503 620 1608 653 Colu-

898 667 1003 707 mella
1027 673 1123 707 dicto
1148 673 1247 707 loco:
1271 673 1282 691 ‘
1297 671 1489 715 Apothecae
1510 675 1608 705 recte

898 729 1180 769 superponentur
1201 724 1252 756 his
1278 724 1387 756 locis:
1417 722 1509 756 unde
1535 723 1608 766 ple-

898 788 1031 822 runque
1045 777 1157 811 fumus
1173 787 1291 810 earum
1307 776 1496 817 exorietur,
1523 785 1608 819 quo-

897 831 988 864 niam
1004 830 1085 863 vina
1100 829 1246 862 celerius
1262 826 1529 870 vetustescunt‚’
1541 830 1607 861 ὅτε.

944 933 1058 976 Gadis]
1084 933 1189 966 Cadus
1213 936 1268 965 est
1294 942 1355 965 vas
1370 930 1538 964 vinarium
1555 930 1607 963 in·

898 996 994 1029 gens,
1027 985 1169 1028 capiens
1198 983 1270 1018 vini
1299 983 1408 1016 libras
1442 986 1608 1024 centnm;

898 1039 977 1071 vide
1002 1037 1142 1070 Paetnm
1173 1036 1217 1069 de
1233 1036 1406 1069 Mensuris
1432 1045 1469 1078 p.
1494 1046 1539 1068 m.
1555 1037 1611 1068 58.

897 1089 1072 1122 Coeterum
1100 1087 1242 1130 antiquis
1276 1087 1386 1129 addit,
1411 1087 1493 1130 quia
1521 1087 1610 1120 tales

896 1140 1129 1183 pretiosiores.
1174 1139 1253 1173 Quo
1268 1138 1359 1171 enim
1374 1139 1545 1172 vetustius
1560 1138 1611 1171 vi-

895 1201 990 1234 num,
1012 1200 1055 1224 eo
1079 1190 1257 1224 delicatius
1280 1194 1318 1223 et
1339 1190 1471 1224 melius.
1515 1190 1610 1224 Hinc

895 1242 988 1285 apud
1019 1242 1221 1275 Petronium
1254 1242 1377 1275 titulus
1408 1242 1582 1284 amphorae
1598 1252 1610 1273 t

895 1294 907 1313 '‘
920 1294 1103 1326 Falernum
1116 1293 1339 1336 Opimianum
1351 1302 1518 1326 annornm
1529 1301 1609 1326 cen-

897 1345 995 1380 tum!
1016 1344 1124 1386 Schef.

939 1400 983 1430 26
1006 1397 1144 1430 Domum
1154 1396 1302 1439 politam]
1325 1395 1500 1439 Rigaltius
1517 1395 1608 1428 huuc

897 1459 1035 1484 versum
1066 1450 1277 1493 transponit.
1322 1451 1404 1483 Non
1429 1449 1611 1482 assentior.

898 1503 946 1535 Et
955 1503 1007 1535 vis
1020 1501 1204 1534 sententias
1217 1511 1302 1534 meae
1311 1500 1481 1534 fulcrum?
1502 1501 1609 1542 Ecce,

898 1553 932 1585 in
948 1552 1189 1595 sequentibus,
1204 1561 1282 1585 cum
1296 1552 1440 1594 AEsopus
1451 1552 1540 1584 male
1550 1551 1611 1584 da-

898 1609 937 1637 ta
966 1614 1011 1636 ex
1041 1603 1243 1636 testamenti
1270 1602 1443 1635 sententia
1471 1606 1609 1635 mutat:

896 1656 907 1675 ‘
923 1656 1087 1696 Domum,
1103 1658 1140 1687 et
1155 1658 1370 1693 ornamenta,
1392 1663 1469 1686 cum
1485 1663 1611 1686 venus-

896 1710 943 1743 tis
955 1708 1114 1750 hortulis,
1130 1709 1178 1742 Et
1192 1708 1272 1741 vina
1286 1712 1407 1740 vetera
1423 1706 1505 1739 date
1526 1705 1611 1739 lani·

895 1761 972 1795 ficae
1000 1759 1164 1794 rusticae?
1223 1759 1320 1793 Nihil
1351 1758 1489 1800 clarius,
1526 1758 1613 1791 nihil

896 1812 1051 1847 certius:
1076 1814 1189 1844 mutat
1214 1811 1359 1852 AEsopus
1387 1809 1473 1842 nihil
1497 1809 1532 1843 in
1549 1809 1610 1843 *re-

895 1864 973 1906 bus,
1002 1863 1063 1896 sed
1091 1863 1174 1895 alias
1202 1862 1245 1895 iis
1273 1865 1412 1894 tantum
1442 1871 1609 1904 personas

896 1915 1060 1957 assignat.
1085 1914 1206 1946 Mem-s.
1253 1911 1455 1945 Perfectam
1478 1911 1611 1945 absolu-

895 1973 1035 2008 tamque
1045 1965 1137 1998 omni
1150 1965 1294 1997 ratione.
1316 1963 1407 1996 Vide
1419 1963 1611 1996 Varronem

896 2018 941 2050 de
967 2018 1010 2050 R.
1026 2017 1068 2050 R.
1095 2015 1155 2048 lib.
1172 2025 1198 2048 1.
1221 2025 1251 2049 c.
1267 2018 1300 2048 2.
1324 2015 1442 2048 Plaut.
1463 2015 1610 2048 Mostel.

914 2080 986 2104 .sc.
1001 2071 1035 2101 2.
1090 2069 1216 2100 Festus
1229 2079 1240 2099 ι
1262 2068 1273 2085 ‘
1289 2067 1421 2100 Omnes
1446 2066 1612 2113 perfecti-

898 2131 981 2155 ones
1018 2119 1151 2162 antiqui
1172 2119 1339 2161 politiones
1365 2119 1611 2162 appellabant?

898 2171 1005 2213 Schef.
1043 2170 1136 2203 Hinc
1152 2169 1278 2212 injure
1300 2169 1311 2187 ⁶
1324 2169 1498 2202 Politores
1512 2179 1611 2213 agro-

899 2222 996 2265 rum,'
1011 2222 1055 2255 de
1079 2221 1202 2264 quibus
1226 2220 1269 2252 ad
1283 2222 1306 2254 l.
1321 2229 1383 2253 Lu.
1399 2222 1428 2263 ς.
1444 2224 1476 2255 2.
1492 2219 1529 2255 ff.
1547 2231 1610 2265 pro

900 2275 993 2308 socio
1019 2276 1173 2306 tractant
1202 2271 1297 2306 Jcti.
1324 2282 1401 2315 quae
1430 2273 1536 2306 lectio
1565 2282 1611 2306 ex

898 2327 1052 2360 hocloco
1066 2323 1197 2357 firmari
1222 2327 1350 2365 potest.

941 2378 1080 2410 Domum
1112 2377 1258 2418 politam,
1279 2378 1312 2407 et
1343 2375 1509 2417 delicatos]
1552 2375 1611 2409 Sic

900 2429 991 2471 apud
1008 2429 1199 2461 Varronem
1225 2426 1269 2458 de
1293 2427 1346 2459 Re
1372 2427 1472 2459 Rust.
1498 2425 1559 2458 lib.
1584 2436 1610 2460 1.

899 2489 974 2523 cap.
987 2483 1020 2513 2.
1043 2479 1054 2498 ‘
1066 2479 1176 2521 Regie
1190 2477 1299 2520 polita
1312 2476 1483 2510 aedificia.'
1529 2477 1611 2510 Fes-

899 2536 980 2565 tus:
1014 2531 1024 2549 ‘
1038 2531 1233 2572 Depolitum,
1266 2528 1483 2572 perfectum:
1530 2529 1611 2572 quia

899 2592 1019 2615 omnes
1038 2580 1272 2623 perfectiones
1289 2579 1423 2622 antiqui
1441 2579 1613 2623 politiones

899 2632 1148 2676 appellabant!
1170 2631 1248 2672 Εἰς.

941 2683 1122 2725 Delia-atos]
1162 2683 1241 2715 Non
1272 2681 1356 2715 satis
1386 2681 1537 2723 memini,
1566 2692 1611 2716 an

898 2736 979 2769 olim
995 2734 1086 2777 apud
1102 2733 1454 2776 Epigrammatarium
1468 2733 1610 2776 legerim

897 2788 907 2806 ‘
919 2787 1116 2820 Delicatum
1128 2794 1248 2818 nemus
1259 2784 1282 2826 ;’
1306 2784 1367 2818 sed
1382 2785 1426 2818 ad
1442 2785 1507 2819 hoc
1522 2786 1609 2830 scio,

897 2839 1024 2883 legisse
1040 2848 1095 2873 me
1111 2837 1204 2882 apud
1230 2837 1432 2872 Ciceronem
1455 2837 1491 2871 iu
1505 2836 1607 2873 Verr.
