<?xml version="1.0" encoding="UTF-8"?>
<!DOCTYPE html PUBLIC "-//W3C//DTD XHTML 1.0 Transitional//EN"
    "http://www.w3.org/TR/xhtml1/DTD/xhtml1-transitional.dtd">
<html xmlns="http://www.w3.org/1999/xhtml" xml:lang="en" lang="en">
 <head>
  <title>
</title>
<meta http-equiv="Content-Type" content="text/html;charset=utf-8" />
  <meta name='ocr-system' content='tesseract 3.04.00' />
  <meta name='ocr-capabilities' content='ocr_page ocr_carea ocr_par ocr_line ocrx_word'/>
</head>
<body>
  <div class='ocr_page' id='page_1' title='image "./fabualeaesopiae00phaeuoft_0745.png"; bbox 0 0 1806 3236; ppageno 0'>
   <div class='ocr_carea' id='block_1_1' title="bbox 413 244 1577 288">
    <p class='ocr_par' dir='ltr' id='par_1_1' title="bbox 413 244 1577 288">
     <span class='ocr_line' id='line_1_1' title="bbox 413 244 1577 288; baseline 0.006 -7"><span class='ocrx_word' id='word_1_1' title='bbox 413 249 677 283; x_wconf 73' lang='lat' dir='ltr'>RBCBNSUS</span> <span class='ocrx_word' id='word_1_2' title='bbox 710 250 999 284; x_wconf 80' lang='lat' dir='ltr'>EDlTloNUM</span> <span class='ocrx_word' id='word_1_3' title='bbox 1034 252 1257 286; x_wconf 80' lang='lat' dir='ltr'><strong>PHAEDRI.</strong></span> <span class='ocrx_word' id='word_1_4' title='bbox 1489 244 1577 288; x_wconf 75' lang='lat'>733</span> 
     </span>
    </p>
   </div>
   <div class='ocr_carea' id='block_1_2' title="bbox 82 347 1578 1253">
    <p class='ocr_par' dir='ltr' id='par_1_2' title="bbox 82 347 1578 1253">
     <span class='ocr_line' id='line_1_2' title="bbox 98 347 1578 406; baseline 0.002 -16"><span class='ocrx_word' id='word_1_5' title='bbox 98 347 280 390; x_wconf 64' lang='lat' dir='ltr'>duramus</span> <span class='ocrx_word' id='word_1_6' title='bbox 302 357 436 392; x_wconf 67' lang='lat' dir='ltr'>tamen</span> <span class='ocrx_word' id='word_1_7' title='bbox 456 351 494 390; x_wconf 87' lang='lat' dir='ltr'>in</span> <span class='ocrx_word' id='word_1_8' title='bbox 515 365 564 391; x_wconf 86' lang='lat' dir='ltr'>eo</span> <span class='ocrx_word' id='word_1_9' title='bbox 584 351 760 392; x_wconf 89' lang='lat' dir='ltr'>studium</span> <span class='ocrx_word' id='word_1_10' title='bbox 781 352 970 401; x_wconf 83' lang='lat' dir='ltr'>curatius,</span> <span class='ocrx_word' id='word_1_11' title='bbox 993 365 1074 405; x_wconf 90' lang='lat' dir='ltr'>quo</span> <span class='ocrx_word' id='word_1_12' title='bbox 1092 365 1246 405; x_wconf 81' lang='lat' dir='ltr'>semper</span> <span class='ocrx_word' id='word_1_13' title='bbox 1262 358 1369 392; x_wconf 83' lang='lat' dir='ltr'>recta</span> <span class='ocrx_word' id='word_1_14' title='bbox 1390 353 1440 393; x_wconf 84' lang='lat' dir='ltr'>sit</span> <span class='ocrx_word' id='word_1_15' title='bbox 1463 352 1578 406; x_wconf 88' lang='lat' dir='ltr'>judi-</span> 
     </span>
     <span class='ocr_line' id='line_1_3' title="bbox 99 415 1576 459; baseline 0.003 -5"><span class='ocrx_word' id='word_1_16' title='bbox 99 415 217 455; x_wconf 71' lang='lat' dir='ltr'>candi</span> <span class='ocrx_word' id='word_1_17' title='bbox 235 415 435 456; x_wconf 77' lang='lat' dir='ltr'>velocitas.</span> <span class='ocrx_word' id='word_1_18' title='bbox 456 417 641 457; x_wconf 82' lang='lat' dir='ltr'>Ceterum</span> <span class='ocrx_word' id='word_1_19' title='bbox 660 417 782 456; x_wconf 85' lang='lat' dir='ltr'>libros</span> <span class='ocrx_word' id='word_1_20' title='bbox 796 416 1018 457; x_wconf 78' lang='lat' dir='ltr'>fabularum</span> <span class='ocrx_word' id='word_1_21' title='bbox 1039 417 1079 456; x_wconf 94' lang='lat' dir='ltr'>in</span> <span class='ocrx_word' id='word_1_22' title='bbox 1093 417 1229 457; x_wconf 89' lang='lat' dir='ltr'>melius</span> <span class='ocrx_word' id='word_1_23' title='bbox 1247 417 1447 457; x_wconf 81' lang='lat' dir='ltr'>ordinasse</span> <span class='ocrx_word' id='word_1_24' title='bbox 1461 418 1576 459; x_wconf 88' lang='lat' dir='ltr'>nobis</span> 
     </span>
     <span class='ocr_line' id='line_1_4' title="bbox 100 478 1574 537; baseline 0.004 -19"><span class='ocrx_word' id='word_1_25' title='bbox 100 478 322 520; x_wconf 68' lang='lat' dir='ltr'>videbatur.</span> <span class='ocrx_word' id='word_1_26' title='bbox 350 481 582 521; x_wconf 88' lang='lat' dir='ltr'>Uberiorem</span> <span class='ocrx_word' id='word_1_27' title='bbox 617 495 821 522; x_wconf 86' lang='lat' dir='ltr'>censuram</span> <span class='ocrx_word' id='word_1_28' title='bbox 843 482 963 534; x_wconf 81' lang='lat' dir='ltr'>hujus</span> <span class='ocrx_word' id='word_1_29' title='bbox 982 482 1165 522; x_wconf 83' lang='lat' dir='ltr'>editionis</span> <span class='ocrx_word' id='word_1_30' title='bbox 1185 483 1275 523; x_wconf 87' lang='lat' dir='ltr'>vide</span> <span class='ocrx_word' id='word_1_31' title='bbox 1294 483 1334 522; x_wconf 86' lang='lat' dir='ltr'>in</span> <span class='ocrx_word' id='word_1_32' title='bbox 1363 484 1574 537; x_wconf 86' lang='lat' dir='ltr'>Ephemer.</span> 
     </span>
     <span class='ocr_line' id='line_1_5' title="bbox 95 543 1268 600; baseline 0.004 -17"><span class='ocrx_word' id='word_1_33' title='bbox 95 543 236 586; x_wconf 75' lang='lat' dir='ltr'>literar.</span> <span class='ocrx_word' id='word_1_34' title='bbox 258 545 465 599; x_wconf 88' lang='lat' dir='ltr'>Goetting.</span> <span class='ocrx_word' id='word_1_35' title='bbox 484 559 550 586; x_wconf 83' lang='lat' dir='ltr'>an.</span> <span class='ocrx_word' id='word_1_36' title='bbox 575 553 692 591; x_wconf 81' lang='lat'><strong>1784.</strong></span> <span class='ocrx_word' id='word_1_37' title='bbox 712 547 852 600; x_wconf 88' lang='lat' dir='ltr'>partic.</span> <span class='ocrx_word' id='word_1_38' title='bbox 868 546 934 593; x_wconf 88' lang='lat'>67.</span> <span class='ocrx_word' id='word_1_39' title='bbox 965 560 1058 600; x_wconf 84' lang='lat' dir='ltr'><strong>pag.</strong></span> <span class='ocrx_word' id='word_1_40' title='bbox 1078 547 1156 588; x_wconf 89' lang='lat'>665</span> <span class='ocrx_word' id='word_1_41' title='bbox 1160 547 1268 596; x_wconf 17' lang='lat'>&amp;669</span> 
     </span>
     <span class='ocr_line' id='line_1_6' title="bbox 127 611 1574 666; baseline 0.002 -16"><span class='ocrx_word' id='word_1_42' title='bbox 127 611 131 614; x_wconf 76' lang='grc'><strong>’</strong></span> <span class='ocrx_word' id='word_1_43' title='bbox 151 624 309 651; x_wconf 92' lang='lat' dir='ltr'>—cum</span> <span class='ocrx_word' id='word_1_44' title='bbox 340 613 524 653; x_wconf 84' lang='lat' dir='ltr'>versione</span> <span class='ocrx_word' id='word_1_45' title='bbox 545 613 687 653; x_wconf 82' lang='lat' dir='ltr'>Italica</span> <span class='ocrx_word' id='word_1_46' title='bbox 724 613 817 654; x_wconf 90' lang='lat' dir='ltr'>Seb.</span> <span class='ocrx_word' id='word_1_47' title='bbox 848 614 1049 666; x_wconf 85' lang='lat' dir='ltr'>Zappalae.</span> <span class='ocrx_word' id='word_1_48' title='bbox 1072 614 1240 654; x_wconf 82' lang='lat' dir='ltr'>Catinae.</span> <span class='ocrx_word' id='word_1_49' title='bbox 1274 620 1335 655; x_wconf 79' lang='lat'><strong>12.</strong></span> <span class='ocrx_word' id='word_1_50' title='bbox 1337 614 1468 655; x_wconf 82' lang='lat' dir='ltr'>—Ed.</span> <span class='ocrx_word' id='word_1_51' title='bbox 1499 625 1574 656; x_wconf 87' lang='lat'><strong>111.</strong></span> 
     </span>
     <span class='ocr_line' id='line_1_7' title="bbox 96 675 441 724; baseline 0.012 -10"><span class='ocrx_word' id='word_1_52' title='bbox 96 675 216 716; x_wconf 85' lang='lat' dir='ltr'>Conf.</span> <span class='ocrx_word' id='word_1_53' title='bbox 225 690 300 716; x_wconf 75' lang='grc' dir='ltr'>’.ιω</span> <span class='ocrx_word' id='word_1_54' title='bbox 324 683 441 724; x_wconf 86' lang='grc'><strong>1778.</strong></span> 
     </span>
     <span class='ocr_line' id='line_1_8' title="bbox 153 742 1574 797; baseline 0.003 -17"><span class='ocrx_word' id='word_1_55' title='bbox 153 746 203 786; x_wconf 87' lang='grc'>17</span> <span class='ocrx_word' id='word_1_56' title='bbox 207 746 259 781; x_wconf 80' lang='lat'>84</span> <span class='ocrx_word' id='word_1_57' title='bbox 273 742 428 783; x_wconf 78' lang='lat' dir='ltr'>Phaedri</span> <span class='ocrx_word' id='word_1_58' title='bbox 448 743 608 783; x_wconf 72' lang='lat' dir='ltr'>Fabulae</span> <span class='ocrx_word' id='word_1_59' title='bbox 629 743 814 796; x_wconf 82' lang='lat' dir='ltr'>AEsopiae,</span> <span class='ocrx_word' id='word_1_60' title='bbox 835 743 1044 784; x_wconf 88' lang='lat' dir='ltr'>novissime</span> <span class='ocrx_word' id='word_1_61' title='bbox 1059 744 1272 797; x_wconf 86' lang='lat' dir='ltr'>recognitae</span> <span class='ocrx_word' id='word_1_62' title='bbox 1287 750 1329 785; x_wconf 85' lang='lat' dir='ltr'>et</span> <span class='ocrx_word' id='word_1_63' title='bbox 1342 744 1574 794; x_wconf 82' lang='lat' dir='ltr'>emendatae.</span> 
     </span>
     <span class='ocr_line' id='line_1_9' title="bbox 103 805 1573 862; baseline 0.003 -18"><span class='ocrx_word' id='word_1_64' title='bbox 103 805 318 846; x_wconf 80' lang='lat' dir='ltr'>Accedunt</span> <span class='ocrx_word' id='word_1_65' title='bbox 345 808 390 846; x_wconf 87' lang='lat' dir='ltr'><strong>P.</strong></span> <span class='ocrx_word' id='word_1_66' title='bbox 423 808 512 861; x_wconf 85' lang='lat' dir='ltr'>Syri</span> <span class='ocrx_word' id='word_1_67' title='bbox 545 807 774 856; x_wconf 83' lang='lat' dir='ltr'>Sententiae,</span> <span class='ocrx_word' id='word_1_68' title='bbox 795 809 950 857; x_wconf 80' lang='lat' dir='ltr'>Aviani,</span> <span class='ocrx_word' id='word_1_69' title='bbox 970 815 1012 849; x_wconf 87' lang='lat' dir='ltr'>et</span> <span class='ocrx_word' id='word_1_70' title='bbox 1032 809 1230 862; x_wconf 85' lang='lat' dir='ltr'>Anonymi</span> <span class='ocrx_word' id='word_1_71' title='bbox 1250 810 1390 849; x_wconf 86' lang='lat' dir='ltr'>veteris</span> <span class='ocrx_word' id='word_1_72' title='bbox 1411 809 1573 850; x_wconf 81' lang='lat' dir='ltr'>Fabulae</span> 
     </span>
     <span class='ocr_line' id='line_1_10' title="bbox 82 868 1578 927; baseline 0.004 -19"><span class='ocrx_word' id='word_1_73' title='bbox 82 868 226 910; x_wconf 71' lang='lat' dir='ltr'>&#39;denuo</span> <span class='ocrx_word' id='word_1_74' title='bbox 258 872 474 924; x_wconf 77' lang='lat' dir='ltr'>castigatae.</span> <span class='ocrx_word' id='word_1_75' title='bbox 517 873 653 912; x_wconf 90' lang='lat' dir='ltr'>Editio</span> <span class='ocrx_word' id='word_1_76' title='bbox 682 879 884 913; x_wconf 84' lang='lat' dir='ltr'>accurata.</span> <span class='ocrx_word' id='word_1_77' title='bbox 914 873 1088 927; x_wconf 90' lang='lat' dir='ltr'>Biponti,</span> <span class='ocrx_word' id='word_1_78' title='bbox 1121 887 1170 912; x_wconf 86' lang='lat' dir='ltr'>ex</span> <span class='ocrx_word' id='word_1_79' title='bbox 1197 874 1486 927; x_wconf 82' lang='lat' dir='ltr'>Typographia</span> <span class='ocrx_word' id='word_1_80' title='bbox 1506 875 1578 914; x_wconf 91' lang='lat' dir='ltr'>So·</span> 
     </span>
     <span class='ocr_line' id='line_1_11' title="bbox 96 933 1576 990; baseline 0.005 -18"><span class='ocrx_word' id='word_1_81' title='bbox 96 933 267 976; x_wconf 66' lang='lat' dir='ltr'>cientis.</span> <span class='ocrx_word' id='word_1_82' title='bbox 298 943 322 979; x_wconf 88' lang='lat'><em>8</em></span> <span class='ocrx_word' id='word_1_83' title='bbox 343 937 657 990; x_wconf 80' lang='lat' dir='ltr'>mnj.—-Praefuit</span> <span class='ocrx_word' id='word_1_84' title='bbox 669 938 760 978; x_wconf 91' lang='lat' dir='ltr'>huic</span> <span class='ocrx_word' id='word_1_85' title='bbox 779 938 943 977; x_wconf 87' lang='lat' dir='ltr'>editioni</span> <span class='ocrx_word' id='word_1_86' title='bbox 965 938 1005 977; x_wconf 92' lang='lat' dir='ltr'>b.</span> <span class='ocrx_word' id='word_1_87' title='bbox 1020 938 1204 979; x_wconf 88' lang='lat' dir='ltr'>Crollins.</span> <span class='ocrx_word' id='word_1_88' title='bbox 1235 940 1415 980; x_wconf 77' lang='lat' dir='ltr'>Contulit</span> <span class='ocrx_word' id='word_1_89' title='bbox 1427 940 1460 979; x_wconf 86' lang='lat' dir='ltr'>is</span> <span class='ocrx_word' id='word_1_90' title='bbox 1475 940 1576 979; x_wconf 88' lang='lat' dir='ltr'>Bur-</span> 
     </span>
     <span class='ocr_line' id='line_1_12' title="bbox 96 1000 1578 1056; baseline 0.004 -18"><span class='ocrx_word' id='word_1_91' title='bbox 96 1000 344 1041; x_wconf 75' lang='lat' dir='ltr'>mannianam</span> <span class='ocrx_word' id='word_1_92' title='bbox 370 1002 586 1042; x_wconf 82' lang='lat' dir='ltr'>editionem</span> <span class='ocrx_word' id='word_1_93' title='bbox 617 1017 705 1043; x_wconf 90' lang='lat' dir='ltr'>cum</span> <span class='ocrx_word' id='word_1_94' title='bbox 740 1003 980 1043; x_wconf 86' lang='lat' dir='ltr'>lectionibus</span> <span class='ocrx_word' id='word_1_95' title='bbox 1009 1003 1222 1051; x_wconf 88' lang='lat' dir='ltr'>Codicum,</span> <span class='ocrx_word' id='word_1_96' title='bbox 1248 1017 1344 1056; x_wconf 82' lang='lat' dir='ltr'>quas</span> <span class='ocrx_word' id='word_1_97' title='bbox 1364 1004 1445 1053; x_wconf 85' lang='lat' dir='ltr'>alii,</span> <span class='ocrx_word' id='word_1_98' title='bbox 1467 1017 1578 1044; x_wconf 84' lang='lat' dir='ltr'>max-</span> 
     </span>
     <span class='ocr_line' id='line_1_13' title="bbox 95 1064 1576 1116; baseline 0.004 -12"><span class='ocrx_word' id='word_1_99' title='bbox 95 1064 176 1106; x_wconf 83' lang='lat' dir='ltr'>ime</span> <span class='ocrx_word' id='word_1_100' title='bbox 189 1066 363 1115; x_wconf 85' lang='lat' dir='ltr'>Gudius,</span> <span class='ocrx_word' id='word_1_101' title='bbox 384 1074 618 1115; x_wconf 80' lang='lat' dir='ltr'>enotarunt;</span> <span class='ocrx_word' id='word_1_102' title='bbox 649 1067 819 1116; x_wconf 87' lang='lat' dir='ltr'>Romuli,</span> <span class='ocrx_word' id='word_1_103' title='bbox 850 1068 1014 1113; x_wconf 87' lang='lat' dir='ltr'>Perotti,</span> <span class='ocrx_word' id='word_1_104' title='bbox 1045 1068 1208 1107; x_wconf 87' lang='lat' dir='ltr'>aliorum</span> <span class='ocrx_word' id='word_1_105' title='bbox 1243 1067 1412 1116; x_wconf 76' lang='lat' dir='ltr'>fabulas,</span> <span class='ocrx_word' id='word_1_106' title='bbox 1444 1070 1576 1110; x_wconf 90' lang='lat' dir='ltr'>denuo</span> 
     </span>
     <span class='ocr_line' id='line_1_14' title="bbox 94 1129 1576 1188; baseline 0.003 -18"><span class='ocrx_word' id='word_1_107' title='bbox 94 1129 344 1174; x_wconf 80' lang='lat' dir='ltr'>illustriorem</span> <span class='ocrx_word' id='word_1_108' title='bbox 376 1148 573 1188; x_wconf 88' lang='lat' dir='ltr'>quemque</span> <span class='ocrx_word' id='word_1_109' title='bbox 602 1134 798 1174; x_wconf 82' lang='lat' dir='ltr'>Critieum</span> <span class='ocrx_word' id='word_1_110' title='bbox 829 1133 1044 1181; x_wconf 88' lang='lat' dir='ltr'>consuluit,</span> <span class='ocrx_word' id='word_1_111' title='bbox 1085 1140 1204 1186; x_wconf 87' lang='lat' dir='ltr'>atque</span> <span class='ocrx_word' id='word_1_112' title='bbox 1225 1133 1280 1174; x_wconf 79' lang='lat' dir='ltr'>sic</span> <span class='ocrx_word' id='word_1_113' title='bbox 1310 1134 1576 1184; x_wconf 79' lang='lat' dir='ltr'>sinceriorem,</span> 
     </span>
     <span class='ocr_line' id='line_1_15' title="bbox 94 1198 1574 1253; baseline 0.003 -17"><span class='ocrx_word' id='word_1_114' title='bbox 94 1210 186 1249; x_wconf 74' lang='lat' dir='ltr'>quoe</span> <span class='ocrx_word' id='word_1_115' title='bbox 204 1198 281 1251; x_wconf 81' lang='lat' dir='ltr'>ipsi</span> <span class='ocrx_word' id='word_1_116' title='bbox 299 1199 383 1240; x_wconf 77' lang='lat' dir='ltr'>visa</span> <span class='ocrx_word' id='word_1_117' title='bbox 399 1207 498 1248; x_wconf 81' lang='lat' dir='ltr'>erat,</span> <span class='ocrx_word' id='word_1_118' title='bbox 517 1200 726 1240; x_wconf 88' lang='lat' dir='ltr'>lectionem</span> <span class='ocrx_word' id='word_1_119' title='bbox 749 1199 932 1246; x_wconf 84' lang='lat' dir='ltr'>induxit;</span> <span class='ocrx_word' id='word_1_120' title='bbox 963 1199 1002 1238; x_wconf 90' lang='lat' dir='ltr'>in</span> <span class='ocrx_word' id='word_1_121' title='bbox 1022 1199 1259 1251; x_wconf 90' lang='lat' dir='ltr'>quibusdam</span> <span class='ocrx_word' id='word_1_122' title='bbox 1281 1213 1385 1248; x_wconf 87' lang='lat' dir='ltr'>vero,</span> <span class='ocrx_word' id='word_1_123' title='bbox 1412 1214 1503 1253; x_wconf 88' lang='lat' dir='ltr'>quae</span> <span class='ocrx_word' id='word_1_124' title='bbox 1522 1202 1574 1241; x_wconf 87' lang='lat' dir='ltr'>ab</span> 
     </span>
    </p>
   </div>
   <div class='ocr_carea' id='block_1_3' title="bbox 20 1263 1577 1317">
    <p class='ocr_par' dir='ltr' id='par_1_3' title="bbox 20 1263 1577 1317">
     <span class='ocr_line' id='line_1_16' title="bbox 20 1263 1577 1317; baseline 0.003 -16"><span class='ocrx_word' id='word_1_125' title='bbox 20 1280 29 1286; x_wconf 28' lang='lat' dir='ltr'>s</span> <span class='ocrx_word' id='word_1_126' title='bbox 93 1263 170 1302; x_wconf 86' lang='lat' dir='ltr'>illis</span> <span class='ocrx_word' id='word_1_127' title='bbox 188 1263 397 1317; x_wconf 82' lang='lat' dir='ltr'>desperata</span> <span class='ocrx_word' id='word_1_128' title='bbox 417 1272 486 1305; x_wconf 85' lang='lat' dir='ltr'>aut</span> <span class='ocrx_word' id='word_1_129' title='bbox 505 1265 606 1304; x_wconf 85' lang='lat' dir='ltr'>male</span> <span class='ocrx_word' id='word_1_130' title='bbox 625 1271 761 1304; x_wconf 83' lang='lat' dir='ltr'>sanata</span> <span class='ocrx_word' id='word_1_131' title='bbox 781 1270 907 1310; x_wconf 83' lang='lat' dir='ltr'>erant,</span> <span class='ocrx_word' id='word_1_132' title='bbox 938 1276 1039 1303; x_wconf 85' lang='lat' dir='ltr'>nova</span> <span class='ocrx_word' id='word_1_133' title='bbox 1058 1264 1208 1303; x_wconf 84' lang='lat' dir='ltr'>ratione</span> <span class='ocrx_word' id='word_1_134' title='bbox 1226 1263 1484 1304; x_wconf 83' lang='lat' dir='ltr'>emendandis</span> <span class='ocrx_word' id='word_1_135' title='bbox 1504 1279 1577 1305; x_wconf 91' lang='lat' dir='ltr'>suo</span> 
     </span>
    </p>
   </div>
   <div class='ocr_carea' id='block_1_4' title="bbox 87 1328 1576 2818">
    <p class='ocr_par' dir='ltr' id='par_1_4' title="bbox 92 1328 570 1382">
     <span class='ocr_line' id='line_1_17' title="bbox 92 1328 570 1382; baseline 0.004 -14"><span class='ocrx_word' id='word_1_136' title='bbox 92 1328 307 1370; x_wconf 79' lang='lat' dir='ltr'>obsecutus</span> <span class='ocrx_word' id='word_1_137' title='bbox 319 1336 381 1370; x_wconf 89' lang='lat' dir='ltr'>est</span> <span class='ocrx_word' id='word_1_138' title='bbox 400 1330 570 1382; x_wconf 86' lang='lat' dir='ltr'>ingenio.</span> 
     </span>
    </p>

    <p class='ocr_par' dir='ltr' id='par_1_5' title="bbox 94 1394 1572 1515">
     <span class='ocr_line' id='line_1_18' title="bbox 145 1394 1572 1437; baseline 0.004 -6"><span class='ocrx_word' id='word_1_139' title='bbox 145 1415 202 1431; x_wconf 86' lang='lat'>-.—</span> <span class='ocrx_word' id='word_1_140' title='bbox 224 1394 381 1435; x_wconf 81' lang='lat' dir='ltr'>Phaedri</span> <span class='ocrx_word' id='word_1_141' title='bbox 414 1395 652 1435; x_wconf 81' lang='lat' dir='ltr'>Fabularum</span> <span class='ocrx_word' id='word_1_142' title='bbox 674 1395 782 1435; x_wconf 90' lang='lat' dir='ltr'>Libri</span> <span class='ocrx_word' id='word_1_143' title='bbox 812 1406 853 1434; x_wconf 81' lang='lat' dir='ltr'>v,</span> <span class='ocrx_word' id='word_1_144' title='bbox 890 1397 936 1435; x_wconf 88' lang='lat' dir='ltr'>In</span> <span class='ocrx_word' id='word_1_145' title='bbox 959 1409 1072 1435; x_wconf 89' lang='lat' dir='ltr'>usum</span> <span class='ocrx_word' id='word_1_146' title='bbox 1092 1395 1317 1435; x_wconf 83' lang='lat' dir='ltr'>scholarum</span> <span class='ocrx_word' id='word_1_147' title='bbox 1337 1395 1466 1436; x_wconf 87' lang='lat' dir='ltr'>edidit.</span> <span class='ocrx_word' id='word_1_148' title='bbox 1483 1397 1572 1437; x_wconf 85' lang='lat' dir='ltr'>Jac.</span> 
     </span>
     <span class='ocr_line' id='line_1_19' title="bbox 94 1459 1355 1515; baseline 0.002 -16"><span class='ocrx_word' id='word_1_149' title='bbox 94 1459 243 1500; x_wconf 75' lang='lat' dir='ltr'>Bnden.</span> <span class='ocrx_word' id='word_1_150' title='bbox 262 1461 447 1510; x_wconf 64' lang='lat' dir='ltr'>flamia,</span> <span class='ocrx_word' id='word_1_151' title='bbox 466 1462 574 1515; x_wconf 80' lang='lat' dir='ltr'>apud</span> <span class='ocrx_word' id='word_1_152' title='bbox 595 1463 657 1502; x_wconf 84' lang='lat' dir='ltr'>Fr.</span> <span class='ocrx_word' id='word_1_153' title='bbox 678 1462 772 1501; x_wconf 86' lang='lat' dir='ltr'>Chr.</span> <span class='ocrx_word' id='word_1_154' title='bbox 795 1462 894 1502; x_wconf 87' lang='lat' dir='ltr'>Pelt.</span> <span class='ocrx_word' id='word_1_155' title='bbox 916 1462 1127 1502; x_wconf 84' lang='lat' dir='ltr'>8.—Conf.</span> <span class='ocrx_word' id='word_1_156' title='bbox 1148 1475 1213 1502; x_wconf 86' lang='lat' dir='ltr'>au.</span> <span class='ocrx_word' id='word_1_157' title='bbox 1237 1467 1355 1509; x_wconf 86' lang='lat'><strong>1777.</strong></span> 
     </span>
    </p>

    <p class='ocr_par' dir='ltr' id='par_1_6' title="bbox 145 1526 1572 1579">
     <span class='ocr_line' id='line_1_20' title="bbox 145 1526 1572 1579; baseline 0.001 -13"><span class='ocrx_word' id='word_1_158' title='bbox 145 1547 200 1555; x_wconf 89' lang='lat'>-</span> <span class='ocrx_word' id='word_1_159' title='bbox 212 1538 304 1567; x_wconf 85' lang='lat' dir='ltr'>cum</span> <span class='ocrx_word' id='word_1_160' title='bbox 319 1527 638 1579; x_wconf 83' lang='lat' dir='ltr'>interpretatione</span> <span class='ocrx_word' id='word_1_161' title='bbox 651 1528 790 1567; x_wconf 84' lang='lat' dir='ltr'>Italica</span> <span class='ocrx_word' id='word_1_162' title='bbox 802 1536 842 1567; x_wconf 87' lang='lat' dir='ltr'>et</span> <span class='ocrx_word' id='word_1_163' title='bbox 854 1527 957 1567; x_wconf 84' lang='lat' dir='ltr'>notis</span> <span class='ocrx_word' id='word_1_164' title='bbox 981 1528 1073 1567; x_wconf 85' lang='lat' dir='ltr'>Seb.</span> <span class='ocrx_word' id='word_1_165' title='bbox 1091 1527 1290 1579; x_wconf 84' lang='lat' dir='ltr'>Zappalae.</span> <span class='ocrx_word' id='word_1_166' title='bbox 1306 1526 1495 1566; x_wconf 87' lang='lat' dir='ltr'>Venetiis.</span> <span class='ocrx_word' id='word_1_167' title='bbox 1510 1533 1572 1568; x_wconf 81' lang='lat'><strong>12.</strong></span> 
     </span>
    </p>

    <p class='ocr_par' dir='ltr' id='par_1_7' title="bbox 91 1591 1576 1840">
     <span class='ocr_line' id='line_1_21' title="bbox 151 1591 1573 1645; baseline 0.001 -16"><span class='ocrx_word' id='word_1_168' title='bbox 151 1596 254 1637; x_wconf 80' lang='lat'>1785</span> <span class='ocrx_word' id='word_1_169' title='bbox 288 1591 447 1632; x_wconf 74' lang='lat' dir='ltr'>Phaedri</span> <span class='ocrx_word' id='word_1_170' title='bbox 467 1593 630 1632; x_wconf 77' lang='lat' dir='ltr'>Fabulae</span> <span class='ocrx_word' id='word_1_171' title='bbox 650 1592 840 1645; x_wconf 83' lang='lat' dir='ltr'>AEsopiae.</span> <span class='ocrx_word' id='word_1_172' title='bbox 881 1593 962 1632; x_wconf 86' lang='lat' dir='ltr'>Mit</span> <span class='ocrx_word' id='word_1_173' title='bbox 993 1592 1298 1644; x_wconf 85' lang='lat' dir='ltr'>Anmerkungen</span> <span class='ocrx_word' id='word_1_174' title='bbox 1329 1592 1408 1631; x_wconf 91' lang='lat' dir='ltr'>und</span> <span class='ocrx_word' id='word_1_175' title='bbox 1447 1591 1573 1632; x_wconf 82' lang='lat' dir='ltr'>einem</span> 
     </span>
     <span class='ocr_line' id='line_1_22' title="bbox 92 1655 1576 1708; baseline 0.001 -13"><span class='ocrx_word' id='word_1_176' title='bbox 92 1655 409 1708; x_wconf 72' lang='lat' dir='ltr'>vollstaendigen</span> <span class='ocrx_word' id='word_1_177' title='bbox 429 1657 623 1708; x_wconf 83' lang='lat' dir='ltr'>Register‚</span> <span class='ocrx_word' id='word_1_178' title='bbox 642 1657 763 1697; x_wconf 86' lang='lat' dir='ltr'>worin</span> <span class='ocrx_word' id='word_1_179' title='bbox 783 1657 857 1697; x_wconf 83' lang='lat' dir='ltr'>alle</span> <span class='ocrx_word' id='word_1_180' title='bbox 876 1657 1192 1697; x_wconf 78' lang='lat' dir='ltr'>vorkommende.</span> <span class='ocrx_word' id='word_1_181' title='bbox 1209 1659 1388 1697; x_wconf 85' lang='lat' dir='ltr'>Woerter</span> <span class='ocrx_word' id='word_1_182' title='bbox 1405 1656 1576 1698; x_wconf 82' lang='lat' dir='ltr'>erklaert</span> 
     </span>
     <span class='ocr_line' id='line_1_23' title="bbox 92 1721 1573 1777; baseline 0.002 -17"><span class='ocrx_word' id='word_1_183' title='bbox 92 1721 261 1761; x_wconf 80' lang='lat' dir='ltr'>werden.</span> <span class='ocrx_word' id='word_1_184' title='bbox 295 1722 378 1762; x_wconf 75' lang='lat' dir='ltr'>Fur</span> <span class='ocrx_word' id='word_1_185' title='bbox 407 1722 581 1763; x_wconf 88' lang='lat' dir='ltr'>Schulen</span> <span class='ocrx_word' id='word_1_186' title='bbox 615 1723 938 1777; x_wconf 81' lang='lat' dir='ltr'>berausgegeben</span> <span class='ocrx_word' id='word_1_187' title='bbox 972 1737 1047 1762; x_wconf 90' lang='lat' dir='ltr'>von</span> <span class='ocrx_word' id='word_1_188' title='bbox 1078 1723 1216 1762; x_wconf 89' lang='lat' dir='ltr'>Ludw.</span> <span class='ocrx_word' id='word_1_189' title='bbox 1250 1723 1385 1762; x_wconf 84' lang='lat' dir='ltr'>Heinr.</span> <span class='ocrx_word' id='word_1_190' title='bbox 1425 1723 1573 1763; x_wconf 82' lang='lat' dir='ltr'><strong>Jakob.</strong></span> 
     </span>
     <span class='ocr_line' id='line_1_24' title="bbox 91 1787 1119 1840; baseline 0.001 -14"><span class='ocrx_word' id='word_1_191' title='bbox 91 1787 222 1836; x_wconf 66' lang='lat' dir='ltr'>Helle,</span> <span class='ocrx_word' id='word_1_192' title='bbox 242 1787 282 1828; x_wconf 92' lang='lat' dir='ltr'>b.</span> <span class='ocrx_word' id='word_1_193' title='bbox 304 1788 557 1828; x_wconf 85' lang='lat' dir='ltr'>Hernmerde.</span> <span class='ocrx_word' id='word_1_194' title='bbox 580 1795 603 1829; x_wconf 89' lang='lat'>8</span> <span class='ocrx_word' id='word_1_195' title='bbox 624 1788 716 1840; x_wconf 85' lang='lat' dir='ltr'><strong>maj.</strong></span> <span class='ocrx_word' id='word_1_196' title='bbox 719 1788 894 1828; x_wconf 73' lang='lat' dir='ltr'>—Confi</span> <span class='ocrx_word' id='word_1_197' title='bbox 913 1801 975 1827; x_wconf 84' lang='lat' dir='ltr'>an.</span> <span class='ocrx_word' id='word_1_198' title='bbox 1001 1793 1119 1835; x_wconf 82' lang='lat'><strong>1799.</strong></span> 
     </span>
    </p>

    <p class='ocr_par' dir='ltr' id='par_1_8' title="bbox 90 1824 1573 2036">
     <span class='ocr_line' id='line_1_25' title="bbox 149 1824 1573 1905; baseline 0.001 -13"><span class='ocrx_word' id='word_1_199' title='bbox 149 1852 254 1898; x_wconf 85' lang='lat'>1786</span> <span class='ocrx_word' id='word_1_200' title='bbox 282 1853 440 1894; x_wconf 80' lang='lat' dir='ltr'>Phaedri</span> <span class='ocrx_word' id='word_1_201' title='bbox 476 1853 636 1894; x_wconf 84' lang='lat' dir='ltr'>Fabulae</span> <span class='ocrx_word' id='word_1_202' title='bbox 667 1853 852 1905; x_wconf 81' lang='lat' dir='ltr'>AEsopiae,</span> <span class='ocrx_word' id='word_1_203' title='bbox 887 1854 958 1893; x_wconf 91' lang='lat' dir='ltr'>mit</span> <span class='ocrx_word' id='word_1_204' title='bbox 987 1852 1112 1892; x_wconf 88' lang='lat' dir='ltr'>einem</span> <span class='ocrx_word' id='word_1_205' title='bbox 1142 1824 1573 1893; x_wconf 79' lang='lat' dir='ltr'>deutschlateinischen</span> 
     </span>
     <span class='ocr_line' id='line_1_26' title="bbox 90 1918 1572 1966; baseline 0 -8"><span class='ocrx_word' id='word_1_206' title='bbox 90 1918 418 1966; x_wconf 78' lang='lat' dir='ltr'>Woeroerbuehe‚</span> <span class='ocrx_word' id='word_1_207' title='bbox 455 1933 548 1958; x_wconf 86' lang='lat' dir='ltr'>zum</span> <span class='ocrx_word' id='word_1_208' title='bbox 573 1919 793 1959; x_wconf 86' lang='lat' dir='ltr'>Gebrauch</span> <span class='ocrx_word' id='word_1_209' title='bbox 814 1919 884 1958; x_wconf 81' lang='lat' dir='ltr'>der</span> <span class='ocrx_word' id='word_1_210' title='bbox 903 1919 1078 1958; x_wconf 87' lang='lat' dir='ltr'>Schulen</span> <span class='ocrx_word' id='word_1_211' title='bbox 1107 1932 1185 1958; x_wconf 89' lang='lat' dir='ltr'>von</span> <span class='ocrx_word' id='word_1_212' title='bbox 1212 1920 1251 1959; x_wconf 88' lang='lat' dir='ltr'>J.</span> <span class='ocrx_word' id='word_1_213' title='bbox 1285 1919 1340 1958; x_wconf 91' lang='lat' dir='ltr'>G.</span> <span class='ocrx_word' id='word_1_214' title='bbox 1375 1918 1572 1959; x_wconf 80' lang='lat' dir='ltr'>Miichler.</span> 
     </span>
     <span class='ocr_line' id='line_1_27' title="bbox 91 1983 844 2036; baseline 0.004 -14"><span class='ocrx_word' id='word_1_215' title='bbox 91 1983 278 2032; x_wconf 85' lang='lat' dir='ltr'>Berolini,</span> <span class='ocrx_word' id='word_1_216' title='bbox 297 1985 404 2036; x_wconf 75' lang='lat' dir='ltr'>apud</span> <span class='ocrx_word' id='word_1_217' title='bbox 425 1985 466 2025; x_wconf 86' lang='lat' dir='ltr'><strong>J.</strong></span> <span class='ocrx_word' id='word_1_218' title='bbox 485 1985 535 2024; x_wconf 75' lang='lat' dir='ltr'>C:</span> <span class='ocrx_word' id='word_1_219' title='bbox 554 1986 599 2025; x_wconf 87' lang='lat' dir='ltr'>F.</span> <span class='ocrx_word' id='word_1_220' title='bbox 622 1986 783 2025; x_wconf 84' lang='lat' dir='ltr'>Eisfeld.</span> <span class='ocrx_word' id='word_1_221' title='bbox 806 1991 844 2026; x_wconf 89' lang='lat'>8.</span> 
     </span>
    </p>

    <p class='ocr_par' dir='ltr' id='par_1_9' title="bbox 87 2048 1574 2818">
     <span class='ocr_line' id='line_1_28' title="bbox 142 2048 1574 2102; baseline 0.001 -14"><span class='ocrx_word' id='word_1_222' title='bbox 142 2070 197 2078; x_wconf 92' lang='lat'>—-—</span> <span class='ocrx_word' id='word_1_223' title='bbox 211 2048 369 2089; x_wconf 71' lang='lat' dir='ltr'>Plnaedri</span> <span class='ocrx_word' id='word_1_224' title='bbox 390 2050 627 2090; x_wconf 87' lang='lat' dir='ltr'>Fabularum</span> <span class='ocrx_word' id='word_1_225' title='bbox 647 2052 783 2102; x_wconf 87' lang='lat' dir='ltr'>AEsop.</span> <span class='ocrx_word' id='word_1_226' title='bbox 804 2049 915 2089; x_wconf 90' lang='lat' dir='ltr'>Libri</span> <span class='ocrx_word' id='word_1_227' title='bbox 936 2061 977 2088; x_wconf 85' lang='lat' dir='ltr'><strong>V.</strong></span> <span class='ocrx_word' id='word_1_228' title='bbox 998 2063 1088 2089; x_wconf 85' lang='lat' dir='ltr'>cum</span> <span class='ocrx_word' id='word_1_229' title='bbox 1109 2050 1211 2089; x_wconf 90' lang='lat' dir='ltr'>notis</span> <span class='ocrx_word' id='word_1_230' title='bbox 1231 2056 1270 2089; x_wconf 87' lang='lat' dir='ltr'>et</span> <span class='ocrx_word' id='word_1_231' title='bbox 1289 2049 1574 2090; x_wconf 85' lang='lat' dir='ltr'>emendationi-</span> 
     </span>
     <span class='ocr_line' id='line_1_29' title="bbox 90 2113 1572 2166; baseline 0.001 -13"><span class='ocrx_word' id='word_1_232' title='bbox 90 2113 164 2153; x_wconf 83' lang='lat' dir='ltr'>bus</span> <span class='ocrx_word' id='word_1_233' title='bbox 182 2115 324 2154; x_wconf 77' lang='lat' dir='ltr'>Franc.</span> <span class='ocrx_word' id='word_1_234' title='bbox 357 2115 442 2154; x_wconf 79' lang='lat' dir='ltr'><strong>JoS.</strong></span> <span class='ocrx_word' id='word_1_235' title='bbox 466 2115 707 2162; x_wconf 88' lang='lat' dir='ltr'>Desbillons,</span> <span class='ocrx_word' id='word_1_236' title='bbox 728 2129 776 2154; x_wconf 86' lang='lat' dir='ltr'>ex</span> <span class='ocrx_word' id='word_1_237' title='bbox 798 2114 885 2165; x_wconf 85' lang='lat' dir='ltr'>ejus</span> <span class='ocrx_word' id='word_1_238' title='bbox 904 2115 1186 2154; x_wconf 86' lang='lat' dir='ltr'>commentario</span> <span class='ocrx_word' id='word_1_239' title='bbox 1206 2115 1382 2166; x_wconf 83' lang='lat' dir='ltr'>pleniore</span> <span class='ocrx_word' id='word_1_240' title='bbox 1411 2115 1572 2156; x_wconf 88' lang='lat' dir='ltr'>desum-</span> 
     </span>
     <span class='ocr_line' id='line_1_30' title="bbox 89 2174 1570 2233; baseline 0.003 -16"><span class='ocrx_word' id='word_1_241' title='bbox 89 2179 155 2219; x_wconf 82' lang='lat' dir='ltr'>tis.&#39;</span> <span class='ocrx_word' id='word_1_242' title='bbox 183 2179 442 2227; x_wconf 77' lang='lat' dir='ltr'>Mannhemii,</span> <span class='ocrx_word' id='word_1_243' title='bbox 473 2179 510 2218; x_wconf 90' lang='lat' dir='ltr'>in</span> <span class='ocrx_word' id='word_1_244' title='bbox 532 2179 748 2233; x_wconf 90' lang='lat' dir='ltr'>Bibliopol.</span> <span class='ocrx_word' id='word_1_245' title='bbox 770 2179 860 2218; x_wconf 88' lang='lat' dir='ltr'>Aul.</span> <span class='ocrx_word' id='word_1_246' title='bbox 882 2174 922 2218; x_wconf 75' lang='lat' dir='ltr'>et</span> <span class='ocrx_word' id='word_1_247' title='bbox 941 2180 1067 2217; x_wconf 80' lang='lat' dir='ltr'>Acad.</span> <span class='ocrx_word' id='word_1_248' title='bbox 1093 2179 1440 2232; x_wconf 82' lang='lat' dir='ltr'>8.—Diligentiam</span> <span class='ocrx_word' id='word_1_249' title='bbox 1459 2181 1500 2220; x_wconf 90' lang='lat' dir='ltr'>in</span> <span class='ocrx_word' id='word_1_250' title='bbox 1520 2194 1570 2222; x_wconf 89' lang='lat' dir='ltr'>eo</span> 
     </span>
     <span class='ocr_line' id='line_1_31' title="bbox 88 2244 1571 2298; baseline 0.002 -14"><span class='ocrx_word' id='word_1_251' title='bbox 88 2244 225 2297; x_wconf 89' lang='lat' dir='ltr'>posuit</span> <span class='ocrx_word' id='word_1_252' title='bbox 241 2244 386 2293; x_wconf 89' lang='lat' dir='ltr'>editor,</span> <span class='ocrx_word' id='word_1_253' title='bbox 411 2251 454 2284; x_wconf 91' lang='lat' dir='ltr'>ut</span> <span class='ocrx_word' id='word_1_254' title='bbox 473 2245 736 2298; x_wconf 88' lang='lat' dir='ltr'>cognitionem</span> <span class='ocrx_word' id='word_1_255' title='bbox 770 2245 962 2285; x_wconf 87' lang='lat' dir='ltr'>Codicum</span> <span class='ocrx_word' id='word_1_256' title='bbox 996 2251 1037 2284; x_wconf 92' lang='lat' dir='ltr'>et</span> <span class='ocrx_word' id='word_1_257' title='bbox 1068 2245 1263 2285; x_wconf 80' lang='lat' dir='ltr'>Pithoeani</span> <span class='ocrx_word' id='word_1_258' title='bbox 1294 2252 1336 2286; x_wconf 85' lang='lat' dir='ltr'>et</span> <span class='ocrx_word' id='word_1_259' title='bbox 1367 2247 1571 2288; x_wconf 86' lang='lat' dir='ltr'>Remensis</span> 
     </span>
     <span class='ocr_line' id='line_1_32' title="bbox 89 2309 1571 2364; baseline 0.003 -16"><span class='ocrx_word' id='word_1_260' title='bbox 89 2309 254 2351; x_wconf 81' lang='lat' dir='ltr'>haberet</span> <span class='ocrx_word' id='word_1_261' title='bbox 268 2316 432 2350; x_wconf 83' lang='lat' dir='ltr'>certam.</span> <span class='ocrx_word' id='word_1_262' title='bbox 463 2310 584 2357; x_wconf 84' lang='lat' dir='ltr'>Quod</span> <span class='ocrx_word' id='word_1_263' title='bbox 606 2324 695 2350; x_wconf 87' lang='lat' dir='ltr'>cum</span> <span class='ocrx_word' id='word_1_264' title='bbox 727 2322 804 2362; x_wconf 81' lang='lat' dir='ltr'>per</span> <span class='ocrx_word' id='word_1_265' title='bbox 829 2311 933 2349; x_wconf 80' lang='lat' dir='ltr'>solas</span> <span class='ocrx_word' id='word_1_266' title='bbox 953 2310 1148 2350; x_wconf 85' lang='lat' dir='ltr'>editiones</span> <span class='ocrx_word' id='word_1_267' title='bbox 1166 2311 1309 2351; x_wconf 85' lang='lat' dir='ltr'>Pithoei</span> <span class='ocrx_word' id='word_1_268' title='bbox 1336 2319 1376 2351; x_wconf 86' lang='lat' dir='ltr'>et</span> <span class='ocrx_word' id='word_1_269' title='bbox 1396 2312 1571 2364; x_wconf 83' lang='lat' dir='ltr'>Rigaltii,</span> 
     </span>
     <span class='ocr_line' id='line_1_33' title="bbox 89 2374 1571 2430; baseline 0.003 -17"><span class='ocrx_word' id='word_1_270' title='bbox 89 2374 215 2415; x_wconf 85' lang='lat' dir='ltr'>minus</span> <span class='ocrx_word' id='word_1_271' title='bbox 244 2375 397 2424; x_wconf 84' lang='lat' dir='ltr'>fideles,</span> <span class='ocrx_word' id='word_1_272' title='bbox 428 2389 547 2428; x_wconf 87' lang='lat' dir='ltr'>quam</span> <span class='ocrx_word' id='word_1_273' title='bbox 573 2377 764 2429; x_wconf 87' lang='lat' dir='ltr'>oportuit,</span> <span class='ocrx_word' id='word_1_274' title='bbox 800 2384 986 2430; x_wconf 83' lang='lat' dir='ltr'>praestare</span> <span class='ocrx_word' id='word_1_275' title='bbox 1019 2390 1096 2415; x_wconf 91' lang='lat' dir='ltr'>non</span> <span class='ocrx_word' id='word_1_276' title='bbox 1129 2383 1280 2428; x_wconf 85' lang='lat' dir='ltr'>posset,</span> <span class='ocrx_word' id='word_1_277' title='bbox 1325 2376 1571 2417; x_wconf 82' lang='lat' dir='ltr'>Bibliotheca</span> 
     </span>
     <span class='ocr_line' id='line_1_34' title="bbox 88 2439 1574 2493; baseline 0.003 -15"><span class='ocrx_word' id='word_1_278' title='bbox 88 2439 256 2492; x_wconf 84' lang='lat' dir='ltr'>Collegii</span> <span class='ocrx_word' id='word_1_279' title='bbox 284 2442 426 2481; x_wconf 89' lang='lat' dir='ltr'>Jesuit.</span> <span class='ocrx_word' id='word_1_280' title='bbox 454 2442 579 2481; x_wconf 86' lang='lat' dir='ltr'>Paris.</span> <span class='ocrx_word' id='word_1_281' title='bbox 602 2442 871 2493; x_wconf 85' lang='lat' dir='ltr'>suppeditavit</span> <span class='ocrx_word' id='word_1_282' title='bbox 903 2442 1061 2481; x_wconf 83' lang='lat' dir='ltr'>missam</span> <span class='ocrx_word' id='word_1_283' title='bbox 1083 2442 1214 2480; x_wconf 87' lang='lat' dir='ltr'>Remis</span> <span class='ocrx_word' id='word_1_284' title='bbox 1244 2441 1294 2479; x_wconf 86' lang='lat' dir='ltr'>ad</span> <span class='ocrx_word' id='word_1_285' title='bbox 1327 2442 1467 2481; x_wconf 87' lang='lat' dir='ltr'>Franc.</span> <span class='ocrx_word' id='word_1_286' title='bbox 1496 2443 1574 2482; x_wconf 87' lang='lat' dir='ltr'>Va·</span> 
     </span>
     <span class='ocr_line' id='line_1_35' title="bbox 87 2505 1574 2560; baseline 0.003 -17"><span class='ocrx_word' id='word_1_287' title='bbox 87 2516 282 2544; x_wconf 73' lang='lat' dir='ltr'>vassorem</span> <span class='ocrx_word' id='word_1_288' title='bbox 300 2506 525 2558; x_wconf 82' lang='lat' dir='ltr'>epistolam,</span> <span class='ocrx_word' id='word_1_289' title='bbox 555 2506 741 2545; x_wconf 80' lang='lat' dir='ltr'>lectiones</span> <span class='ocrx_word' id='word_1_290' title='bbox 760 2506 886 2546; x_wconf 80' lang='lat' dir='ltr'>varias</span> <span class='ocrx_word' id='word_1_291' title='bbox 906 2507 1143 2560; x_wconf 88' lang='lat' dir='ltr'>complures,</span> <span class='ocrx_word' id='word_1_292' title='bbox 1163 2513 1204 2545; x_wconf 86' lang='lat' dir='ltr'>et</span> <span class='ocrx_word' id='word_1_293' title='bbox 1233 2505 1387 2546; x_wconf 84' lang='lat' dir='ltr'>fabulas</span> <span class='ocrx_word' id='word_1_294' title='bbox 1420 2507 1574 2559; x_wconf 82' lang='lat' dir='ltr'>aliquot</span> 
     </span>
     <span class='ocr_line' id='line_1_36' title="bbox 87 2568 1571 2625; baseline 0.003 -17"><span class='ocrx_word' id='word_1_295' title='bbox 87 2568 271 2621; x_wconf 80' lang='lat' dir='ltr'>integras,</span> <span class='ocrx_word' id='word_1_296' title='bbox 290 2569 459 2610; x_wconf 87' lang='lat' dir='ltr'>fideliter</span> <span class='ocrx_word' id='word_1_297' title='bbox 477 2570 708 2622; x_wconf 81' lang='lat' dir='ltr'>exscriptas,</span> <span class='ocrx_word' id='word_1_298' title='bbox 728 2571 1016 2611; x_wconf 84' lang='lat' dir='ltr'>continentem:</span> <span class='ocrx_word' id='word_1_299' title='bbox 1048 2585 1166 2623; x_wconf 83' lang='lat' dir='ltr'>quam</span> <span class='ocrx_word' id='word_1_300' title='bbox 1188 2571 1334 2623; x_wconf 86' lang='lat' dir='ltr'>qudem</span> <span class='ocrx_word' id='word_1_301' title='bbox 1362 2571 1571 2625; x_wconf 82' lang='lat' dir='ltr'>scripturae</span> 
     </span>
     <span class='ocr_line' id='line_1_37' title="bbox 87 2633 1570 2688; baseline 0.003 -16"><span class='ocrx_word' id='word_1_302' title='bbox 87 2633 315 2675; x_wconf 75' lang='lat' dir='ltr'>varietatem</span> <span class='ocrx_word' id='word_1_303' title='bbox 347 2635 552 2688; x_wconf 86' lang='lat' dir='ltr'>diligenter</span> <span class='ocrx_word' id='word_1_304' title='bbox 588 2635 755 2676; x_wconf 83' lang='lat' dir='ltr'>contulit</span> <span class='ocrx_word' id='word_1_305' title='bbox 787 2649 877 2676; x_wconf 87' lang='lat' dir='ltr'>cum</span> <span class='ocrx_word' id='word_1_306' title='bbox 911 2637 1023 2676; x_wconf 85' lang='lat' dir='ltr'>variis</span> <span class='ocrx_word' id='word_1_307' title='bbox 1062 2636 1314 2686; x_wconf 87' lang='lat' dir='ltr'>lectionibus,</span> <span class='ocrx_word' id='word_1_308' title='bbox 1348 2650 1398 2677; x_wconf 89' lang='lat' dir='ltr'>ex</span> <span class='ocrx_word' id='word_1_309' title='bbox 1428 2637 1570 2677; x_wconf 82' lang='lat' dir='ltr'>eodem</span> 
     </span>
     <span class='ocr_line' id='line_1_38' title="bbox 89 2698 1568 2754; baseline 0.002 -16"><span class='ocrx_word' id='word_1_310' title='bbox 89 2698 242 2739; x_wconf 85' lang='lat' dir='ltr'>Codice</span> <span class='ocrx_word' id='word_1_311' title='bbox 273 2700 456 2740; x_wconf 89' lang='lat' dir='ltr'>Remensi</span> <span class='ocrx_word' id='word_1_312' title='bbox 500 2714 524 2740; x_wconf 85' lang='lat' dir='ltr'>a</span> <span class='ocrx_word' id='word_1_313' title='bbox 554 2701 725 2753; x_wconf 81' lang='lat' dir='ltr'>Rigaltio</span> <span class='ocrx_word' id='word_1_314' title='bbox 753 2701 970 2753; x_wconf 89' lang='lat' dir='ltr'>Gudioque</span> <span class='ocrx_word' id='word_1_315' title='bbox 1000 2701 1223 2754; x_wconf 82' lang='lat' dir='ltr'>excerptis:</span> <span class='ocrx_word' id='word_1_316' title='bbox 1265 2701 1409 2741; x_wconf 90' lang='lat' dir='ltr'>deinde</span> <span class='ocrx_word' id='word_1_317' title='bbox 1440 2701 1568 2742; x_wconf 79' lang='lat' dir='ltr'>varias</span> 
     </span>
     <span class='ocr_line' id='line_1_39' title="bbox 91 2762 1567 2818; baseline 0.003 -15"><span class='ocrx_word' id='word_1_318' title='bbox 91 2762 278 2805; x_wconf 81' lang='lat' dir='ltr'>lectiones</span> <span class='ocrx_word' id='word_1_319' title='bbox 291 2779 312 2806; x_wconf 93' lang='lat' dir='ltr'>e</span> <span class='ocrx_word' id='word_1_320' title='bbox 333 2766 540 2806; x_wconf 88' lang='lat' dir='ltr'>Pitboeano</span> <span class='ocrx_word' id='word_1_321' title='bbox 556 2766 704 2807; x_wconf 84' lang='lat' dir='ltr'>Codice</span> <span class='ocrx_word' id='word_1_322' title='bbox 723 2780 802 2807; x_wconf 89' lang='lat' dir='ltr'>non</span> <span class='ocrx_word' id='word_1_323' title='bbox 822 2766 949 2807; x_wconf 84' lang='lat' dir='ltr'>solum</span> <span class='ocrx_word' id='word_1_324' title='bbox 970 2766 1022 2806; x_wconf 85' lang='lat' dir='ltr'>ab</span> <span class='ocrx_word' id='word_1_325' title='bbox 1037 2766 1123 2818; x_wconf 83' lang='lat' dir='ltr'>ipso</span> <span class='ocrx_word' id='word_1_326' title='bbox 1144 2765 1314 2815; x_wconf 84' lang='lat' dir='ltr'>Pithoeo,</span> <span class='ocrx_word' id='word_1_327' title='bbox 1349 2766 1418 2808; x_wconf 87' lang='lat' dir='ltr'>sed</span> <span class='ocrx_word' id='word_1_328' title='bbox 1450 2767 1567 2808; x_wconf 82' lang='lat' dir='ltr'>etiam</span> 
     </span>
    </p>
   </div>
  </div>
 </body>
</html>
