1806 3236
201 245 289 289 394

204 350 263 382 ubi
292 350 423 393 pariter
446 352 494 384 sic
520 350 557 383 τὸ
581 352 730 393 deponere
755 355 914 394 usurpat.

204 400 215 418 ‘
239 401 394 434 Ponere'
436 402 484 434 ait
522 401 583 435 inf.
614 401 675 434 lib.
705 411 747 435 11.
775 411 853 444 cap.
878 404 912 436 4.

205 452 314 492 Schef.

248 506 270 536 6
293 504 406 535 Preces
420 503 572 545 admovit]
594 504 711 537 Plaut.
738 505 773 537 in
794 505 912 538 Cistel.

205 558 274 587 act.
299 563 341 586 11.
369 563 416 586 sc.
439 557 473 587 2.
493 555 613 589 ‘Quot
635 555 685 587 illi
708 555 916 588 blanditias?

206 605 289 647 quid
307 605 355 637 illi
372 605 515 646 promisi
537 605 639 639 boni?
663 608 759 641 Quot
782 606 918 639 admovi

208 656 258 687 ini
286 654 462 689 fabricas?
495 661 579 699 quot
608 656 797 690 fallacias?
832 658 917 691 Neo.

206 707 303 739 Bene
317 707 378 739 hos
396 707 524 749 gradus
540 706 647 740 fecit:
672 718 756 751 quos
773 708 919 751 negligit

207 757 320 791 Anon.
336 757 407 791 fab.
424 761 457 790 9.
481 759 618 792 Prason.
660 759 861 801 Eleganter,
874 759 919 791 de

207 819 262 851 eo,
275 810 333 852 qui
348 809 392 842 ab
406 808 515 842 invito
531 809 650 842 studet
672 810 843 851 obtinere,
854 811 919 843 sic-

207 865 248 893 ut
263 860 431 894 machinoe
449 860 628 893 admoveri
645 860 821 895 dicuntur.
860 862 919 894 Sic

208 909 354 943 Ovidius
381 914 418 943 et
438 911 506 945 alii.
528 911 635 950 Schef.
680 911 780 944 Infra
793 920 851 944 111.
865 915 918 945 16.

207 960 363 993 ‘Rursus
388 960 528 993 admota
552 960 683 1003 prece.'
729 961 776 994 Et
791 971 844 995 ιν.
865 965 919 995 25-

209 1013 220 1031 ‘
235 1012 386 1044 Stultum
412 1012 586 1045 admoveri
609 1012 672 1045 tibi
699 1022 818 1055 preces
833 1014 922 1046 exis·

208 1062 315 1095 tima!
360 1062 522 1104 Ovidius,
561 1063 616 1095 vel
646 1064 800 1106 quisquis
828 1063 921 1097 Auc-

209 1116 265 1145 tor
288 1113 417 1154 Elegiae
440 1114 474 1146 in
498 1119 644 1146 mortem
667 1115 797 1147 Drusi:
826 1114 921 1147 ‘Ad-

209 1164 385 1207 movitque
420 1174 555 1207 preces,
587 1170 623 1197 et
653 1165 710 1207 jus
737 1165 921 1198 immiscuit

210 1214 303 1247 illis!
347 1214 446 1247 Idem
462 1215 543 1247 alibi
557 1226 565 1246 :
588 1216 598 1233 ‘
612 1214 829 1257 Admovique
845 1225 921 1257 pre-

211 1274 281 1306 ces,
296 1274 440 1307 quarum
456 1275 511 1297 me
528 1264 676 1298 dedecet
687 1265 790 1298 usus.'
817 1265 921 1298 Amen.

210 1316 341 1348 Seneca
364 1315 474 1358 Hipp.
490 1319 565 1348 636.
589 1315 599 1333 ‘
614 1315 783 1348 Precibus
805 1316 921 1348 admo-

212 1366 257 1399 tis
274 1365 411 1408 egam!
455 1366 547 1405 Plin.
577 1366 671 1399 Hist.
699 1367 745 1399 N.
768 1375 835 1399 vu.
864 1368 919 1398 45.

214 1416 231 1443 ι,
240 1416 369 1448 Preces
394 1416 578 1449 Proculeio
602 1416 721 1449 mortis
739 1415 922 1450 admotaez’

211 1467 271 1499 ubi
298 1467 417 1509 inepte
444 1466 644 1499 narduinus
669 1469 829 1501 admotam
840 1476 922 1500 mor-

213 1520 275 1549 tem
288 1517 436 1549 vicinam
451 1517 722 1559 interpretatur:
747 1527 826 1550 cum
845 1527 922 1550 sen-

214 1578 271 1600 sus
297 1568 367 1601 sit:
394 1568 523 1601 Preces
551 1568 700 1602 admotae
724 1569 923 1610 Proculeio,

213 1623 255 1651 ut
268 1619 446 1652 occideret
459 1618 654 1661 Augustum
668 1620 923 1662 desperantem.

215 1669 269 1701 Ex
284 1669 348 1702 hac
364 1670 498 1711 vulgari
514 1669 662 1703 formula
675 1670 782 1703 etiam
793 1670 928 1705 Ovidio

214 1721 346 1753 librarii
367 1721 539 1754 dederunt
558 1721 649 1754 Met.
665 1729 715 1754 vl.
729 1724 806 1754 214.
828 1721 923 1754 ‘Ad-

215 1776 353 1803 motum
378 1780 498 1812 preces
510 1770 532 1804 ς’
562 1771 624 1803 sed
651 1771 710 1804 ubi
738 1781 799 1804 nos
821 1772 924 1804 nliter

215 1821 402 1863 legendum
428 1831 504 1854 esse
531 1822 762 1855 ostendemus.
795 1822 806 1840 ‘
821 1821 924 1854 Adhi-

215 1872 316 1905 bere'
344 1872 451 1905 etiam
475 1871 565 1905 dixit
594 1872 739 1905 Metam.
763 1881 821 1905 111.
847 1875 923 1905 376.

218 1924 333 1956 Burm.

262 1975 379 2007 Preces
413 1974 567 2016 admovit]
611 1974 709 2016 Eleg.
743 1975 787 2008 de
822 1978 926 2008 mort.

217 2025 322 2058 Drusi
337 2024 499 2058 Albinov.
513 2025 618 2058 Ovid.
633 2027 723 2059 Met.
735 2034 787 2059 vr.
810 2027 927 2060 Valer.

218 2077 315 2109 Max.
335 2086 361 2108 ι.
375 2086 408 2109 c.
421 2080 455 2109 4.
472 2079 504 2109 1.
537 2077 624 2109 Gud.

261 2129 377 2159 Preces
387 2126 540 2168 admovit]
555 2128 613 2159 Sic
627 2132 664 2160 et
676 2126 765 2160 infra
777 2128 928 2171 loquitur

219 2178 280 2211 lib.
296 2187 355 2212 ιιι.
368 2177 438 2211 fab.
454 2180 508 2210 16.
531 2182 570 2211 et
592 2178 652 2211 lib.
670 2188 717 2212 ιν.
733 2177 802 2212 fab.
816 2182 870 2212 25.
891 2184 928 2212 et

221 2229 327 2262 Ovid.
357 2229 416 2261 lib.
443 2237 501 2261 ιιι.
531 2229 621 2270 eleg.
645 2232 678 2261 7.
714 2229 758 2262 de
789 2231 923 2263 Ponto:

222 2280 234 2298 ‘
246 2279 373 2320 Quam,
386 2288 470 2322 quas
486 2279 672 2319 admorint,
697 2289 766 2311 non
782 2281 926 2313 valuisse

221 2330 364 2372 preces!
423 2330 505 2363 Alia
536 2330 574 2362 in>
597 2330 685 2363 hanc
715 2340 788 2363 rem
815 2331 929 2365 adfert

221 2380 416 2423 Schoppius
425 2385 544 2414 noster
554 2381 714 2423 Suspect.
723 2382 821 2414 Lect.
835 2383 858 2415 l.
870 2391 928 2415 ιιι.

221 2432 333 2474 Epist.
348 2434 380 2464 3.
402 2432 491 2465 Ritt.

267 2483 429 2524 Exorans]
442 2482 485 2514 Id
498 2486 562 2524 est,
575 2475 675 2514 'valde
686 2491 800 2522 orans,
814 2482 928 2517 effica-

224 2535 370 2567 cissimis
393 2534 526 2566 instuns
550 2533 760 2576 exorabnlis,
778 2541 818 2567 ut
833 2537 929 2579 Apu-

222 2585 280 2618 leii
293 2594 378 2617 voce
403 2588 495 2617 utar.
518 2585 652 2617 Prasck.
697 2584 753 2616 An
774 2585 834 2617 diu
845 2587 929 2618 mul-

222 2640 362 2678 tumque
379 2635 500 2667 orans?
524 2636 694 2677 quomodo
708 2636 718 2654 ‘
733 2637 931 2678 Extimere‚’

222 2686 367 2718 multum
390 2685 514 2718 timere
541 2686 631 2727 apud
658 2686 761 2727 ulios3
787 2687 928 2729 ‘Expe-

224 2734 322 2776 tere,’
334 2734 392 2767 diu
404 2735 619 2778 multumque
629 2741 767 2778 petere3
777 2737 787 2755 ⁴
798 2738 929 2779 Expos-

225 2787 363 2827 tulare,’
373 2787 519 2819 multum
530 2787 718 2828 postulare.
739 2788 927 2830 corippus:

224 2837 235 2854 ⁴
252 2838 380 2869 Exorat
406 2846 539 2880 pacem,
563 2847 627 2871 nec
642 2837 751 2871 fidere
779 2839 928 2871 millibus

666 257 810 289 No'l'AE
842 257 1108 292 VARIORUM
1146 260 1195 291 ΙΝ
1256 270 1259 273 ’

963 353 1068 390 audet
1081 353 1177 387 Tot?
1221 353 1381 386 Barthins
1395 352 1486 387 Adv.
1501 362 1594 387 xvn.
1606 355 1665 389 ss.

964 404 1009 436 ed
1033 404 1124 437 hunc
1152 405 1288 438 locum:
1319 405 1331 423 ‘
1355 404 1494 445 Exorat,
1521 413 1589 437 non
1617 403 1667 446 id,

965 455 1056 497 quod
1081 455 1183 497 vulgo
1209 456 1297 488 solet
1322 464 1458 497 sonere,
1483 454 1545 488 sed
1574 453 1666 498 quud

964 506 1058 538 valet
1073 506 1168 547 alias,
1180 506 1400 539 vehementer
1413 505 1513 540 orat!
1546 506 1666 549 Ipsum

966 555 1035 596 adi,
1067 561 1104 588 et
1132 565 1218 597 quos
1246 555 1375 590 laudat.
1425 557 1667 598 Fragmentum

966 605 1232 638 Petronianum:
1254 607 1265 625 ‘
1283 605 1427 639 Stolatae
1450 606 1548 639 ibunt
1570 606 1669 639 nudis

966 656 1112 699 pedibus
1132 656 1166 689 in
1189 657 1327 699 clivum,
1350 661 1387 690 et
1406 656 1530 690 Jovem
1545 666 1668 701 uquam

967 706 1195 740 exorabantz’
1230 707 1280 740 ita
1322 707 1523 750 suspicatur
1565 709 1646 742 olim
1656 719 1672 742 t>

967 769 1059 792 nunc
1083 758 1186 792 facile
1212 759 1383 791 assentior
1406 759 1560 801 ampliss.
1580 760 1670 794 Gro-

967 811 1084 851 novio,
1105 811 1160 844 cui
1177 819 1307 843 exorare
1321 810 1390 851 hic,
1411 810 1542 844 orando
1563 810 1674 854 {mpe-

969 864 1084 901 trnre3
1115 861 1169 894 vel
1198 865 1400 903 propterea,
1428 870 1474 894 ne
1497 861 1551 895 bis
1577 861 1674 896 idm

968 910 1098 944 dixisse
1118 911 1286 954 videatur,
1307 912 1470 955 quonium
1492 912 1674 956 praecedit,

969 962 979 980 ‘
1004 962 1140 995 Preces·
1163 962 1340 996 admovit!
1375 961 1482 1003 Schef.
1532 963 1672 996 Terent.

970 1011 1079 1046 Andr.
1096 1018 1152 1045 nt.
1167 1015 1201 1045 4.
1234 1012 1245 1031 ‘
1270 1012 1420 1046 Gnatam
1450 1017 1491 1047 ut
1513 1012 1575 1046 det
1600 1022 1673 1055 oro,

970 1064 1095 1107 vixque
1124 1064 1160 1096 id
1184 1063 1314 1097 exoro.²
1359 1065 1476 1097 Haut.
1492 1064 1622 1098 Bacch.
1638 1073 1672 1098 ν.

970 1119 1003 1148 2.
1026 1120 1081 1148 ter
1097 1120 1261 1158 quaterve
1276 1115 1378 1156 dixit,
1399 1116 1409 1133 ‘
1425 1114 1590 1148 Exorare’
1614 1115 1673 1147 ali·

971 1166 1073 1209 quid:
1098 1170 1135 1199 et
1158 1176 1193 1200 v,
1218 1169 1273 1199 82.
1294 1167 1305 1184 ‘
1329 1166 1429 1199 Hanc
1450 1166 1585 1199 veniam
1607 1166 1674 1198 illis

971 1217 1044 1249 sine
1059 1221 1096 1249 te
1109 1226 1247 1249 exorem
1259 1219 1280 1249 ε’
1302 1221 1357 1257 est
1371 1227 1453 1250 vero
1465 1217 1556 1250 idem
1569 1217 1674 1260 quod,

970 1267 1172 1309 impetrare.
1195 1267 1311 1300 Burm-

1014 1320 1034 1349 7
1069 1316 1243 1349 Fir-micres
1267 1321 1370 1359 posset
1403 1318 1521 1350 catulos
1547 1318 1674 1360 ducere]

970 1368 1056 1407 Pro,
1081 1367 1272 1400 abducere:
1294 1368 1385 1400 sicut
1406 1368 1510 1400 etiam
1537 1369 1573 1400 in
1593 1368 1674 1411 jure

971 1419 1065 1452 civili
1095 1419 1253 1460 sumitur,
1276 1418 1339 1451 sed
1364 1427 1442 1451 cum
1479 1418 1675 1461 significatu

971 1469 1181 1511 vindicandi,
1202 1479 1250 1511 pr.
1279 1470 1318 1502 12.
1338 1478 1397 1502 un.
1411 1470 1459 1503 D.
1475 1469 1520 1502 de
1533 1470 1674 1504 utrubi.

973 1521 1061 1554 Inde
1094 1522 1105 1540 ‘
1120 1521 1185 1555 Jus
1197 1519 1381 1554 ductionis’
1402 1520 1427 1552 l.
1443 1528 1504 1554 ιιι.
1523 1521 1553 1563 5.
1569 1521 1601 1553 1.
1625 1520 1674 1554 D.

973 1572 1018 1605 de
1024 1572 1083 1605 lib.
1098 1571 1213 1604 exhib.
1225 1570 1359 1604 Prasoh.
1383 1570 1529 1613 Proprie
1544 1569 1588 1604 de
1602 1570 1679 1604 bres-

974 1623 1042 1664 tiis,
1063 1633 1140 1656 cum
1165 1623 1300 1656 catulos
1323 1631 1416 1662 snos,
1444 1629 1547 1663 aegre«
1565 1621 1678 1654 adhuc

974 1674 1187 1715 incedentes,
1203 1677 1283 1715 post
1298 1682 1336 1704 se
1352 1672 1500 1704 trahunt.
1533 1671 1608 1714 Est,
1618 1672 1678 1715 qui

974 1735 1050 1768 pro,
1073 1725 1222 1757 educere
1237 1723 1385 1766 positum
1399 1722 1594 1756 existimet-t
1616 1722 1677 1755 sed

973 1776 1119 1807 alterum
1147 1774 1254 1816 magis
1293 1773 1412 1816 probo.
1469 1773 1605 1806 Punim
1634 1773 1678 1806 de

973 1826 1082 1858 cervis
1099 1829 1136 1857 et
1159 1834 1278 1857 eorum
1294 1824 1442 1856 hinnulis
1465 1823 1527 1856 lib.
1541 1831 1609 1858 vn.
1623 1825 1677 1857 82.

973 1877 984 1894 ‘
1011 1875 1066 1908 Ad
1096 1880 1274 1917 praerupta
1303 1874 1459 1907 ducunt!
1501 1874 1678 1917 Augustus

974 1927 1051 1970 ipse
1066 1926 1108 1959 nd
1124 1925 1364 1968 Agrippinum,
1385 1925 1489 1957 etiam
1512 1924 1557 1956 de
1571 1924 1680 1958 homi·

975 1977 1076 2009 nibus
1105 1980 1264 2018 usurpet,
1286 1975 1377 2018 spnd
1399 1975 1495 2008 Suet.
1513 1975 1679 2018 'Calig.8.

975 2029 986 2047 ‘
1003 2028 1155 2060 Puerum
1169 2027 1288 2059 Caium
1304 2035 1366 2060 xv·
1388 2026 1468 2059 Kal.
1481 2026 1512 2058 si
1535 2027 1598 2060 Dii
1623 2037 1682 2060 vo·

976 2079 1062 2120 lent,
1082 2083 1119 2111 ut
1134 2078 1302 2110 ducerent
1312 2077 1468 2110 'I'alurius
1483 2080 1520 2110 et
1532 2076 1682 2120 Asellus,

976 2129 1146 2162 hericum
1172 2129 1226 2160 his
1251 2127 1441 2161 constitui?
1483 2127 1558 2160 lmo
1571 2129 1682 2161 ducere

978 2180 1013 2212 in
1040 2180 1248 2219 universum,
1269 2182 1349 2221 post
1379 2187 1416 2210 se
1446 2177 1596 2219 trahere,
1623 2178 1683 2211 ha-

977 2231 1061 2263 bere
1075 2240 1190 2262 secum
1204 2230 1239 2261 in
1259 2229 1445 2271 consortio,
1466 2229 1501 2261 in
1516 2229 1683 2263 camir-tu

978 2290 1052 2314 suo.
1095 2281 1218 2313 Cicero
1245 2279 1320 2313 Att.
1345 2288 1395 2312 ιν.
1418 2282 1469 2312 11.
1491 2279 1502 2299 ⁸
1518 2280 1592 2322 Ego
1611 2289 1684 2313 me-

978 2342 1069 2372 cum,
1091 2334 1224 2373 praeter
1236 2330 1453 2372 Dionysium,
1475 2329 1558 2362 duxi
1577 2331 1683 2363 nemi-

978 2382 1082 2414 nem!
1125 2381 1252 2414 Fabius
1279 2381 1382 2413 Decl.
1405 2383 1482 2414 269.
1503 2381 1514 2399 ‘
1532 2381 1682 2413 Potestis

979 2433 1109 2476 aliquid
1135 2442 1180 2465 ex
1204 2433 1279 2474 ipso
1302 2431 1394 2473 fngae
1409 2432 1575 2465 comitatu
1588 2432 1682 2464 coffi-

980 2492 1063 2525 gere
1073 2494 1083 2523 3
1095 2492 1137 2515 ne
1149 2492 1267 2515 servos
1280 2482 1417 2525 quidem
1427 2482 1680 2524 amplins'quam

979 2532 1066 2566 duos
1077 2532 1184 2565 duxi!
1197 2533 1293 2567 Quos
1301 2533 1394 2565 locos
1402 2531 1484 2564 mibi
1493 2531 1683 2565 liberaliter

979 2592 1044 2624 pro
1064 2583 1214 2615 lectione
1230 2582 1293 2615 bac
1307 2582 1532 2625 amplissimus
1548 2582 1681 2616 Grono-

978 2634 1052 2665 vius
1074 2633 1358 2666 subministravit.
1403 2632 1522 2665 sedin
1546 2634 1681 2666 schedis

979 2685 1081 2727 regiis
1091 2689 1146 2717 est
1155 2685 1314 2717 deducere.
1358 2683 1562 2726 Suspicatur
1573 2685 1681 2718 Heiu-

978 2735 1047 2769 sius
1067 2734 1271 2777 legendnm:
1294 2734 1382 2767 Dum
1396 2734 1559 2777 firmiores
1579 2740 1682 2777 posset

979 2787 1067 2819 caula
1080 2787 1216 2826 educere,
1240 2785 1315 2817 vel:
1340 2785 1430 2816 Dum
1446 2785 1608 2828 firmiores
1632 2794 1684 2818 σα-

979 2838 1062 2870 tulos
1075 2837 1148 2869 inde
1161 2836 1335 2869 abduxerat.
1360 2835 1474 2869 Schef.
1518 2835 1681 2878 Adserip-
