1806 3236
348 202 553 240 nummu
588 201 697 234 us.
730 202 1037 236 AEsomsnum
1072 202 1170 236 mn.
1203 205 1270 238 ιν.
1301 194 1371 238 24.

119 295 304 342 mmai-e
341 297 463 341 veteri,
505 307 576 342 qua
619 298 838 334 blandientes

120 348 131 367 ‘
157 347 313 384 Patrem·
351 348 506 392 aliquem
543 354 606 383 aut
640 350 838 384 ‘Fratrem'

105 391 359 444 “app-unbem,
380 404 472 434 teste
488 401 672 443 Terentio,
688 401 839 436 Horatio

121 450 262 494 status,
275 456 316 485 ut
328 451 386 486 hic
401 451 517 486 Faber
526 453 707 486 commode
721 454 839 488 obser·

121 506 194 539 vnt-
215 501 325 544 W.

166 557 210 589 18
230 555 284 590 Ne
311 557 395 590 male
409 556 575 590 dimissam
588 558 735 599 gratiam
755 557 839 599 con]

120 606 157 648 S.
194 606 249 640 Νι
273 609 356 640 nale
383 608 552 642 dimissus.-
588 609 646 642 vel
671 610 760 652 lege,
787 610 840 642 Ne

118 657 203 693 ..ab
216 657 303 692 DIS
312 659 441 693 nissam
448 668 503 702 gr.
516 670 581 693 cor.
605 659 699 694 Gud.

165 709 258 744 Male
270 710 449 755 dianna]
484 712 672 746 Illudmale
687 710 840 746 refertur

121 758 405 805 adom-uper&-
459 764 550 797 Male
562 773 761 807 corrumpere
773 769 840 806 est,

121 811 376 858 imprudenter,
387 818 426 848 et
445 824 523 848 eum
549 825 611 849 suo
627 815 840 850 detrimento

120 873 358 908 corrumpere,
400 866 639 900 vehementius
687 876 839 901 corrum-

120 923 220 958 pere,
254 920 296 950 nt
331 918 343 937 ⁴
370 917 468 951 Male
495 919 667 962 multare:
707 921 717 938 ‘
742 920 839 953 Male

119 966 262 1010 adme:
284 973 324 1003 et
351 968 500 1012 similitu
521 971 686 1004 dimittere
711 975 778 1014 est,
803 977 842 1005 ut

121 1019 159 1054 in
182 1019 245 1054 illo
258 1021 442 1055 Ciceronis
458 1022 503 1056 de
518 1022 599 1057 Am.
625 1025 636 1043 ‘
653 1025 718 1057 Est
733 1024 840 1057 etiam

122 1071 284 1114 quaedsm
314 1073 496 1107 calamitas
534 1074 571 1107 in
601 1075 764 1108 amicitiis
790 1075 842 1108 di·

121 1122 303 1157 minandi·
339 1132 586 1169 nonnunquam
617 1125 841 1159 necessaria!

121 1173 231 1215 W.
273 1175 385 1219 Lege,
401 1177 454 1210 Ne
467 1178 550 1211 male
571 1178 723 1211 dimissus
734 1177 841 1220 grati-

121 1235 174 1266 nus
188 1235 254 1261 m.
298 1226 376 1261 Ην.
389 1237 495 1262 xxvi.
509 1232 566 1263 20.
581 1232 591 1248 ‘
601 1230 758 1263 Tandem
770 1240 842 1263 ma-

115 1276 197 1320 jore
212 1277 338 1321 gratia,
353 1289 458 1323 quam
475 1286 632 1323 venerat,
656 1281 777 1314 classis
790 1281 842 1314 di-

120 1329 228 1364 missa
241 1330 322 1366 est.'
346 1333 394 1366 Et
408 1332 467 1366 lib.
482 1342 591 1368 xum.
609 1336 662 1367 14.
679 1334 842 1368 §Gn-atio-

122 1381 353 1417 sadimissio!
399 1384 448 1418 Et
476 1393 579 1420 xuv.
602 1388 636 1418 3.
659 1386 718 1419 ‘Si
737 1386 842 1420 Vale-

120 1433 175 1467 ria
206 1432 343 1468 Antiati
370 1435 507 1477 credas,
529 1445 595 1470 nec
621 1438 730 1471 classe
746 1438 842 1481 adju·

102 1484 258 1519 *tun-n
271 1495 315 1521 eo
331 1486 529 1522 Pretorem
557 1498 648 1531 esse,
669 1499 734 1523 nec
762 1499 842 1523 cum

122 1536 238 1579 gmi-
261 1537 307 1571 ab
332 1539 474 1573 consule
498 1539 696 1583 profectum
713 1541 747 1576 in
765 1541 843 1575 Asi-

123 1586 200 1635 μηδ
222 1587 341 1623 Heia.

167 1639 407 1684 Comeret]
422 1640 608 1676 Perdet-et.
623 1643 735 1678 Tacit.
751 1643 843 1678 Ann.

123 1699 188 1724 ιν.
203 1693 259 1725 71.
281 1692 298 1712 ⁴-
308 1692 468 1736 Veniam,
493 1704 595 1736 quam
617 1695 663 1728 ab
687 1696 843 1739 Impera-

123 1746 202 1776 tore
218 1749 427 1786 semiper-t,
450 1745 606 1779 vanitate
627 1747 742 1780 exitus
766 1757 844 1781 cor·

123 1793 219 1836 rupit
231 1793 254 1826 :’
277 1803 353 1837 pro,
366 1793 455 1828 fecit
469 1797 614 1832 utnulla
630 1802 738 1831 esset.
785 1799 844 1832 Sic

124 1844 224 1878 multi
238 1845 308 1879 ulii.
353 1846 482 1880 Sensus
495 1851 532 1880 et
543 1848 652 1882 ordo:
678 1850 735 1883 Ne
752 1851 843 1884 male

122 1900 365 1939 corrumperet
393 1898 555 1941 gratiam,
578 1899 610 1932 si
634 1909 712 1933 eam
727 1900 844 1934 dimit-

123 1951 230 1991 teret,
259 1957 302 1982 ac
331 1953 513 1983 recusaret
531 1949 695 1984 oblatam.
739 1951 846 1995 Legit

124 2000 244 2032 tamen
270 1999 501 2043 amplissimus
536 2001 758 2036 Gronovius:
792 2005 846 2036 Ne

123 2050 206 2084 mle
233 2051 430 2085 mma-tuam
455 2052 601 2095 gratiam
628 2054 845 2097 dirumperet:

124 2112 167 2136 sc
196 2103 366 2146 exponit:
393 2102 635 2148 ‘Amicitiam‚
663 2106 763 2139 tenui
786 2106 845 2140 filo

124 2153 340 2197 pendentem
358 2160 398 2190 et
412 2156 471 2189 vix
486 2156 733 2201 cohaereutem,
747 2168 845 2201 pror-

125 2216 185 2240 sus
218 2205 403 2243 dissueret.
440 2209 690 2253 Commissum:
737 2211 846 2254 addit,

123 2259 136 2279 ‘
153 2259 349 2302 eleganter,
383 2264 425 2294 ut
460 2261 613 2295 Plumbo
640 2263 847 2305 commissa,’

125 2310 220 2354 apud
247 2311 466 2346 Juvenalem.
511 2313 602 2346 Male
638 2314 845 2357 comissam,

126 2368 166 2396 ut
188 2362 333 2396 Sueton-
360 2363 489 2398 Octav.
511 2366 566 2398 17.
602 2364 612 2383 ‘
628 2364 744 2399 Marci
773 2365 846 2399 An-

127 2414 213 2448 tonii
240 2415 446 2448 societatem
469 2425 609 2459 semper
626 2415 782 2459 dubiam,
797 2417 846 2450 in·

127 2471 273 2509 certam,
302 2468 712 2513 reconciliationibusque
740 2470 846 2504 variis

126 2519 216 2552 male
249 2517 456 2562 focillatam,
501 2519 643 2563 abrupit
679 2521 846 2555 tandem!

128 2569 253 2603 Horat.
269 2571 339 2613 Ep.
363 2570 423 2604 lib.
438 2580 465 2603 1.
481 2573 514 2604 8.
549 2571 560 2589 ‘
572 2569 628 2603 An
647 2571 738 2604 male
751 2577 847 2606 sarta

125 2620 254 2655 Gratia
267 2623 500 2666 nequicquam
516 2622 603 2664 coit,
628 2627 668 2656 et
681 2623 847 2657 rescindi-

128 2672 219 2707 tur?
256 2673 365 2714 Schts.
408 2674 446 2708 Si
482 2673 619 2707 Heinsii
643 2675 848 2718 conjectura

129 2723 260 2766 piacet,
285 2725 430 2766 gratiam
454 2735 650 2769 corrumpere
673 2727 847 2770 explicem

130 2784 209 2817 pro,
238 2776 427 2810 amicitiam
459 2786 634 2820 rumpere,
668 2783 707 2811 ut
741 2778 847 2814 Ovid.

129 2825 165 2858 iu
190 2825 269 2859 Ibin
295 2829 349 2861 3⁰.
374 2827 512 2864 ‘Quam
538 2829 620 2862 mihi
646 2828 693 2863 sit
719 2834 849 2873 tecum,

1517 195 1606 239 655

888 299 1012 344 positis
1038 311 1116 345 quae
1140 300 1323 335 sumsimus
1344 301 1461 346 armis,
1483 302 1608 338 Gratia

888 352 1092 394 commissis,
1104 354 1275 397 improbe,
1290 359 1396 398 rupta
1411 355 1478 388 tuis
1491 354 1512 389 :'
1526 365 1607 389 nam

889 403 993 437 aliter
1019 404 1162 446 gratiam
1197 415 1397 448 corrumpere
1432 406 1608 450 dicuntur,

889 456 947 500 qui
962 456 1135 490 beneficia
1156 457 1243 491 dant
1259 458 1423 502 maligne,
1439 468 1508 492 non
1525 459 1610 501 cito,

888 516 957 540 non
973 517 1018 540 ex
1034 507 1163 549 animo,
1183 510 1250 542 &c-
1279 509 1404 543 Senec.
1421 509 1465 542 de
1480 509 1607 542 Benef.

889 567 916 592 1.
928 562 958 593 1.
986 560 996 578 ‘
1014 559 1244 602 Ita·gratiam
1259 570 1396 594 omnem
1420 561 1610 604 corrumpi-

890 620 976 652 mus,
991 621 1060 644 non
1078 615 1214 645 tantum
1238 615 1424 655 postquam
1449 612 1608 646 dedimus

890 661 1076 704 beneficia,
1105 663 1168 695 sed
1200 663 1280 696 dum
1311 663 1433 696 damus
1444 663 1467 696 :’
1495 667 1533 697 et
1556 664 1610 697 ita

888 714 964 747 haec
987 713 1094 747 verba
1113 724 1183 747 non
1206 714 1420 748 Simonidem
1437 714 1498 749 sed
1515 716 1609 758 Pyc-

891 770 962 799 tam
973 770 1190 808 spectarent.
1234 766 1307 799 Pro
1333 766 1503 800 Gronovii
1528 776 1610 800 cou-

883 817 1024 860 jectura
1038 821 1155 851 essent
1170 817 1231 850 illa
1242 817 1387 851 Petrou.
1399 827 1509 852 cxm.
1523 819 1533 837 ⁸
1543 819 1612 852 Ve-

891 869 979 902 ritus
993 879 1038 903 ne
1062 869 1156 903 inter
1178 869 1280 902 initia
1305 869 1464 903 co'e'untis
1488 869 1611 913 gratiae

890 925 1071 954 recentem
1084 921 1288 955 cicatricem
1300 921 1540 954 rescinderet!
1554 921 1613 955 Au

891 975 930 1005 et
943 972 1011 1006 huc
1035 972 1146 1016 possit
1174 971 1292 1006 facere
1319 972 1499 1006 Ciceronis
1513 973 1613 1006 lacus

890 1032 937 1055 ex
964 1022 1020 1057 Ad
1047 1024 1143 1057 Fam.
1165 1033 1210 1057 11.
1237 1027 1291 1057 16.
1315 1023 1326 1042 ‘
1340 1022 1414 1056 Aut
1429 1027 1469 1057 ut
1483 1033 1539 1057 me
1555 1033 1614 1056 ex-

891 1074 1066 1108 istimares
1079 1079 1150 1108 tam
1160 1076 1429 1116 inconstantem,
1437 1078 1478 1108 ut
1489 1075 1614 1109 conec-

891 1130 966 1160 tam
997 1128 1146 1170 gratiam
1189 1126 1427 1161 fiorentissimi
1465 1126 1613 1159 hominis

891 1177 1144 1213 effunderem?
1181 1179 1252 1213 Sed
1270 1178 1327 1212 vix
1345 1182 1439 1221 puto.
1484 1177 1614 1211 Athae·

891 1239 951 1262 reo
969 1230 1004 1263 in
1019 1230 1085 1263 hoc
1101 1231 1189 1264 loco.
1233 1229 1393 1263 Voluisse
1410 1235 1526 1263 tamen
1548 1229 1613 1262 ite-

891 1291 968 1314 rum
983 1282 1166 1315 avaritiam
1180 1281 1367 1316 Simonidis
1377 1286 1501 1314 notare
1515 1282 1616 1314 Pine-

892 1332 976 1366 drus
993 1332 1145 1375 videtur,
1160 1333 1232 1377 qui,
1254 1333 1339 1365 licet
1365 1331 1548 1365 fraudatus
1565 1342 1616 1365 es-

892 1388 961 1427 set,
976 1384 1117 1418 nolebat
1133 1388 1250 1418 tamen
1266 1383 1412 1417 hominis
1429 1388 1500 1417 tam
1516 1383 1614 1417 nobi-

892 1436 935 1469 lis
960 1441 998 1470 et
1024 1436 1178 1480 potentis
1203 1436 1352 1479 gratiam
1379 1435 1544 1478 perdere,
1570 1445 1615 1468 ne

893 1488 974 1522 inde
1004 1490 1039 1522 iu
1071 1489 1260 1522 ludibrium
1290 1489 1428 1522 veniret
1456 1489 1615 1530 aliorum,

895 1540 965 1583 qui,
980 1541 1045 1574 boc
1067 1540 1229 1582 exemplo
1257 1540 1355 1581 moti,
1381 1543 1507 1582 postea
1523 1539 1615 1572 simi-

893 1592 963 1624 lem
979 1591 1046 1633 ipsi
1059 1590 1218 1624 fraudem
1233 1590 1412 1632 facerent3
1435 1599 1543 1634 quare
1557 1600 1617 1623 vo-

894 1643 961 1675 luit
983 1643 1155 1676 interesse
1185 1642 1356 1685 convivio,
1383 1652 1438 1684 ne,
1469 1642 1498 1674 si
1525 1643 1616 1675 male

895 1693 1070 1735 dimissus,
1086 1699 1122 1727 et
1139 1693 1218 1727 ideo
1240 1694 1350 1727 iratus
1378 1694 1617 1736 abstinuisset,

896 1745 1019 1788 reliqui
1030 1745 1164 1778 scirent
1175 1745 1244 1787 ipsi
1260 1745 1457 1778 mercedem
1476 1750 1616 1788 pactam

895 1802 1071 1840 negatam.
1138 1797 1314 1831 Veniebat
1344 1803 1381 1831 et
1403 1799 1437 1830 in
1462 1804 1617 1832 mentem

897 1850 951 1882 Ne
965 1850 1045 1882 male
1067 1849 1204 1882 ditn'sam
1220 1849 1364 1891 gratiam
1383 1854 1596 1892 corrumperet
1607 1862 1618 1883 .·

895 1901 1022 1943 gratia,
1048 1910 1152 1943 quam
1175 1901 1264 1933 solus
1292 1900 1445 1934 debebat
1472 1901 1619 1945 Pyctes,

895 1953 986 1985 male
1001 1957 1078 1986 erat
1090 1952 1212 1995 divisa,
1226 1957 1264 1986 et
1280 1963 1360 1995 pars
1375 1954 1451 1996 ejus
1467 1954 1618 1987 redden-

896 2004 942 2037 da
957 2005 1094 2038 Castori
1117 2009 1155 2038 et
1176 2005 1312 2037 Polluci
1329 2005 1514 2047 assignata.
1560 2007 1617 2040 Ne

896 2060 1071 2098 praeterea
1085 2066 1148 2088 suo
1174 2054 1271 2089 facto
1292 2056 1389 2089 Deos
1406 2055 1617 2101 offenderet,

896 2108 996 2151 quasi
1013 2106 1190 2140 diffideret
1216 2108 1293 2141 illos
1319 2118 1422 2151 posse
1438 2109 1524 2142 duas
1539 2119 1618 2153 par-

897 2164 951 2192 tes
987 2159 1150 2200 reddere,
1181 2159 1293 2192 noluit
1326 2169 1445 2192 eorum
1480 2171 1617 2204 quoque

896 2210 1042 2253 gratiam
1058 2210 1124 2243 sibi
1146 2210 1312 2245 minuere.
1358 2212 1451 2245 Nam
1479 2223 1618 2246 corrum-

892 2271 969 2305 pere
984 2265 1053 2303 est,
1069 2260 1294 2303 deteriorem,
1308 2262 1478 2296 minorem
1487 2262 1619 2306 facere,

895 2318 936 2347 ut
949 2314 1062 2346 nullus
1086 2313 1167 2346 inde
1183 2313 1228 2346 ad
1249 2323 1312 2347 nos
1327 2313 1462 2348 fructus
1483 2315 1617 2350 redeat.

897 2365 956 2399 Sic
975 2364 1125 2399 Ovidius
1149 2364 1269 2398 Amor.
1294 2373 1336 2398 ιι.
1361 2368 1414 2399 19.
1431 2369 1486 2400 58.
1509 2368 1519 2386 ‘
1534 2368 1618 2400 Cor-

897 2417 1030 2460 rumpis
1059 2416 1144 2450 vitio
1173 2416 1298 2460 gaudia
1323 2422 1444 2451 nostra
1460 2422 1521 2452 tuo
1531 2418 1555 2452 :'
1580 2423 1618 2453 et

896 2469 1066 2512 Propert.
1096 2477 1141 2502 11.
1170 2471 1222 2502 12.
1250 2471 1303 2502 11.
1327 2469 1338 2488 ⁴
1355 2469 1435 2502 Non
1454 2469 1559 2513 juvat
1582 2471 1618 2505 in

897 2530 992 2554 caeco
1022 2521 1198 2553 Venerem
1228 2530 1452 2563 corrumpere
1483 2527 1580 2555 motu
1595 2521 1618 2556 τ’

895 2573 955 2606 ubi
986 2571 1067 2605 vide
1084 2571 1294 2604 Broukhusii
1323 2576 1436 2605 notas.
1480 2563 1617 2606 Heinsii

897 2627 1016 2657 tamen
1043 2623 1220 2667 sequimur
1248 2623 1447 2657 lectionem.
1493 2625 1616 2659 Dimit-

895 2678 965 2708 tere
980 2678 1098 2707 autem
1114 2679 1151 2707 et
1175 2675 1318 2708 dividere
1336 2685 1356 2708 a
1371 2675 1521 2709 librariis
1537 2687 1616 2710 con-

897 2725 996 2760 fundi
1023 2726 1130 2759 didici
1161 2735 1205 2759 ex
1233 2726 1340 2760 ovid.
1363 2727 1453 2762 Met.
1467 2737 1525 2763 ιιι.
1539 2731 1615 2764 381.

899 2779 1016 2812 Bur-m.

944 2835 986 2866 19
1011 2831 1140 2875 Rediit]
1178 2831 1352 2877 Accessit,
1375 2834 1470 2867 veuit
1502 2834 1616 2868 denuo
