1806 3236
429 193 692 232 nnmsus
727 199 1017 233 nnirlonum
1060 201 1281 235 PnAEnm.
1520 194 1608 239 ⁷17

128 297 359 340 «beneditio
370 298 580 352 judicibus
600 299 759 340 laudata
778 307 840 341 est
858 301 994 342 liaecce
1013 302 1250 343 Burmannie
1269 302 1369 343 ditio
1384 305 1401 351 ς’
1426 303 1543 356 cujus
1572 307 1608 347 si

25 340 54 385 χ’
126 364 322 405 obfuisset
335 377 471 419 opera,
486 365 612 405 Gudii
620 371 661 406 et
677 365 827 406 Heinsii
844 367 1000 408 labores
1012 381 1213 421 nunquam
1232 367 1335 409 forte
1351 369 1605 421 prodiissent.

178 429 407 471 -Phaedri
429 423 603 478 Fabulae,
622 445 715 472 cum
744 432 850 473 notis
873 433 1025 473 Varior.
1057 435 1272 474 Burmann.
1302 434 1606 485 Amstelodami,

123 493 231 548 apud
252 495 438 536 Wolters.
466 502 490 537 8
511 495 814 548 maj.·-Eadem
829 497 949 537 editio
967 511 1059 539 cum
1075 498 1284 552 superiori,
1296 499 1451 540 omissis
1464 500 1606 548 Gudii,

126 559 303 611 lug-alfii,
322 566 363 601 et
381 561 632 602 Rittershusii
650 563 968 603 Commentariis.

178 648 237 658 —
257 625 463 674 Pbaedrus,
482 638 574 666 cum
593 626 696 667 notis
715 628 922 668 Schefferi.
944 629 1071 682 Hagae
1091 629 1206 669 Com.
1227 636 1290 671 12.

179 715 234 722 —
252 690 507 744 Mythologia
526 691 693 731 metrica
707 697 747 731 et
767 693 936 740 moralis,
959 693 1038 733 sive
1058 694 1295 734 Fabularum
1317 705 1395 734 xv,
1422 700 1602 736 auctores

124 757 256 798 Latini
288 761 331 796 et
359 762 509 796 veteres
543 756 748 808 plerique;
777 758 846 809 qui
865 761 1001 810 (prout
1032 759 1191 798 nomina
1219 772 1354 799 eorum
1376 773 1488 800 versa
1517 761 1604 800 haec

123 823 268 876 pagina
303 821 442 872 docet)
479 831 608 861 ecel..
642 820 811 870 fabulas,
849 823 956 862 vario
989 823 1175 863 carminis
1210 837 1364 876 genere,
1404 824 1446 864 in
1479 825 1607 866 varios

125 898 266 936 mores,
286 887 498 940 variosque
518 900 610 926 usus
629 888 727 927 scite
747 887 951 940 quondam
978 889 1266 941 conscripsere.
1324 890 1455 942 Opus,
1486 890 1606 930 scho-

123 952 273 992 lasticae
285 951 491 1004 juventuti
509 951 772 999 utilissimum,
787 959 829 992 et
848 952 922 992 hac
942 953 1096 992 ratione
1113 966 1316 1005 nunquam
1336 960 1450 993 antea
1465 955 1606 995 visum.

124 1017 201 1058 Cui
217 1017 258 1057 in
277 1017 358 1058 fine
377 1016 606 1069 adjungitur
624 1017 761 1057 harum
781 1017 1002 1057 fabularum
1022 1024 1108 1057 tum
1129 1019 1361 1066 Auctorum,
1380 1024 1464 1058 tum
1486 1032 1605 1072 argu-

123 1088 348 1123 mentorum
379 1082 507 1122 Index
526 1082 838 1134 copiosissimus.
868 1083 1103 1136 Hamburgi,
1124 1084 1233 1136 apud
1255 1083 1370 1134 Benj.
1401 1083 1606 1124 Schillern.

125 1148 395 1189 8.—Cnrator
415 1147 533 1200 hujus
562 1146 748 1187 editionis
778 1155 842 1188 est
867 1150 932 1189 Jo.
964 1149 1203 1196 Schultzius,
1236 1150 1300 1189 Jo.
1323 1149 1416 1189 Alb.
1439 1149 1609 1189 Fabricii

124 1213 327 1266 quondam
346 1226 472 1254 socer.
502 1213 641 1253 Insunt
658 1227 737 1254 non
758 1227 897 1266 paucae
916 1214 1074 1254 Phaedri
1093 1214 1255 1261 fabulae,
1276 1213 1426 1253 additis
1440 1215 1606 1254 aliorum

122 1272 329 1319 auctorum
347 1278 493 1318 fabulis
512 1278 652 1318 similis
671 1280 907 1330 argumenti.

176 1337 233 1376 ὲ-
253 1345 283 1384 F
284 1344 490 1384 abulat-um
506 1344 778 1397 AEsopicarum
800 1344 1003 1383 Delectus.
1059 1345 1150 1395 (Gr.
1173 1344 1297 1384 Hebr.
1314 1344 1440 1383 Arab.
1456 1350 1498 1384 et
1517 1344 1605 1385 Lat.

123 1421 208 1450 cur.
229 1410 277 1450 A.
297 1409 454 1461 Alsop.)
482 1409 666 1456 Oxoniae,
685 1423 708 1449 e
722 1409 899 1449 Theatro
919 1409 1109 1449 Sheldon.
1132 1409 1367 1449 Excudebat
1381 1411 1446 1450 Jo.
1461 1409 1606 1449 Croke.

126 1479 150 1514 8
180 1474 524 1526 maj.—Continet
553 1484 704 1512 Lxxn.
736 1473 894 1512 Phaedri
930 1473 1102 1513 fabulas.
1133 1473 1250 1513 Conf.
1295 1473 1462 1514 Fabricii
1503 1473 1608 1513 Bibl.

124 1540 199 1581 Gr.
217 1539 339 1578 Tom.
361 1549 395 1578 1.
415 1551 509 1592 pag.
527 1537 623 1583 647.
641 1537 706 1577 ed.
728 1537 886 1577 Harles.

181 1596 287 1652 1699
313 1602 472 1644 Pbaedri
491 1604 598 1655 Aug.
617 1601 711 1642 Lib.
733 1601 971 1641 Fabularum
991 1604 1130 1654 AEsop.
1154 1603 1264 1643 Libri
1294 1614 1337 1642 V.
1374 1603 1414 1642 in
1441 1603 1606 1656 gratiam

125 1668 316 1708 studiosae
329 1667 555 1720 juventutis
573 1667 676 1707 notis
690 1667 888 1716 illustrati,
909 1681 1004 1707 cura
1017 1669 1119 1708 Dav.
1135 1669 1187 1708 ab
1208 1668 1491 1721 Hoogstraten.
1511 1669 1608 1708 Am-

126 1728 350 1774 stelodami.
374 1720 728 1775 12.—Laudantur
746 1731 1030 1785 Hoogstratani
1049 1738 1168 1782 notae,
1199 1740 1246 1774 ut
1272 1732 1440 1773 eruditae
1460 1740 1500 1773 et
1518 1746 1607 1786 per-

125 1798 291 1851 spicuae.
304 1795 370 1838 Cf.
389 1809 428 1837 a.
454 1802 573 1843 1701.

182 1867 289 1909 1700
317 1860 474 1910 Phaedri
493 1861 669 1909 Fabulae,
706 1875 798 1902 cum
835 1862 997 1915 integris
1027 1862 1160 1911 Fabri,
1197 1863 1396 1913 Neveleti,
1428 1862 1608 1903 Praschii

125 1927 244 1975 notis,
263 1926 409 1968 additis
425 1926 472 1967 P.
491 1926 578 1979 Syri
598 1927 749 1967 Mimis.
770 1928 1046 1980 Franequerae.
1071 1935 1131 1970 12.

179 2015 235 2023 --
253 1991 457 2040 Phaedrus‚
477 2005 568 2031 cum
593 1991 694 2031 notis
722 1992 869 2032 Christ.
889 1991 1092 2032 Junckeri.
1112 1993 1322 2033 Accedunt
1350 1993 1552 2047 Symposii
1566 1999 1607 2033 et

125 2057 293 2097 aliorum
313 2056 550 2110 AEnigmata.
572 2056 729 2107 Lipsiae.
756 2063 820 2097 12.

186 2127 284 2169 1701
316 2121 509 2162 Johnsoni
526 2132 558 2160 1.
578 2120 739 2160 Phaedri
758 2122 861 2172 Aug.
883 2121 973 2160 Lib.
1005 2121 1245 2161 Fabularum
1264 2122 1400 2175 AEsop.
1429 2122 1539 2162 Libri
1558 2134 1602 2164 V.

125 2186 244 2229 Notis
263 2186 472 2228 doctorum
502 2185 788 2231 sehetioribus,
824 2185 1016 2237 novisque
1045 2186 1193 2238 passim
1222 2192 1265 2226 et
1292 2187 1534 2239 conjecturis
1564 2193 1609 2227 et

125 2251 459 2304 explicationibus
488 2251 685 2298 illustrati,
701 2263 823 2304 opera
840 2250 989 2290 Thom.
1019 2252 1212 2292 Johnson.
1260 2253 1305 2291 In
1327 2266 1439 2292 usum
1459 2251 1607 2295 scholae

126 2308 350 2367 Etonensis.
387 2316 573 2365 Londini,
607 2316 717 2369 apud
756 2317 846 2356 Car.
883 2314 1050 2368 Harper,
1079 2317 1189 2357 Sam.
1220 2316 1365 2366 Smith,
1397 2324 1477 2358 cet.
1512 2323 1608 2358 8.-

127 2382 248 2423 Notae
267 2389 360 2423 sunt
378 2381 606 2435 perbreves.

182 2469 238 2477 —-·
257 2447 416 2487 Phaedri
436 2449 541 2500 Aug.
562 2447 651 2487 Lib.
673 2446 910 2486 Fabularum
926 2446 1062 2498 AEsop.
1082 2445 1192 2485 Libri
1204 2456 1247 2486 V.
1263 2445 1611 2493 Notisrillustruvit

128 2512 170 2552 in
200 2525 316 2552 usum
349 2513 433 2553 Ser.
461 2513 655 2564 Principis
685 2512 871 2552 Nassavii
900 2513 1003 2552 Dav.
1036 2513 1366 2564 Hoogstratanus.
1397 2511 1609 2552 Accedunt

126 2577 308 2630 ejusdem
328 2590 446 2630 opera
465 2577 548 2618 duo
568 2577 740 2626 Indices,
773 2591 941 2630 quorum
970 2577 1079 2630 prior
1097 2585 1158 2616 est
1176 2577 1351 2616 omnium
1381 2577 1608 2626 verborum,

129 2643 254 2684 multo
275 2656 395 2697 quam
409 2644 580 2684 antehac
594 2643 846 2697 locupletior,
880 2643 1077 2697 posterior
1094 2655 1246 2691 eorum,
1279 2655 1369 2695 quae
1397 2641 1611 2682 observatu

131 2698 250 2760 digna
279 2709 319 2748 in
351 2708 470 2748 Notis
499 2715 728 2749 occurrunt.
769 2707 1070 2756 Amstelodami,
1107 2721 1155 2747 ex
1186 2706 1454 2761 typographia
1473 2706 1614 2747 Franc-

133 2773 301 2814 Halmae.
332 2780 359 2814 4
390 2773 488 2826 maj.
518 2787 558 2814 c.
577 2772 675 2828 figg.
695 2772 1038 2814 nitidiss.-—Conf.
1059 2785 1124 2813 an.
1151 2772 1269 2821 1699.
1300 2771 1440 2813 Editor
1468 2772 1612 2826 pricae-

131 2849 263 2889 puam,
293 2851 459 2891 eamque
478 2838 732 2890 laudabilem,
762 2849 924 2892 operam
956 2837 1090 2891 posuit
1115 2837 1157 2879 in
1178 2838 1428 2880 emendando
1449 2842 1580 2877 metro
1595 2851 1608 2884 ς
