1806 3236
345 199 548 238 rmnnm
584 198 691 232 rsa.
722 194 1026 229 assemanum
1061 193 1158 225 mn.
1192 193 1239 224 v.
1269 181 1312 225 8.

92 298 199 334 Notis
214 297 407 341 imponere.
445 295 534 328 Βία.

137 355 156 386 1
187 351 256 385 Cur
266 349 329 393 sit]
365 348 458 385 Quid
473 349 540 382 hoc
556 346 723 380 monstri?
746 350 805 379 aut

92 401 262 448 quomodo
271 401 424 435 cohaeret
434 399 548 434 oratio
560 399 572 431 ?
591 398 672 432 Non
682 396 806 430 dubito

92 455 178 500 quin
205 453 373 497 seriptum
402 452 457 486 liic
490 450 618 484 fuerit:
659 449 716 482 Vir
740 449 808 487 sit,-

85 506 195 541 Ἔπο
201 505 291 550 ἀνὴρ,
301 505 368 539 hoc
379 509 447 547 est,
455 504 632 547 pingatur.
646 499 808 535 Formula

91 557 260 604 loquendi
283 567 305 590 a
327 554 581 590 mathematicis
607 556 732 592 sumta,
749 551 808 594 qui

91 610 223 643 lineam
238 608 296 641 vel
309 607 478 642 circulum
498 606 649 648 aliquem
663 603 807 646 pingere

86 660 254 704 ⁸iubentes
289 657 408 692 dicere
434 656 573 697 solent:
612 655 622 673 ‘
649 653 725 697 Sit‚'
752 653 809 686 vel

93 711 108 756 ⁸,
119 709 230 752 Esto:
242 711 310 743 &1:-
339 708 428 743 Βία.

139 759 394 806 Cursu-uolucri]
417 758 532 792 Alatis
546 756 704 800 pedibus·
727 754 811 789 vid.

95 813 262 848 Graeeum
276 812 400 855 Epigr-
421 809 607 852 Posidippi
621 808 810 850 Antholog.

97 864 141 899 eis
154 863 286 906 ἄγαλμα
297 862 497 906 τοῦΚιιιροῦ.
523 862 605 903 Rig.

103 949 107 953 ,
138 915 300 958 fenden]
336 915 541 958 Eleganter,
579 922 659 956 pro,
686 910 812 945 leviter

96 967 276 1007 insistens,
290 971 331 1000 ut
346 966 405 999 vix
417 965 583 1008 attingat.
627 962 812 999 Quomodo

96 1019 112 1064 ἦ
121 1018 343 1062 Pendentem
366 1015 532 1058 manum‚’
562 1025 626 1059 pro
648 1015 709 1048 vix
735 1018 812 1046 tan·

98 1074 205 1116 gente
218 1068 404 1112 usurpavit
425 1067 581 1101 Pacatus
595 1070 715 1099 noster
731 1074 762 1097 c.
777 1066 811 1097 3.

96 1121 157 1155 ubi
172 1120 253 1154 vide
267 1129 345 1164 quae
360 1123 520 1152 notamus
540 1118 576 1151 in
589 1116 744 1151 editione
759 1125 812 1149 se·

97 1171 224 1206 cunda.
260 1170 368 1205 Ovid.
381 1169 427 1203 de
449 1169 584 1203 Perseo
609 1177 673 1211 per
695 1167 813 1200 aerem

98 1224 312 1267 ambulante,
333 1223 424 1257 Met.
445 1222 508 1257 lib.
529 1231 581 1255 tv.
620 1223 630 1240 ‘
656 1221 813 1263 Cumque

97 1287 204 1321 super
227 1275 381 1320 Lybieas
404 1275 520 1308 victor
543 1273 715 1317 penderet
737 1281 812 1304 are-

97 1327 182 1362 nas?
213 1326 378 1362 Heinsius
401 1325 446 1360 de
468 1325 534 1358 hoe
558 1325 636 1358 loco
665 1322 710 1356 ad
735 1332 812 1356 me:

96 1380 112 1419 ‘-
123 1378 313 1413 Salmasius
329 1377 375 1411 ad
400 1377 496 1411 Hist.
521 1375 616 1419 Aug.
641 1378 718 1409 323.
746 1374 815 1408 dis-

99 1431 251 1475 tinguit:
290 1431 397 1463 curu
425 1429 559 1467 odacri,
594 1419 744 1468 pendens,
778 1426 816 1458 in

97 1484 259 1518 nomia.
314 1481 390 1514 Imo
419 1481 566 1522 pendensv
586 1477 621 1510 in
650 1478 815 1518 novacula,

99 1537 159 1580 qui
197 1533 293 1569 volat
321 1541 436 1581 'super
469 1529 687 1563 novaculam.
754 1528 814 1560 Sic

99 1590 110 1624 ⁸,
123 1586 279 1631 pendere
289 1585 324 1622 iu
334 1584 416 1618 aiire
427 1583 437 1598 ’
461 1591 544 1616 aves
558 1580 684 1624 passim
694 1578 815 1611 dicun-

100 1644 170 1684 tur.
213 1637 295 1673 nan
339 1639 457 1670 tamen
479 1632 739 1667 distinctionem
757 1631 816 1664 Ri-

101 1690 229 1737 galtins
255 1689 299 1722 ad
337 1687 396 1721 ‘sit
422 1684 608 1729 posteriori
638 1681 818 1716 editione?

101 1743 250 1787 Optime
259 1740 352 1786 haud
365 1739 483 1773 dubie.
527 1737 734 1780 Probatque
747 1745 817 1768 am-

101 1794 194 1841 plius
199 1789 383 1837 Virgilius,
390 1800 492 1836 quem
501 1789 649 1824 subinde
659 1787 816 1831 respicit.

103 1845 198 1891 Nam
214 1850 252 1879 et
271 1846 349 1888 ipse
371 1844 447 1878 AEn.
473 1841 536 1876 lib.
550 1850 578 1874 ι.
602 1850 654 1874 vs.
671 1842 748 1873 110.
772 1838 818 1871 de

102 1896 346 1940 navigantibus
359 1895 396 1928 in
413 1897 638 1936 tempestate,
651 1891 721 1924 isto
741 1899 818 1923 seu-

105 1959 165 1989 su:
201 1949 212 1966 ‘
227 1947 278 1981 Hi
299 1955 430 1980 summo
446 1944 481 1976 in
507 1942 614 1976 fluctu
637 1939 818 1984 pendent)

105 2001 313 2042 Quanquam
335 2007 413 2030 cum
435 1994 640 2028 novaculam
662 1994 697 2026 in
715 2002 821 2025 manu

105 2051 222 2096 potius
248 2049 402 2092 tingatur
425 2046 566 2087 habere,
587 2054 691 2088 quam
712 2044 744 2076 ei
770 2043 820 2076 in·

106 2103 242 2145 sistere,
256 2105 297 2134 ut
313 2101 424 2144 liquet
443 2108 488 2131 ex
502 2095 716 2138 Anthologia
728 2095 752 2127 l.
767 2104 821 2128 xv.

106 2154 251 2198 aliisque
266 2151 363 2194 locis,
386 2153 535 2194 possunt
549 2148 659 2182 verba
672 2148 707 2180 in
726 2156 821 2180 nova-

106 2206 176 2240 cula
201 2214 357 2239 seorsum
381 2202 426 2236 de
449 2201 651 2235 novaculam
675 2202 822 2242 gerente

107 2255 312 2300 accipienda
331 2253 454 2287 videri.
498 2250 682 2287 Quomodo
706 2249 823 2293 poetae

107 2310 221 2344 solent
228 2307 364 2351 saepius.
374 2305 481 2339 Ovid.
492 2305 583 2337 Met.
592 2312 675 2336 vui.
687 2304 823 2335 vs.3ls.

107 2365 118 2382 ⁸
137 2359 264 2394 Primis
275 2358 382 2392 etiam
398 2365 490 2389 nunc
503 2355 635 2388 Nestor
645 2354 680 2386 in
697 2352 825 2386 armis!

110 2412 170 2445 Sic
184 2410 277 2443 enim
305 2406 489 2451 legendum
515 2410 637 2438 censet
661 2403 752 2437 Nob.
775 2403 823 2437 N.

110 2460 278 2497 Heinsius
300 2469 342 2492 eo
366 2459 457 2500 loco,
479 2456 539 2489 ubi
563 2456 666 2499 plura
691 2455 736 2488 de
758 2454 825 2488 hoc

109 2522 248 2558 genere.
305 2510 387 2553 Ipse
412 2507 593 2551 Virgilius,
624 2516 725 2551 quem
755 2505 825 2539 fors

110 2567 244 2601 Noster
260 2561 431 2606 respexit,
446 2560 507 2593 lib.
522 2569 558 2592 v.
574 2569 626 2592 vs.
640 2561 695 2591 85.
730 2559 740 2577 ‘
754 2558 826 2592 Oc·

111 2617 225 2652 currit
246 2614 408 2653 Acestes,
438 2611 612 2645 Horridus
627 2610 662 2643 in
671 2609 824 2653 jaculis!

111 2669 255 2709 Servius
264 2666 393 2701 ibidem
408 2677 416 2698 :
433 2665 442 2683 ‘
457 2664 499 2697 In
508 2662 648 2706 jaculis,
658 2662 693 2694 iu
705 2661 825 2694 hastis.

113 2723 264 2757 Ennius:
309 2722 321 2740 ‘
348 2721 529 2761 Levesque
561 2720 756 2759 sequuntur
789 2715 826 2748 in

113 2773 246 2810 hastis.¹
257 2773 268 2790 ’
314 2772 384 2806 Sed
400 2776 436 2805 et
450 2770 509 2803 alii
524 2769 573 2803 sic
587 2768 712 2801 solent.
739 2767 828 2800 Soli-

115 2837 180 2863 nus
203 2835 281 2871 cap.
295 2828 327 2861 5.
374 2824 384 2844 ‘
410 2823 562 2866 Campus
592 2819 764 2855 Ennensis
793 2819 829 2853 in

1478 180 1567 224 697

807 331 809 333 ,
852 297 999 331 floribus
1015 295 1177 340 semper!
1206 294 1313 336 &hef-
1359 293 1499 328 Curtius
1511 302 1567 327 tv.

854 352 909 383 14.
937 351 992 382 26.
1037 349 1047 367 ‘
1070 347 1198 392 Aquila
1227 347 1290 380 diu
1317 346 1410 380 circa
1441 352 1568 389 equum

846 399 1049 442 ‘Alexandri
1076 398 1242 442 pendenti
1256 397 1379 441 magis,
1392 406 1496 440 quam
1509 406 1568 430 vo-

855 452 955 495 lanti,
976 452 1094 494 similis
1111 450 1297 494 apparuit.’
1324 449 1442 483 Heins-
1487 449 1570 483 Non

857 509 944 547 puto
959 503 1004 536 ad
1024 503 1210 545 imaginem
1234 500 1401 544 temporis
1426 498 1572 542 respici,

857 555 948 599 quod
965 564 1070 588 manu
1093 558 1193 587 tenet
1213 552 1430 594 novaculam,
1449 555 1491 584 nt
1510 550 1572 583 de·

858 606 980 640 scribit
995 605 1208 648 Posidippus
1229 604 1264 636 iu
1290 603 1432 637 Anthol.
1446 610 1501 635 tv.
1516 604 1571 635 14.

858 669 894 701 p.
907 662 985 692 486.
1009 658 1071 691 sed
1092 657 1137 690 ad
1158 655 1390 689 Proverbium
1409 654 1575 688 Graeeum

857 710 928 743 ’Es-i
951 710 1039 754 ξυροῦ
1067 709 1180 750 ἀκμῆς,
1207 707 1251 740 de
1280 716 1348 750 quo
1375 706 1510 739 Erasm.
1534 704 1573 737 in

858 761 1021 805 proverb.
1043 760 1136 794 titul.
1164 757 1372 792 discriminis
1388 767 1470 800 pag.
1496 758 1575 789 260.

861 813 918 846 cui
933 811 1023 846 adde
1044 810 1136 844 aliud
1148 810 1373 853 epigramma,
1386 807 1449 840 lib.
1464 815 1525 840 ru.
1538 809 1575 840 5.

860 874 896 907 p.
912 866 990 897 291.
1022 863 1140 903 ’Annas
1155 861 1322 900 ἑστηκυῖαν
1337 858 1388 892 ἐπὶ
1401 858 1574 902 ξυροῦἝλ·

861 914 944 948 λάδα
966 914 1075 947 πᾶσαν
1096 914 1172 947 Ταῖς
1194 911 1279 954 ἡμῶν
1305 912 1421 954 ψυχαῖς
1450 909 1577 952 κείμεθα

861 968 1036 1012 ῥυσάμενοι.
1097 968 1145 1001 Et
1170 967 1307 1010 pendens
1335 964 1393 997 hic
1415 971 1485 996 non
1509 965 1578 1005 est,

862 1024 995 1065 volans,
1005 1019 1068 1055 sed
1079 1017 1257 1063 suspensis
1270 1017 1415 1061 pedibus
1425 1016 1462 1048 in
1475 1024 1579 1049 nova-

863 1075 952 1108 culae
975 1073 1051 1107 acie
1072 1075 1184 1114 stans,
1206 1074 1247 1103 ut
1260 1069 1422 1102 videatur
1428 1066 1577 1110 jamjam

863 1127 1078 1167 avolaturus,
1108 1127 1149 1156 ut
1178 1125 1278 1155 recte
1300 1120 1354 1154 Cl.
1384 1118 1500 1152 Periz.
1531 1117 1577 1150 ad

863 1178 990 1211 AElian.
1007 1185 1077 1209 xn.
1092 1177 1149 1208 58.
1171 1182 1238 1206 nec
1250 1172 1306 1204 hic
1318 1170 1476 1204 audimus
1489 1168 1581 1201 viros

863 1229 1000 1270 doctos,
1016 1227 1076 1271 qui
1087 1227 1123 1260 in
1135 1225 1287 1259 novacula
1301 1222 1459 1266 capiunt,
1467 1225 1507 1254 ut
1520 1219 1580 1252 ‘in

863 1280 988 1324 armis,'
1005 1281 1016 1299 ‘
1032 1280 1070 1312 in
1082 1277 1215 1320 hastis,’
1231 1278 1297 1309 ὅτε.
1332 1275 1452 1307 Cursus
1463 1276 1580 1306 autem

863 1334 991 1366 volucer
1021 1331 1067 1364 de
1096 1330 1270 1372 ingressu,
1294 1336 1362 1359 non
1392 1324 1438 1357 de
1461 1324 1581 1357 volatu

864 1392 965 1426 cape.
1010 1382 1070 1415 Ita
1083 1379 1266 1414 claudian.
1284 1376 1329 1409 de
1343 1374 1452 1409 Laud.
1467 1373 1582 1407 stilic.

863 1444 922 1468 ιιι.
930 1437 1008 1468 321.
1031 1433 1042 1452 ‘
1056 1433 1139 1465 Non
1155 1428 1288 1463 volucri
1307 1426 1447 1469 fugiunt
1466 1425 1582 1468 perni-

866 1487 922 1520 cia
935 1494 1037 1519 cursu
1049 1483 1071 1517 ι’
1096 1486 1134 1515 et
1149 1481 1194 1514 de
1217 1480 1297 1513 navi
1312 1478 1418 1513 Ovid.
1432 1477 1537 1510 Trist.
1554 1486 1581 1509 ι.

863 1540 894 1570 4.
912 1540 946 1569 5.
977 1536 988 1554 ‘
1004 1535 1080 1568 Nec
1100 1533 1245 1566 comites
1263 1530 1394 1564 volucri
1409 1532 1579 1562 contenta

866 1592 922 1621 est
943 1587 1083 1620 vincere
1102 1582 1230 1618 cursu?
1255 1583 1370 1615 Burm.
1410 1580 1466 1623 [C.
1480 1580 1534 1613 iue
1548 1590 1581 1613 υ.

866 1638 1083 1679 Schwabius,
1108 1637 1146 1669 C.
1167 1636 1224 1668 illa
1238 1644 1268 1667 v.
1303 1633 1433 1667 Harius
1457 1631 1585 1675 legisse

866 1690 1066 1725 Bentleium
1076 1685 1279 1728 affirmant]

911 1742 1060 1775 Pendeas
1082 1739 1118 1772 in
1136 1736 1302 1779 novacula]
1335 1735 1519 1769 Salmasius
1535 1733 1579 1768 ad

866 1794 1079 1836 marginem:
1103 1791 1272 1823 Postsecus
1294 1788 1328 1820 in
1345 1788 1497 1820 novacula
1517 1787 1582 1819 cal-

866 1857 935 1880 vus.
959 1846 1137 1884 Postsecus,
1149 1842 1283 1875 ὄπισθεν.
1305 1840 1421 1881 Vulgo
1434 1837 1561 1871 dicitur
1571 1849 1582 1870 ε

868 1899 879 1917 ⁸
897 1899 1030 1931 Fronte
1053 1894 1234 1936 capillata,
1257 1891 1414 1934 posthaec
1443 1889 1586 1922 occasio

870 1948 996 1983 calva.'
1042 1945 1149 1990 Apud
1171 1942 1469 1987 elegantissimum
1485 1941 1586 1973 Phae-

871 2002 985 2044 drum,
1003 1999 1137 2034 Occasio
1148 1998 1183 2031 in
1193 1995 1342 2030 nonanta
1353 1994 1482 2028 dicitur
1497 2003 1587 2035 esse,

871 2063 951 2097 quoe
976 2050 1178 2085 novaculam
1208 2057 1313 2081 manu
1338 2050 1463 2079 tenens
1493 2045 1587 2087 apud

871 2106 1021 2139 Veteres
1054 2101 1265 2146 pingebatur
1296 2097 1585 2140 fingebaturque:

873 2158 923 2190 ita
949 2156 1056 2197 enim,
1081 2158 1123 2187 ut
1138 2153 1212 2196 jam
1237 2150 1324 2184 editi
1347 2153 1440 2190 sunt,
1465 2148 1587 2182 distin-

873 2207 1000 2252 guendi
1015 2202 1305 2247 intelligendique
1327 2201 1376 2234 illi
1399 2210 1533 2242 versus,
1546 2203 1588 2233 ut

873 2259 956 2294 alibi
972 2257 1128 2302 pluribus
1150 2253 1308 2289 ostendit
1329 2251 1516 2286 Salmasius
1540 2250 1586 2284 ad

872 2310 1016 2348 Trebel.
1031 2309 1124 2342 Poll.
1141 2317 1220 2350 pag.
1236 2307 1311 2338 32³.
1345 2304 1435 2337 Gnd.

917 2363 959 2396 In
984 2359 1150 2401 novacula]
1183 2358 1236 2390 Ἐν
1250 2356 1339 2398 ξυρῷ,
1356 2356 1413 2388 vel
1428 2353 1471 2389 εἷς
1488 2354 1586 2397 ξυρόν.

874 2413 1061 2448 Salmasius
1074 2411 1118 2444 ad
1134 2419 1242 2451 marg.
1282 2407 1370 2440 Gna.

918 2469 939 2499 2
965 2461 1112 2503 comosa]
1156 2459 1271 2494 Comis
1286 2458 1497 2492 abundante.
1530 2458 1590 2491 Ita

876 2516 972 2549 Plin.
993 2515 1003 2533 ⁴
1022 2513 1192 2547 Arborem
1207 2511 1244 2543 in
1257 2509 1378 2542 orbem
1393 2518 1567 2541 comesam
1578 2507 1589 2523 '

870 2567 966 2600 dixit
981 2565 1042 2598 lib.
1056 2573 1135 2597 xvi.
1158 2572 1190 2595 c.
1206 2565 1241 2595 6.
1277 2560 1386 2600 Sem.

920 2621 940 2651 3
962 2613 1156 2656 occuparis]
1193 2611 1419 2654 Inopinatum
1432 2610 1533 2654 quasi
1547 2620 1592 2646 ae

876 2678 946 2702 nou
982 2666 1193 2700 sentientem
1238 2661 1493 2705 praeveniendo,
1546 2661 1592 2695 ld

878 2720 969 2754 enim
981 2717 1124 2761 proprie
1139 2715 1214 2748 vult
1221 2714 1286 2746 hoc
1297 2713 1454 2746 verbum.
1479 2712 1590 2752 Schef.

922 2771 1075 2812 Elapsum
1087 2765 1196 2808 semel]
1234 2765 1424 2806 Eleganter
1445 2763 1480 2797 in
1500 2764 1591 2798 hane

880 2821 1090 2858 sententiam
1114 2818 1222 2862 Greg.
1250 2815 1494 2852 Nazianzenus
1513 2825 1591 2851 car-
