1806 3236
754 184 955 225 mutim
986 175 1058 219 25.

163 279 332 324 Omnes
352 271 498 324 astare
519 279 685 323 Simios
707 280 842 337 longo
861 281 1013 326 ordine

161 349 339 393 Dextra
355 349 590 405 laevaque3
620 350 702 394 sed
722 350 811 394 sibi
830 352 939 407 poni
958 351 1175 404 thronum,

161 415 228 460 Ut
243 416 466 460 hominum
483 430 612 472 reges
632 418 859 473 quondam
878 419 1028 463 facere
1047 420 1229 464 viderat.

162 485 279 536 Mox
292 485 450 542 jussos
467 486 670 530 homines
689 488 737 530 in
755 488 952 532 medium
971 488 1135 532 adduci
1153 493 1302 545 rogat:

161 552 427 606 Qualisnam
446 555 579 598 vobis
599 568 700 599 esse
719 556 892 608 videor,
914 556 1119 612 hospites
1132 559 1152 600 ‘t

159 621 418 678 Respondit
438 622 635 666 Mendax
653 637 664 667 :
697 624 805 667 Rex
824 625 993 668 videris
1013 626 1255 670 maximus.

128 692 130 694 ’
160 690 286 744 Quid
305 691 366 743 hi,
382 704 497 747 quos
513 704 724 748 apparere
743 706 861 736 nunc
880 693 1009 737 vides
1027 693 1135 737 mihi
1147 695 1167 736 Τ

158 759 228 802 Ηί
247 761 450 813 comites,
470 761 516 803 hi
535 761 683 816 legati,
703 766 748 806 et
766 762 957 806 militum
976 762 1130 806 duces.

158 827 402 872 Mendacio
420 828 634 872 laudatus
655 843 760 873 cum
780 831 913 874 turba
932 843 1017 874 sua

157 895 398 940 Adulatori
416 910 580 940 munus
597 899 795 954 imperat.
809 899 923 942 dari.

157 964 254 1008 Hic
272 978 426 1009 secum
445 966 613 1019 Verax,
643 967 789 1011 Tanta
806 968 848 1010 si
866 968 1103 1012 mendacio

157 1033 226 1095 Sit
241 1047 425 1086 merces,
445 1039 615 1090 quanto
637 1049 725 1078 non
743 1049 844 1091 ego,
865 1035 998 1088 dixit,
1017 1050 1194 1081 munere

156 1096 385 1154 Donabor,
405 1115 560 1145 verum
580 1103 621 1146 si
640 1116 723 1159 pro
741 1117 867 1147 more
887 1103 1046 1147 dixero
1059 1106 1079 1147 ‘f

155 1169 281 1212 Hinc
300 1169 358 1213 ad
377 1170 602 1214 Veracem
622 1172 802 1215 Simius.
862 1173 921 1215 Et
940 1173 1088 1229 qualis
1109 1174 1192 1217 tibi

154 1237 344 1291 Videor,
364 1242 410 1282 et
426 1239 508 1291 illi,
529 1253 647 1296 quos
667 1244 786 1283 stare
804 1246 907 1284 ante
927 1255 999 1284 me
1017 1241 1147 1285 vides
1160 1243 1180 1284 Ἰ

157 1305 413 1363 Respondit
431 1308 536 1351 ille:
565 1308 716 1352 Verus
735 1322 785 1352 es
805 1314 856 1353 tu
878 1310 1062 1364 SimiuS,

114 1372 125 1382 ’
155 1374 216 1418 Et
235 1375 367 1419 Simii
386 1390 541 1420 omnes
558 1377 639 1431 illi,
661 1378 740 1434 qui
761 1378 933 1422 similes
953 1379 1032 1423 tui.

154 1443 306 1488 Iratus
326 1445 450 1488 illum
469 1446 676 1489 dentibus
699 1447 803 1490 Rex
823 1447 1012 1504 imperat

155 1512 370 1556 Lacerari
389 1518 436 1557 et
450 1514 687 1569 unguibus,
707 1516 831 1571 quod
850 1529 958 1559 vera
977 1515 1170 1561 dixerat.

214 1580 438 1624 Blandum
455 1581 663 1625 laudatur
680 1596 709 1625 a
727 1583 860 1626 malis
880 1584 1163 1628 mendacium
1181 1599 1193 1640 ;

157 1647 303 1692 Bonis
321 1649 506 1693 honesta
523 1650 608 1694 fert
626 1651 816 1695 exitium
834 1652 1017 1695 veritas.

600 2049 641 2089 ”,
696 2045 911 2085 FABULA
958 2046 1089 2086 XXV.

648 2175 841 2219 HOMO
887 2175 968 2220 ET
1013 2176 1151 2220 LEO.

158 2308 314 2352 Homo
336 2310 539 2354 certabat
558 2323 658 2354 cum
678 2311 842 2365 Leone,
862 2312 1015 2357 fortior

159 2375 275 2429 Quis
293 2381 425 2431 esset,
447 2378 630 2434 litisque
649 2380 784 2436 hujus
804 2381 1107 2425 testimonium

157 2446 280 2490 Dum
301 2450 521 2504 quaerunt,
542 2448 598 2491 ad
619 2450 875 2505 sepulcrum
895 2450 1073 2494 tandem
1093 2455 1318 2503 venerunt,

821 2559 964 2594 NOTAE

1551 176 1638 221 301

1581 561 1638 604 10

1580 905 1639 948 15

1579 1247 1636 1289 20

1550 1579 1636 1632 '25

199 2632 423 2668 nabethanc
437 2633 588 2668 fabulam
605 2617 866 2671 annianum.
963 2640 984 2671 a
1013 2637 1188 2680 Venerunt]
1221 2637 1341 2671 Possit
1363 2637 1435 2680 legi
1461 2643 1609 2673 venerant
1622 2651 1636 2679 ‚-

158 2682 231 2718 fab.
262 2687 316 2719 15.
354 2685 468 2720 Anon.
506 2685 578 2720 fab.
607 2690 662 2721 52.
696 2691 733 2721 et
769 2688 868 2722 Rom.
921 2688 983 2722 sed
1000 2693 1036 2722 et
1055 2688 1244 2722 Phaedrum
1269 2689 1474 2731 corripuisse
1498 2690 1635 2734 similia,

157 2733 229 2769 fab.
250 2738 306 2769 44.
337 2736 454 2771 Burm.
499 2736 569 2781 Ap.
596 2738 695 2772 Rom.
718 2739 802 2774 Div.
829 2744 868 2774 et
920 2749 1016 2783 saepe
1031 2743 1189 2774 notatum
1204 2749 1225 2773 a
1240 2739 1586 2776 commentatoribus.

160 2786 254 2820 Ulm.
271 2791 324 2822 est
338 2787 400 2824 lib.
415 2798 464 2825 iv.
479 2789 546 2825 fab.
564 2793 618 2826 17.
639 2790 744 2826 Schw.
