1806 3236
1473 191 1492 208 fl

216 190 302 256 116
504 204 706 236 PnAEnm
744 204 1054 237 FABULARUM
1088 205 1388 239 AEsopmnum

798 505 1010 545 FABULA
1051 506 1101 544 V.

561 673 790 717 CAESAR
818 673 909 717 AD
939 673 1336 719 ATRIENSEM.

217 840 313 883 Es'l*
335 840 609 883 ardelionum
630 841 840 896 quaedam
861 842 1021 884 Romae
1043 842 1182 891 natio,

212 908 403 963 Trepide
425 921 706 961 concursanS,
727 913 948 964 occupata
966 910 1011 951 in
1032 910 1142 960 otio,

215 975 367 1018 Gratis
387 975 612 1027 anhelans,
636 976 776 1019 multa
795 976 968 1031 agendo
987 976 1098 1019 nihil
1120 986 1273 1030 agens,

214 1043 311 1085 Sibi
332 1043 521 1085 molesta
540 1048 583 1086 et
603 1044 706 1087 aliis
721 1044 1039 1087 odiosis'sima:

215 1111 348 1152 Hanc
368 1110 616 1163 emendare,
641 1111 680 1154 si
701 1116 847 1155 tamen
867 1126 1072 1168 possum,
1088 1113 1191 1156 volo
1436 1115 1440 1117 ’
1650 1112 1680 1155 5

213 1178 336 1221 Vera
354 1178 543 1221 fabella:
574 1180 765 1235 pretium
787 1183 858 1223 est
876 1194 1028 1235 operae
1049 1180 1288 1233 attendere.

273 1247 427 1297 Caesar
444 1247 651 1291 Tiberius
671 1262 772 1292 cum
793 1253 949 1304 petens
970 1247 1214 1304 Neapolim

215 1314 280 1364 In.
290 1315 591 1358 Misenensem
610 1316 761 1360 villam
782 1317 977 1359 venisset
989 1329 1123 1358 suam

260 1437 319 1468 Est
341 1437 450 1469 Romoe
469 1448 570 1488 genus
583 1437 775 1488 ardelionurn
789 1436 935 1487 obet-rans
945 1435 1081 1487 solicite,
1094 1434 1400 1486 inquies-inquiete,
1411 1430 1558 1485 aasabim:
1567 1433 1680 1469 ἀκοὰν

213 1478 1679 1563 &³5²2222'25“f²⁶2’23⁰s‚312553·223222’{2322ss‘235‘23‘3'322‘3353‘35251'2‘4⁷355:ss

213 1533 399 1600 τιτῖεὲιιίἰανε.
432 1534 526 1600 νίιξιιηι
539 1548 697 1600 ’Tiberius
725 1567 846 1607 Coesar,
866 1546 1028 1607 pros'eclus
1053 1546 1229 1608 Neapolnn,
1245 1565 1383 1598 venisset
1399 1564 1439 1597 in
1462 1559 1552 1598 suant
1572 1563 1680 1614 villan·

824 1649 1067 1665 OOOOOO‘WOOO

223 1714 227 1720 ’
257 1713 276 1743 1
301 1710 517 1745 Ardezionum.
540 1712 626 1745 Cod.
649 1712 744 1745 Pith.
766 1712 973 1752 ardalionum,
986 1715 1076 1744 teste
1092 1710 1277 1743 Neveleto.
1321 1709 1433 1742 Etiam
1453 1708 1600 1751 Salmas.
1622 1718 1682 1742 no-

213 1754 303 1786 tavit
318 1755 528 1796 ardalionum,
543 1765 564 1787 a
576 1756 684 1788 veteri
697 1755 846 1796 ’ἅρδαλος,
857 1753 1029 1796 ἇρδαλύων.
1073 1753 1152 1786 vid.
1169 1753 1261 1786 Gnd.
1301 1753 1416 1786 Nonio
1431 1756 1572 1785 auctore
1592 1751 1679 1785 dicti

213 1797 284 1828 sint
300 1796 344 1828 ab
358 1799 508 1839 ardendo,
521 1798 612 1840 quod
629 1808 694 1840 pro
709 1798 905 1831 festinando
921 1800 1129 1839 usui-parunt
1141 1800 1299 1835 veteres3
1332 1795 1377 1827 de
1403 1805 1470 1838 quo
1482 1793 1678 1829 seheffems

213 1840 520 1873 consulendus—8
544 1841 765 1873 Misenensem.
788 1840 923 1873 Gudius
940 1844 1103 1880 testatur,
1126 1839 1162 1871 in
1178 1838 1272 1871 libris
1283 1838 1422 1879 scriptis
1445 1837 1590 1870 inveniri
1611 1838 1680 1871 Mi-

213 1883 394 1915 seniensem.
439 1882 496 1916 Ita
511 1883 681 1916 Gruterus
695 1894 730 1926 p.
746 1886 822 1917 132.
837 1886 869 1916 6.
916 1883 1204 1914 Mediolaniensem.
1228 1880 1315 1914 eod.
1331 1881 1426 1913 Pith.
1440 1880 1547 1912 habet
1561 1880 1680 1913 Mimi-

213 1935 297 1967 ense,
314 1931 456 1958 auctore
473 1926 658 1968 Neveleto,
670 1927 727 1969 qui
742 1926 852 1959 edidit
867 1925 1071 1958 Mimensem.
1117 1925 1158 1956 In
1173 1924 1294 1956 eodem
1310 1927 1426 1956 tamen
1442 1923 1570 1956 Codice
1583 1922 1679 1957 Pith.

213 1968 281 2008 legi
297 1969 483 2008 Misenensi,
499 1969 599 2002 testis
615 1974 669 2002 est
683 1969 862 2011 Heinsius,
889 1968 947 2011 qui
962 1967 1146 2010 legendum
1170 1967 1344 2009 proponit,
1366 1966 1407 1998 In
1433 1965 1619 1999 Misenietm’
1637 1967 1679 1999 ad

212 2011 321 2044 villum
336 2012 470 2044 emisset
485 2021 586 2052 suum,
600 2012 745 2044 laudans
759 2013 852 2045 Plin.
868 2018 978 2044 xvm.
994 2014 1025 2043 6.
1047 2011 1135 2044 Quae
1153 2011 1332 2052 scriptum
1345 2009 1495 2042 varietas
1509 2010 1544 2041 in
1556 2008 1679 2042 eodem

214 2055 344 2094 Codice
359 2055 484 2097 saepius
504 2064 525 2089 a
549 2055 647 2089 nobis
658 2056 847 2089 observata
862 2060 927 2088 est.
971 2053 1021 2087 At
1044 2053 1266 2086 Misem‘ensem
1279 2051 1417 2085 videtur
1431 2061 1507 2086 esse
1531 2061 1553 2085 a
1575 2051 1678 2085 manu

881 2152 1023 2187 No'rAE

1017 2228 1039 2259 6
1066 2225 1149 2259 Vera
1156 2223 1292 2266 sabella]
1313 2223 1445 2258 Fabula
1459 2223 1550 2258 enim
1561 2219 1608 2265 'ad
1625 2232 1681 2256 ve-

972 2285 1046 2310 rum
1059 2277 1115 2309 vel
1138 2275 1261 2308 falsum
1285 2274 1496 2316 extenditur,
1520 2278 1561 2308 ut
1575 2283 1680 2316 snpra

224 2250 228 2255 -
257 2231 276 2260 1
291 2227 514 2272 Ardelionum]
529 2228 579 2262 Hi
590 2232 755 2263 vocantur
765 2229 919 2262 homines

214 2277 273 2319 qui
298 2288 335 2310 se
359 2279 507 2320 negotiis
533 2279 692 2313 omnibus
714 2280 920 2320 immiscent,

213 2328 256 2360 ab
271 2329 408 2360 ardendo
420 2327 520 2370 dicti,
540 2330 630 2372 quod
643 2339 706 2372 pro
719 2329 918 2363 festinando

212 2382 352 2411 veteres
368 2383 586 2420 usurparunt.
630 2380 832 2423 Quanquam
849 2389 919 2412 me-

210 2430 291 2463 iius.
302 2430 347 2463 ab
371 2429 479 2463 Ardea
506 2431 561 2463 avi
573 2452 575 2454 -
587 2430 673 2464 dicti
699 2431 920 2472 Ardeliones,

211 2481 291 2523 q'nia
304 2490 382 2513 aves
397 2480 500 2522 liujus
515 2480 626 2513 instar
637 2481 703 2513 huc
717 2485 755 2514 et
767 2482 848 2514 illuc
863 2491 921 2514 vo-

211 2532 315 2564 litant
327 2536 363 2564 et
377 2531 661 2573 circumcursant,
672 2531 752 2563 dnm
765 2531 920 2564 omnibus

211 2591 250 2614 se
267 2581 410 2613 student
424 2581 571 2623 negotiis
586 2580 791 2613 immiscere.
836 2581 916 2613 Hoc

213 2641 320 2673 genus
330 2631 500 2663 hominum
515 2631 679 2664 describit
690 2628 917 2663 Martial.'tali

212 2682 490 2723 Epigrammate:
512 2682 523 2699 ‘
536 2682 567 2714 N
572 2681 595 2713 il
606 2682 699 2714 bene·
707 2691 784 2714 cum
795 2680 917 2722 facias,

213 2731 299 2764 facis
323 2737 476 2764 attamen
503 2733 616 2765 omnia
642 2732 745 2765 belle.
787 2731 848 2763 Vis
865 2731 916 2764 di-

213 2791 289 2814 cam
305 2783 362 2825 qui
377 2783 422 2814 sis
437 2783 448 2814 ‚³
472 2791 613 2824 magnus
629 2792 665 2815 es
682 2781 848 2815 Ardelio.’

973 2327 1017 2360 ed
1034 2327 1092 2361 lib.
1104 2335 1135 2360 ·1.
1149 2325 1220 2358 fab.
1237 2328 1268 2359 1.
1283 2324 1528 2358 annotavimus.
1682 2352 1687 2362 ,

1014 2380 1035 2410 7
1060 2377 1243 2419 Neapolim]
1266 2375 1357 2409 Urbs
1382 2375 1580 2418 campaniae
1605 2383 1677 2407 ma-

972 2428 1089 2462 ritima
1115 2428 1210 2469 regni
1238 2427 1461 2469 Neapolitani
1487 2430 1606 2468 caput,
1635 2435 1676 2458 nc

972 2481 1078 2513 totius
1099 2480 1213 2512 Italiae
1237 2478 1449 2512 clarissima:
1472 2475 1567 2521 prius
1590 2477 1679 2510 Par*-

967 2531 1124 2572 ,thenope
1138 2530 1244 2562 dicta.

1017 2585 1038 2614 8
1061 2582 1270 2614 Misenensem
1284 2579 1404 2621 villam]
1425 2580 1558 2612 Domns
1576 2578 1676 2611 nisti·

971 2641 1023 2665 ca.
1067 2632 1124 2663 De
1138 2632 1202 2663 hac
1219 2631 1303 2663 villa
1316 2629 1503 2662 Misenensi
1517 2629 1567 2661 ita
1577 2629 1677 2662 'raci-

971 2686 1025 2714 tus
1039 2692 1048 2713 :
1070 2681 1080 2699 ‘
1096 2681 1244 2713 Mutatis
1257 2681 1380 2722 saepius
1393 2678 1677 2722 incis('1'ibei·ius)

971 2730 1113 2764 tandem
1136 2731 1226 2772 apud
1250 2730 1525 2762 Promontorint'n
1547 2729 1678 2762 Miseni

971 2781 1139 2823 consedit,
1148 2781 1182 2814 in
1194 2781 1273 2814 villa
1282 2781 1336 2813 cui
1348 2781 1387 2814 L.
1396 2779 1558 2814 Lucullus
1568 2790 1676 2823 qnon-
