1806 3236
363 213 567 248 niumm
602 212 714 250 mn,
745 210 1052 245 AEsomARUM
1086 210 1181 244 mn.
1215 211 1292 244 111.
1324 199 1393 244 18.

137 313 220 353 0-ss
230 320 381 347 eun-os
392 315 522 347 avocet
534 310 732 346 auriculas!
767 311 858 350 Vet„

139 365 262 410 Epigr.
287 363 349 399 ub.
378 372 438 398 m.
469 373 547 407 pag.
578 366 654 399 181.
691 363 703 382 ‘
715 363 853 396 Musica

139 415 346 458 anunm
359 414 516 449 sublimis
531 415 683 448 stamina
698 415 779 448 Puli
794 415 853 447 In-

138 465 309 512 findunt,
322 466 447 509 vulgus
471 465 610 500 auribus
634 469 674 499 ut
688 464 853 508 placeat-³

121 512 199 555 ἈΙ
209 515 340 561 otkis?
358 517 410 560 oie,
430 510 444 537 '⁴
458 516 639 560 vulgares·
666 516 760 560 apud
775 516 853 550 Liv-

135 569 250 614 iam,
261 569 353 612 vulg-i
365 569 506 603 aua-ibus.
530 568 624 602 Gud.

130 647 132 650 -
180 620 550 663 auhn-mmmm]
570 619 782 653 Admirabile
794 619 854 653 oli·

137 673 206 716 αι’,
222 673 315 707 sieut
338 673 350 692 ⁶
364 670 564 714 Amabilis,'
586 672 596 691 ‘
610 670 854 713 Venerabilis,'

137 728 179 759 et
205 724 244 758 id
270 733 401 768 genus.⁴
433 723 505 757 Sed
534 732 605 756 non
619 722 855 764 dissimulabo,

141 780 266 820 putare
289 785 358 818 me,
374 775 555 818 scripsisse
568 779 737 816 nostrum,
757 784 824 807 esse
837 784 855 807 e

139 827 275 870 merie,
303 832 342 861 ut
371 836 492 860 sensus
514 826 577 860 sit:
610 826 711 860 Inter
736 835 853 859 omnes

139 879 230 912 lianc
245 878 460 923 potissimum
473 878 508 911 in
523 877 751 911 admiratione
765 887 854 912 esse.

140 929 261 970 Scluat..
304 929 516 972 Recepimus
546 939 639 962 nunc
672 928 854 971 probatam

141 986 197 1016 tot
212 982 295 1016 viris
320 981 435 1016 doctis
455 981 543 1015 Mas.
555 981 755 1021 lectionem,
769 981 855 1013 auri·

138 1034 215 1068 bus.-
236 1043 338 1078 qnam
358 1032 474 1066 firmat
495 1031 642 1066 Ovidius
658 1031 746 1065 Met.
761 1031 785 1064 1.
803 1040 854 1065 tv.

140 1088 219 1120 271.
253 1086 264 1104 ‘
280 1085 444 1126 Dixerat,
471 1087 510 1118 et
537 1082 670 1116 factum
697 1082 854 1116 mirabile

139 1141 288 1180 ceperat
302 1146 402 1170 aures
412 1136 435 1171 ε’
455 1139 494 1169 et
509 1140 630 1168 noster
644 1134 703 1167 lib.
717 1143 759 1167 11.
774 1144 854 1176 pro-

140 1188 210 1229 log.
233 1189 244 1208 ‘
256 1189 352 1222 Dum
367 1188 486 1230 capiat
497 1185 639 1221 aurem!
684 1186 726 1219 In
749 1186 854 1219 Rimi-

141 1239 198 1272 oio
213 1239 355 1284 legitur,
367 1243 399 1273 et
410 1240 548 1273 lamam
560 1240 743 1279 agnosceret
756 1248 770 1277 ,-
791 1247 854 1270 un-

139 1292 186 1326 de
200 1291 294 1325 forte
309 1295 425 1334 posset
440 1290 526 1332 legi:
550 1290 648 1323 Illum
667 1299 733 1322 esse
746 1289 855 1322 huma-

137 1344 189 1378 ain
200 1342 331 1377 «aribus
341 1341 569 1376 admirabilem
591 1342 712 1374 Burm.

182 1397 206 1428 4
227 1393 335 1428 Sinna
346 1392 400 1435 oc]
423 1393 519 1426 Puto
531 1391 617 1425 illud
630 1402 669 1424 oe
679 1400 780 1434 posse
795 1389 856 1423 ab-

138 1455 229 1487 esse,
243 1445 402 1488 soletque
425 1445 558 1478 Noster
578 1444 663 1476 alias
682 1443 856 1476 omittere.

140 1496 248 1537 Soles.
279 1495 340 1529 Sic
355 1495 494 1539 quidem
505 1494 626 1529 fabula
641 1493 857 1537 praecedenti

141 1552 198 1583 55.
221 1547 352 1583 ‘Simul
375 1546 543 1589 cognovit
571 1555 694 1579 vocem
720 1543 857 1578 laudari

140 1597 274 1634 soamt’
306 1602 345 1632 et
366 1597 468 1639 alibi;
488 1596 546 1630 hie
573 1600 689 1630 tamen
712 1600 858 1638 propter

141 1654 295 1685 metrum
322 1649 464 1693 retinui.
523 1647 606 1682 Vid.
635 1647 680 1680 ad
715 1646 857 1683 Quinct.

141 1702 306 1739 Declam.
322 1709 360 1734 x.
372 1702 427 1734 1⁴.
449 1699 568 1733 Βιιτιιι.

183 1757 205 1787 5
220 1749 532 1792 Gratiaaiximea]
543 1750 614 1782 Ma.
624 1749 767 1792 gratiam
777 1749 858 1782 dux-

139 1806 170 1839 ie
182 1805 267 1839 Deu-
309 1804 419 1845 Lege,
431 1801 544 1844 gratia
555 1800 687 1834 induxit
699 1801 773 1834 Deo
784 1811 795 1833 ε
821 1799 858 1832 id

141 1860 210 1899 est,
222 1865 287 1900 per
300 1853 539 1889 inductionem
554 1853 684 1887 intulit.
708 1853 719 1872 ‘
731 1852 859 1886 Induc-

142 1908 194 1943 tio
208 1911 264 1941 est
278 1905 405 1948 oratio,
419 1915 499 1949 quae
523 1904 628 1938 rebus
654 1914 721 1937 non
743 1903 859 1937 dubiis

140 1962 262 2003 oeptat
276 1956 511 1992 assensionem
531 1956 621 1998 ejus,
646 1955 783 1998 quicum
806 1955 859 1987 in-

143 2009 269 2044 atituta
294 2006 384 2042 estz'
428 2006 547 2040 Verba
570 2010 653 2039 sunt
680 2005 860 2039 Ciceronis

144 2060 190 2093 de
206 2060 347 2093 Invent.
361 2058 424 2092 lib.
439 2067 467 2091 1.
510 2058 555 2091 Id
572 2058 675 2100 plane
701 2058 768 2090 hoc
783 2058 859 2090 loco

143 2111 275 2146 factum
302 2114 359 2144 est
384 2120 406 2143 a
430 2108 590 2149 Junone3
624 2118 736 2151 neque
768 2108 860 2141 enim

142 2162 275 2207 liquido
290 2159 426 2196 Pavoni
451 2159 496 2193 ad
517 2159 693 2203 querelam
720 2168 860 2201 respon-

144 2213 220 2258 det,
232 2212 308 2255 sed,
318 2210 527 2245 inductionis
541 2209 688 2243 artificio
699 2220 772 2251 usa,
783 2210 860 2243 aliis

143 2267 247 2301 rebus
257 2275 325 2300 non
333 2264 447 2298 dubiis
459 2263 609 2297 animum
623 2262 861 2305 indignantem

144 2317 220 2353 avis
232 2328 305 2352 suoe
319 2317 474 2360 placare,
488 2319 526 2349 et
540 2315 772 2349 assensionem
785 2315 861 2358 ejus

143 2375 290 2416 captare
304 2364 467 2403 instituit]
490 2369 662 2402 Nimirum
679 2379 723 2402 ex
734 2369 862 2410 abrup-

145 2427 184 2456 to
200 2420 398 2456 obducens:
422 2420 487 2455 Sed
507 2419 619 2460 formo
633 2420 748 2462 vincis,
762 2420 863 2453 vincis

145 2472 378 2516 magnitudine,
404 2475 443 2504 et
474 2481 552 2515 quae
590 2475 781 2515 sequuntur
816 2471 862 2505 de

147 2524 368 2568 smaragdino
383 2522 466 2556 colli
480 2522 607 2556 nitore.
653 2522 771 2566 Atque
785 2523 861 2556 haec

147 2575 333 2610 recondita
346 2575 398 2607 vis
412 2578 466 2607 est
492 2574 569 2617 ejus
586 2573 685 2607 verbi
705 2575 863 2608 inducere.

147 2628 222 2664 cie.
245 2627 290 2660 de
313 2626 425 2660 Finib.
440 2625 501 2660 lib.
517 2635 554 2659 v.
575 2626 587 2645 ‘
603 2626 741 2660 Natura
767 2626 864 2670 quasi

147 2679 300 2714 instituit
310 2678 451 2719 docere,
463 2682 500 2712 et
515 2677 652 2711 induxit
667 2678 702 2711 in
718 2688 774 2719 ea,
786 2689 862 2722 quae

148 2731 299 2773 inerant,
320 2734 483 2773 tanquam
507 2729 681 2762 elementa
695 2729 863 2763 virtutis!

149 2783 230 2817 Lib.
245 2783 289 2817 de
303 2785 381 2817 Fat.
405 2783 415 2802 ‘
431 2782 534 2815 Hanc
550 2782 719 2815 rationem
734 2782 863 2825 Epicu-

150 2846 207 2870 rus
233 2834 371 2869 induxit
392 2834 437 2868 ob
462 2843 539 2867 eam
567 2832 664 2867 rem?
711 2833 859 2867 Orator:

238 2889 357 2933 De1ph.
369 2892 400 2922 et
420 2889 494 2923 ναν.
509 2889 596 2923 Clas.

836 2888 970 2923 Phaedr.

1530 200 1618 243 545

899 309 912 330 ⁸
930 309 1032 343 Muta
1043 308 1201 353 quedam
1215 307 1416 352 eloquentia
1429 305 1621 340 inducere!

904 361 975 394 Pro
991 361 1096 394 Dom.
1118 361 1129 380 ‘
1143 361 1191 394 Et
1212 359 1315 393 homo
1336 358 1470 392 facetus
1483 356 1621 391 inducit

903 413 1008 446 etiam
1020 422 1214 445 sermonem
1228 411 1419 444 urbanum.’
1444 409 1532 442 (ἕνα.

946 467 968 497 6
991 463 1055 497 Sea
1071 463 1183 504 formo
1205 463 1321 506 vincis]
1351 461 1447 495 Hine
1474 461 1620 494 Firmia-

903 524 982 556 nus,
992 514 1144 548 carmine
1159 514 1204 547 de
1222 513 1398 554 Phoenice,
1409 521 1508 545 avem
1529 512 1620 546 lianc

905 576 926 600 a
937 566 1049 600 forma
1064 571 1103 600 et
1117 565 1353 609 magnitudine
1364 564 1623 598 commendatu-

905 629 977 662 rus,
991 616 1061 665 ¹uit:
1083 620 1094 638 ‘
1110 618 1352 662 Effigiesinter
1366 617 1510 660 pavonis
1521 617 1624 650 mista

903 671 1046 714 figuram
1064 670 1242 710 Cernitur,
1265 674 1303 703 et
1318 669 1455 702 mistam
1471 668 1624 711 phasidis

902 724 995 756 inter
1019 722 1141 757 avem!
1185 722 1268 756 vid.
1300 721 1426 755 Avieu.
1451 722 1538 755 Fab.
1567 724 1620 754 15.

905 775 1040 808 Prosch.

948 829 969 860 7
993 827 1094 859 Nitor
1119 824 1311 867 Smaragdi]
1348 823 1506 867 Optime,
1541 833 1620 856 nam

904 878 991 910 nitor
1005 876 1147 920 proprie
1162 880 1384 918 gemmarum.
1429 874 1563 908 Auctor
1575 874 1633 907 ad''

904 930 1039 962 Heren.
1073 928 1254 962 ‘Gemmae
1287 926 1415 968 nitore,
1442 930 1480 959 et
1507 926 1622 968 splen-

904 980 988 1013 dore
1014 979 1111 1013 auri.’
1154 978 1343 1021 Smaragdi,
1372 977 1483 1021 qualis
1509 982 1563 1010 est
1586 977 1622 1009 in

905 1032 1098 1075 smaragdo.
1121 1031 1230 1071 Schef.
1277 1030 1380 1072 Vide,
1393 1040 1470 1073 quae
1486 1029 1623 1063 notavi-

903 1093 979 1116 mus
1000 1083 1045 1116 ad
1073 1082 1218 1115 Petron.
1231 1091 1310 1123 cap.
1324 1084 1380 1114 65.
1408 1085 1443 1113 et
1464 1081 1623 1114 Gronov.

905 1134 948 1167 ad
964 1134 1088 1167 Senec.
1103 1133 1268 1166 Medeam
1283 1135 1360 1165 673.
1383 1132 1500 1165 Burm.

949 1185 1050 1218 Nitor
1059 1182 1239 1225 smaragdi]
1253 1183 1390 1216 Pisides
1400 1182 1602 1225 Cosmnrgia
1612 1194 1621 1215 :

895 1235 942 1270 Ὦ
965 1239 1030 1269 πῶς
1053 1235 1126 1269 ῖδῶν
1144 1247 1194 1268 τις
1217 1233 1273 1267 τὸν
1294 1234 1379 1266 ταὼν
1402 1233 1446 1274 μὴ
1469 1233 1624 1274 θαυμάσοι

903 1288 963 1321 Τὸν
977 1287 1108 1331 χρυσὸν,
1121 1288 1162 1320 ὥς
1174 1286 1346 1330 σάπφειρον
1366 1285 1626 1327 ἐμπεπλεγμένον

905 1339 967 1372 Καὶ
978 1339 1040 1378 τὴν
1048 1338 1210 1382 περοντὴν
1233 1338 1268 1371 ἐν
1281 1337 1451 1381 σμαράγδῳ
1464 1336 1626 1380 πορφύραν

903 1392 967 1425 Τὰς
985 1390 1225 1434 πουλυμόρφονς
1238 1389 1399 1423 συνθέσεις
1418 1391 1481 1422 τῶν
1499 1388 1626 1432 χρωμά-

904 1455 981 1485 των,
998 1442 1104 1476 Ὀλας
1126 1440 1328 1482 ἀσυγχύτους
1347 1453 1385 1473 τε
1406 1439 1460 1473 καὶ
1472 1439 1625 1481 μεμιγμέ-

906 1505 984 1535 ναςς
1029 1494 1171 1526 Philes:
1194 1493 1315 1533 Λειμὼν
1336 1491 1399 1535 ’γὰρ
1413 1491 1500 1525 ἐστὶν
1513 1492 1534 1532 ἦ
1547 1504 1624 1535 ’γρα-

906 1545 952 1587 φὴ
971 1547 1033 1577 τῶν
1047 1544 1174 1587 ἀνθέων,
1187 1543 1310 1587 Χρυσὸς
1331 1544 1365 1577 δὲ
1379 1544 1495 1577 λεπτὸς
1511 1545 1626 1585 ἔγχευ-

906 1595 969 1629 eels-
982 1597 1025 1639 τῇ
1043 1595 1197 1639 πορφύρᾳ,
1218 1595 1405 1638 Ξμάραγδον
1419 1595 1516 1636 ἁγνὸν
1531 1595 1628 1637 ἐμφυ-

905 1644 991 1679 τεύει
1011 1647 1054 1689 τῇ
1076 1645 1194 1689 κράσει,
1218 1646 1279 1679 Καὶ
1301 1645 1453 1679 σύνθετον
1469 1648 1548 1688 φῶς,
1575 1645 1629 1678 καὶ

906 1696 1068 1740 πτερωτὴν
1080 1696 1205 1740 αἰθρίαν,
1214 1698 1336 1730 Ἀκτΐσι
1350 1700 1495 1740 φυσικαῖς
1508 1699 1627 1738 μειδιῶ-

907 1761 969 1784 σαν
979 1750 1039 1783 σύν
1050 1761 1126 1784 τισι.
1149 1751 1437 1794 Theophylactus
1451 1752 1629 1784 Simoenta

908 1803 1022 1845 Epist.
1043 1801 1087 1835 Τὶι
1102 1803 1239 1842 Μηδικὸν
1257 1802 1362 1846 ὄρνεον
1376 1803 1393 1834 ὁ
1406 1801 1488 1835 ταὼς
1503 1801 1628 1835 καὶτῶν

909 1853 1023 1893 Μήδων
1046 1854 1108 1893 τὴν
1133 1853 1299 1897 ὑπεροψίαν
1316 1853 1521 1897 κεκλήρωται,
1544 1853 1629 1895 μέγα

907 1918 939 1939 τι
962 1905 1016 1939 καὶ
1039 1905 1213 1948 ὑπέρογκον
1239 1905 1289 1938 ἐπὶ
1303 1907 1350 1947 τῷ
1364 1905 1479 1939 κάλλει
1493 1908 1627 1950 φρονῶν.

908 1955 1025 1989 τούτου
1046 1956 1099 1990 καὶ
1121 1957 1182 1996 τὴν
1205 1956 1333 1996 θήλειαν
1355 1957 1508 1996 ἡττᾶσθαι
1533 1960 1629 1992 δοκεῖ.

909 2008 948 2041 τὸ
962 2009 1078 2052 πτερὸν
1087 2010 1254 2052 τοιγαροῦν
1268 2008 1319 2042 οΐα
1333 2009 1370 2048 δὴ
1389 2009 1488 2050 κόμην
1502 2010 1631 2050 ἀνίστη-

908 2072 957 2102 σι,
970 2059 1023 2093 καὶ
1033 2060 1304 2103 περιφανέστατόν
1317 2074 1354 2093 τε
1367 2063 1435 2094 τοῖς
1449 2062 1540 2104 ὁρῶσι
1553 2061 1630 2094 κάλ-

910 2118 969 2146 λος
982 2110 1167 2154 παρέχεται,
1188 2112 1240 2144 καὶ
1255 2113 1403 2146 κυκλικὸν
1418 2113 1631 2156 ὰπερνγάζεται

913 2165 1036 2206 σχῆμα,
1052 2163 1175 2196 καὶτὸν
1188 2163 1330 2207 οὐράνιον
1351 2164 1535 2207 εἶκονίζεται
1557 2166 1631 2199 κόσ-

911 2227 982 2257 μον,
1007 2214 1060 2247 καὶ
1074 2216 1142 2248 τοῖς
1157 2214 1330 2256 ὀφθαλμοῖς
1350 2217 1409 2248 τοῦ
1432 2217 1548 2259 πτεροῦ
1570 2217 1631 2256 τὴν

911 2268 976 2299 τῶν
1001 2266 1124 2310 ἄστρων
1151 2266 1354 2308 διακόσμησιν
1380 2268 1630 2302 ἂναπλάττεταν

912 2317 964 2351 καὶ
985 2319 1080 2351 τοῦτο
1099 2317 1157 2359 μὲν
1171 2320 1316 2358 Μηδικῶν
1329 2318 1446 2362 ὂρνέωιῗ
1453 2319 1526 2360 ἦθος
1539 2321 1631 2363 φιλό-

912 2375 1022 2403 καλον.
1083 2369 1315 2402 Tertullianus
1344 2369 1406 2403 lib.
1436 2370 1481 2403 de
1514 2371 1629 2404 Pallio

914 2432 992 2464 cap.
1009 2424 1041 2454 3.
1066 2423 1076 2441 ‘
1091 2421 1202 2459 Pavo,
1217 2422 1346 2463 pluma,
1359 2422 1486 2455 vestis:
1511 2426 1547 2455 et
1558 2422 1632 2465 qui·

914 2473 992 2506 dem
1009 2472 1052 2505 de
1069 2473 1242 2506 cataclitis
1256 2484 1266 2513 ;
1288 2472 1358 2505 imo
1373 2473 1465 2505 omni
1478 2473 1628 2515 conchy-

913 2524 960 2558 lio
975 2524 1186 2567 depressior,
1213 2533 1282 2566 qua
1305 2523 1395 2556 colla
1420 2521 1568 2564 florent3
1591 2527 1629 2557 et

914 2576 1006 2609 omni
1036 2575 1178 2618 patagio
1208 2574 1411 2616 inauratior,
1435 2585 1504 2618 qua
1529 2578 1630 2617 terga

912 2627 1067 2671 fulgent;
1100 2632 1138 2660 et
1165 2628 1258 2661 omni
1285 2631 1435 2671 syrmate
1474 2628 1630 2672 solutior,

914 2690 982 2724 qua
997 2679 1118 2713 caudae
1135 2679 1280 2721 jacent,'
1293 2682 1359 2713 &c.
1384 2680 1464 2721 Εἰς.

957 2730 1146 2772 Smaragdi]
1180 2731 1328 2764 Veteres
1353 2731 1511 2764 scribunt
1535 2732 1631 2765 Zma-

912 2783 1031 2825 ragdi:
1058 2782 1108 2815 sic
1136 2782 1170 2814 in
1196 2782 1425 2815 marmoribus
1457 2784 1632 2827 antiquis:

914 2844 1025 2877 neque
1056 2834 1158 2867 aliter
1186 2834 1413 2867 vetustissimi
1443 2838 1480 2867 et
1510 2835 1634 2877 optimi

1462 2892 1483 2921 2
1506 2890 1545 2922 Μ
