1806 3236
240 226 328 270 6:30

700 237 842 270 No'rAE
879 239 1145 272 VARwRUM
1180 231 1231 271 [N

743 516 1000 562 FABULA
1049 519 1197 563 XIX.

285 640 301 671 1
330 639 442 682 Eruit]
469 640 549 673 Ruit
565 642 783 675 scribendum
797 643 946 685 videtur,

240 688 261 720 i.
277 693 307 722 e.
334 689 436 731 fodit,
461 690 597 734 ὀρύσσει.
651 694 770 736 Vin-gil.
793 694 803 713 ‘
820 695 944 727 Cumu-

237 740 355 783 losque
371 742 439 774 ruit
464 745 551 776 male
579 745 714 787 pinguis
730 746 868 779 arenae.’
913 746 943 778 Α

237 801 295 825 ruo
316 792 326 811 ‘
342 795 498 836 rutrum‚'
518 795 529 814 ‘
546 797 730 831 rutellum.'
777 798 886 832 Guiee.

280 847 301 876 2
323 844 480 888 Agitque]
515 847 676 890 Proprie.
713 849 830 883 caesar
846 851 888 883 B.
900 851 943 885 G.

237 895 298 929 lib.
324 906 382 930 111.
404 900 459 931 21.
483 899 493 916 ‘
510 899 686 933 Cuniculis
712 901 755 933 ad
782 911 943 944 aggerem

240 947 422 990 vineasque
439 948 549 981 actis.’
592 950 666 984 Cic.
682 950 754 984 Off.
772 961 829 986 111.
851 953 861 971 ‘
878 954 944 987 Cu·

237 997 369 1030 niculos
385 1003 466 1040 agat
479 1000 523 1032 ad
538 1002 722 1035 aerarium.'
744 1003 850 1044 Senes.

281 1051 300 1081 3
335 1049 510 1092 Draconis]
555 1053 650 1086 Quos
677 1053 757 1086 hinc
784 1055 944 1088 discimus

229 1099 302 1141 jam
317 1101 397 1134 olim
413 1101 547 1135 habitos
558 1103 718 1137 custodes
730 1104 943 1140 defossarum

237 1154 296 1182 aut
313 1152 566 1186 reconditarum
583 1164 698 1197 opum,
716 1156 806 1189 sicut
828 1157 944 1190 hodie-

237 1213 302 1245 que
328 1204 432 1245 vulgo
461 1205 618 1238 credunt.
662 1207 717 1240 Sic
745 1207 787 1240 de
814 1209 943 1242 vellere

236 1264 351 1296 aureo,
376 1255 427 1287 sic
450 1255 494 1288 de
518 1257 628 1297 pomis
651 1258 763 1290 aureis
788 1257 943 1292 Atlantis

237 1305 415 1347 traditum,
426 1311 464 1338 ut
480 1316 522 1339 ex
539 1307 667 1340 Ovidio
682 1308 802 1350 liquet.
849 1310 943 1342 Festi

235 1355 425 1389 breviator:
463 1359 473 1376 ‘
491 1358 668 1400 Dracones,
694 1359 756 1391 ἀπὸ
788 1361 845 1392 τοῦ
875 1363 943 1404 δρω-

235 1407 300 1439 κεῖν
314 1407 412 1448 dicti,
436 1408 516 1451 qnia
542 1419 584 1441 ea
607 1420 712 1443 causa
737 1412 942 1446 incubantes

236 1467 294 1490 eos
309 1457 477 1491 thesauris
493 1460 660 1494 custodiae
685 1471 790 1495 causa
811 1464 942 1507 antiqui

235 1508 432 1543 finxerunt:
487 1510 588 1544 Adde
620 1512 776 1547 Martial.
810 1523 878 1548 xn.
906 1516 942 1548 in

236 1560 439 1595 Paternum.
462 1562 566 1603 Schef.

285 1612 452 1656 Ultimum]
484 1615 624 1649 Terent.
639 1617 780 1652 Phorm.
800 1627 825 1651 1.
844 1628 892 1651 sc.
908 1621 941 1652 4.

235 1664 244 1682 ‘
262 1664 330 1697 Sed
347 1665 422 1708 quis
439 1666 494 1699 hic
509 1674 563 1699 est
578 1678 696 1710 senex,
719 1680 818 1712 quem
841 1670 942 1703 video

234 1715 271 1747 in
287 1716 408 1748 ultima
421 1717 536 1759 platea
548 1718 572 1750 ?’
595 1719 694 1752 Idem
709 1720 744 1752 in
760 1721 890 1753 Heant.
907 1731 941 1756 v.

236 1775 285 1798 sc.
311 1769 342 1798 1.
365 1766 376 1783 ‘
394 1767 457 1800 Est
479 1768 561 1801 mihi
585 1769 619 1801 in
636 1770 762 1804 ultimis
777 1774 942 1806 conclave

236 1816 391 1850 aedibus!
437 1819 534 1852 Curt.
548 1829 597 1854 ιν.
611 1831 643 1855 c.
659 1825 711 1854 10.
727 1823 737 1840 ‘
751 1823 791 1855 In
804 1823 942 1856 ultimas

234 1872 344 1901 terras
362 1870 449 1902 trahi
465 1881 502 1903 se
518 1872 772 1914 querebantur?
811 1875 942 1908 Verum

233 1921 354 1953 mallet
364 1921 614 1956 eruditissimus
629 1933 670 1957 110
680 1925 941 1959 humanissimus

235 1973 282 2006 N.
309 1972 474 2006 Heinsius
500 1975 668 2017 scribere,
691 1976 813 2018 ultimo,
833 1982 873 2010 ut
897 1977 942 2010 sit

235 2032 375 2056 sensus:
412 2024 550 2058 tandem
579 2025 661 2058 illuc
690 2026 836 2060 venisse.
894 2028 942 2061 Et

233 2079 352 2116 posset
381 2075 522 2118 propius
553 2076 756 2118 scripturam
787 2082 941 2111 veterem

233 2125 313 2168 legi,
335 2126 490 2169 ultimum,
515 2133 554 2160 ut
575 2128 722 2161 ultimum
747 2135 840 2162 esset
864 2140 941 2173 pro,

233 2177 278 2209 ad
293 2177 462 2211 ultimum.
517 2179 655 2212 Livius:
679 2181 689 2198 ‘
707 2179 874 2214 Ultimum
898 2182 941 2214 de

234 2229 335 2271 coelo,
351 2230 442 2271 quod
456 2230 596 2263 comitia
612 2231 776 2273 turbaret,
791 2231 941 2265 interve-

235 2280 307 2313 nit!
329 2280 435 2318 Schef.
482 2281 588 2323 Lege,
601 2282 723 2315 ultimo.
766 2282 857 2315 Vide
870 2283 942 2316 Sal·

232 2340 316 2363 mas.
341 2331 496 2365 Exercit.
523 2332 615 2366 Plin.
642 2342 720 2374 pag.
742 2336 797 2366 41.
832 2338 870 2367 et
891 2334 940 2367 ita

232 2381 429 2416 Suetonius.
460 2383 576 2416 Heius.
630 2383 723 2417 Nihil
744 2387 852 2425 muto,
874 2394 940 2417 nee

233 2443 311 2465 cum
327 2433 504 2467 Scheffero
527 2435 571 2467 de
595 2434 716 2467 ultima
739 2440 838 2477 parte
861 2445 939 2478 spe-

232 2485 343 2517 lnncae
359 2485 478 2527 capio:
513 2485 574 2517 sed
589 2485 702 2518 ultima
714 2486 859 2527 spelunca
874 2491 938 2527 est,

232 2534 415 2577 profunda,
443 2537 589 2569 maxime
608 2538 758 2569 'remota
784 2546 805 2569 a
833 2541 937 2570 terrae

234 2585 437 2628 superficie:
461 2591 501 2620 nt
522 2587 534 2606 ‘
551 2587 702 2620 Ultimus
716 2586 817 2620 orbis'
831 2587 937 2621 Ovid.

220 2637 345 2681 Epist.
369 2646 446 2669 xiv.
480 2639 556 2669 112.
600 2638 611 2656 ‘
630 2637 769 2670 Ultimae
812 2638 936 2670 terrae'

234 2689 378 2722 Quinet.
397 2689 496 2722 Decl.
512 2698 579 2723 xu.
602 2698 678 2731 cap.
693 2690 758 2722 ult.
773 2698 851 2722 nam
865 2690 936 2722 ulti-

233 2749 316 2770 mam
351 2740 526 2781 speluncam
562 2749 625 2781 pro
655 2739 766 2781 prima
795 2739 877 2781 dici,
899 2744 937 2772 ut

231 2789 241 2807 ⁴
255 2789 438 2831 Sanguinis
452 2790 591 2823 ultimus
608 2790 752 2832 auctor,’
770 2790 824 2823 vix
841 2794 935 2834 puto.

238 2839 346 2871 Burm.

1042 644 1212 687 Ultimum]
1257 645 1416 678 Heinsius
1431 645 1582 684 uuimuu
1610 643 1700 687 [fam

995 695 1132 729 videtur
1144 696 1312 738 Gudinsz]
1337 697 1411 740 lege
1425 696 1569 729 ultimum
1577 706 1591 734 ‚·
1604 694 1702 738 quod.

994 747 1105 780 amico
1121 747 1294 789 placebat,
1310 757 1386 789 pro,
1401 745 1536 789 ultimo}
1543 745 1698 782 tandem.

994 798 1049 831 Sic
1076 798 1192 831 Livius
1218 803 1255 831 et
1281 798 1421 832 Curtius
1449 806 1544 841 saepe
1570 797 1703 831 habent

994 850 1004 867 ‘
1021 849 1214 882 Ultimum!
1239 848 1326 882 Gud.
1654 856 1656 858 ’

1036 903 1056 931 5
1089 899 1172 941 Oro]
1217 901 1417 942 Eleganter,
1443 900 1538 943 velut
1562 899 1702 933 timens.

991 950 1132 984 Terent.
1159 951 1289 984 Heaut.
1317 960 1368 985 iv.
1393 961 1442 984 se.
1464 953 1497 984 1.
1517 951 1527 970 ⁶
1544 949 1699 983 Primum

993 1005 1030 1034 te
1045 1002 1108 1035 1100
1124 1012 1197 1044 oro,
1213 1012 1255 1035 ne
1271 1003 1352 1045 quid
1369 1002 1492 1035 credas
1506 1011 1562 1037 me
1575 1001 1700 1035 advet-

993 1062 1066 1084 sum
1077 1052 1228 1086 edictum
1241 1058 1334 1086 tuum
1346 1053 1461 1086 facere
1470 1063 1547 1086 esse
1558 1051 1701 1087 nusum!

994 1104 1102 1136 Plane
1118 1105 1219 1137 simili
1233 1105 1385 1138 exordio.
1406 1104 1512 1144 Sekef.
1697 1123 1701 1126 >

1035 1158 1057 1187 6
1079 1154 1133 1196 Si]
1177 1154 1418 1188 Confirmatis
1432 1161 1501 1196 est,
1515 1159 1559 1188 ut·
1577 1154 1613 1187 in
1638 1154 1700 1188 illo

992 1205 1115 1249 Virgil.
1130 1206 1260 1249 Georg.
1277 1216 1303 1239 1.
1326 1208 1337 1225 ‘
1354 1207 1458 1240 Liber
1472 1210 1509 1238 et
1522 1206 1614 1238 alma
1632 1202 1713 1238 (Je-⁴

993 1267 1059 1300 res,
1074 1262 1188 1290 vestro
1203 1258 1230 1290 si
1246 1267 1385 1290 munere
1397 1258 1499 1290 tellus
1507 1255 1698 1289 Chaoniam

991 1308 1108 1351 pingui
1123 1308 1279 1350 glandem
1295 1308 1442 1340 mutavit
1458 1306 1588 1341 arista!
1617 1307 1697 1340 Ser·

992 1359 1088 1392 vius:
1120 1359 1131 1377 ‘
1147 1359 1197 1401 Si,
1222 1358 1277 1392 1110
1303 1368 1379 1401 pro,
1402 1357 1597 1402 siquidem.'
1639 1358 1698 1392 Ita

990 1411 1131 1442 Terent.
1148 1410 1238 1443 And.
1253 1419 1278 1443 1.
1295 1420 1344 1443 se.
1359 1413 1393 1444 6.
1416 1411 1427 1429 ‘
1442 1410 1480 1443 Si
1497 1414 1531 1443 te
1558 1410 1593 1443 in
1619 1419 1695 1452 ger·

991 1461 1083 1493 mani
1103 1460 1221 1493 fratris
1243 1461 1348 1494 dilexi
1371 1459 1473 1501 loeo,'
1495 1462 1562 1493 &e.
1607 1460 1698 1493 Vide

991 1521 1045 1544 me
1075 1513 1109 1544 in
1138 1513 1194 1544 De
1222 1511 1412 1555 Gymnasio
1436 1510 1528 1554 styli
1557 1520 1594 1553 p.
1619 1513 1694 1544 ne.

991 1562 1099 1601 Schef.

1034 1617 1054 1647 7
1083 1615 1167 1648 Vim
1179 1615 1272 1656 meoe]
1315 1615 1440 1648 Sensus
1460 1613 1598 1657 flagitat
1620 1617 1696 1648 eu.

991 1667 1134 1700 Prasch.
1177 1667 1362 1700 Prasehius
1388 1665 1571 1709 legendum
1594 1671 1697 1708 putat

992 1721 1065 1760 tuae,
1078 1723 1118 1751 nt
1132 1718 1301 1751 referatur
1315 1717 1360 1750 ad
1382 1717 1575 1750 draconem.
1619 1717 1697 1759 Ego

992 1778 1058 1800 non
1074 1769 1245 1801 existimo.
1289 1769 1342 1800 De
1363 1778 1399 1800 se
1419 1769 1500 1811 ipsa
1514 1769 1634 1811 vulpes
1648 1768 1697 1801 10-

992 1819 1123 1862 quitur,
1138 1823 1174 1852 et
1187 1820 1263 1852 haec
1280 1820 1387 1852 veluti
1402 1819 1605 1853 amoliendas
1621 1828 1695 1852 sns-

992 1871 1137 1912 picionis
1160 1871 1273 1913 gratia
1287 1875 1324 1903 et
1338 1869 1588 1903 benevolentia
1613 1879 1696 1915 cep-

993 1921 1107 1954 tandae
1124 1921 1316 1964 praemittit.
1371 1920 1490 1960 Nosti,
1503 1920 1628 1963 inquit,
1641 1929 1694 1953 sa-

992 1972 1131 2012 tis,non
1156 1981 1232 2006 esse
1255 1973 1319 2005 hoc
1346 1981 1459 2005 meum
1484 1971 1694 2012 institutum,

991 2028 1030 2056 ut
1045 2024 1214 2056 cumulem
1229 2023 1312 2056 mihi
1326 2032 1422 2065 opes,
1435 2031 1512 2066 quae
1528 2026 1632 2064 rapto
1645 2021 1696 2054 vi·

992 2084 1046 2116 vo,
1060 2080 1097 2107 et
1112 2084 1216 2107 carne
1231 2074 1454 2107 animantium
1470 2083 1601 2108 vescor.
1621 2073 1694 2107 Ita·

991 2135 1058 2168 que
1083 2126 1175 2169 quod
1198 2125 1384 2169 qnaesitura
1409 2134 1496 2166 snm,
1521 2133 1589 2157 non
1613 2124 1695 2158 ideo

991 2175 1082 2209 facio
1107 2182 1269 2220 tanquam
1286 2176 1350 2209 tibi
1370 2175 1541 2209 invideam
1555 2176 1619 2209 1100
1633 2186 1694 2209 ιι·

991 2236 1076 2269 rum,
1091 2227 1234 2270 ipsaque
1260 2227 1360 2260 velim
1375 2227 1515 2260 habere.
1559 2227 1626 2260 Dic
1641 2231 1694 2260 ta·

990 2287 1080 2320 men,
1103 2278 1131 2310 si
1155 2279 1282 2320 placet,
1307 2287 1413 2322 quare
1433 2277 1498 2310 1100
1512 2276 1632 2315 facias,
1653 2282 1692 2310 et

989 2329 1112 2372 opibus
1127 2330 1177 2362 sic
1193 2329 1379 2363 incumbas.
1402 2327 1512 2368 Sem.

1037 2381 1119 2414 Vitae
1129 2381 1220 2423 meoe]
1242 2380 1286 2413 Id
1301 2385 1368 2423 est,
1375 2380 1470 2421 milii,
1483 2384 1525 2413 ut.
1534 2379 1694 2422 Plautus,

988 2432 998 2450 ‘
1018 2431 1123 2463 AEtati
1139 2431 1231 2473 tuoe,'
1247 2440 1321 2473 pro,
1333 2430 1422 2463 Tibi.
1437 2428 1505 2472 An,
1518 2430 1690 2470 vitoemeoe,

987 2482 1022 2514 id
1038 2486 1104 2524 est,
1119 2483 1225 2515 victui
1238 2483 1336 2515 meo?
1369 2486 1406 2514 ut
1426 2485 1463 2515 et
1476 2481 1569 2523 apud
1591 2480 1691 2514 (ἴτω-

987 2545 1046 2567 cos
1061 2533 1131 2567 Βίος
1153 2534 1352 2576 saepissime,
1371 2537 1410 2565 et
1435 2531 1526 2575 apud
1548 2532 1691 2565 Latinos

986 2584 1171 2627 aliquando
1191 2584 1202 2602 ‘
1216 2584 1323 2625 Vita,’
1343 2587 1536 2625 usurpatur.
1559 2583 1646 2616 Rite.

1027 2638 1049 2670 8
1071 2634 1260 2675 Clementer]
1303 2634 1363 2667 Sic
1376 2633 1513 2674 callide,
1527 2637 1689 2676 tanqum

986 2696 1063 2719 cnm
1087 2685 1286 2727 valentiori,
1310 2695 1355 2718 ex
1379 2684 1563 2726 disciplina
1583 2684 1690 2728 vafri-3

985 2737 1058 2769 tiei.
1108 2737 1201 2769 Puto
1226 2739 1354 2777 autem,
1381 2739 1459 2777 post
1483 2734 1686 2767 vocabulum

985 2788 1062 2829 hoc,
1072 2790 1238 2830 punctum
1248 2795 1322 2819 esse
1336 2785 1566 2818 scribendum.
1580 2784 1688 2825 Schef.

985 2839 1102 2872 Plaut.
1113 2837 1222 2871 Stich.
1237 2846 1287 2871 lv.
1303 2840 1334 2870 l.
1350 2839 1403 2870 26.
1425 2837 1436 2855 ‘
1455 2837 1612 2870 Hodiene
1627 2845 1685 2868 ex-
