1806 3236
182 248 271 291 504

184 355 393 397 Hujusmodi
408 364 510 388 canes
526 355 658 388 Seneca
673 360 776 389 vocat
799 357 810 375 ‘
823 357 888 390 Ca-

184 405 353 439 teuarios'
377 406 421 438 de
442 406 501 438 Ira
515 406 574 439 lib.
590 414 646 439 111.
662 416 693 439 c.
710 410 763 440 37.
785 406 889 440 Arte-

183 457 335 490 midorus
362 455 526 496 Δεσμίους.
570 457 778 490 Petronius:
801 459 811 476 ‘
825 457 889 490 Ca-

183 507 236 539 nis
266 507 384 549 ingens
399 512 525 540 catena
539 507 700 540 vinctus!
736 507 889 540 Avienus

181 559 271 590 hanc
285 556 436 590 fabulam
453 558 581 591 recitat
596 558 640 591 de
658 558 752 592 Cane
767 563 806 592 et
821 559 890 592 Le-

183 618 261 642 one.
284 609 373 642 Rite.

227 662 268 692 17
296 659 385 692 Unde
399 659 467 701 hoc,
479 658 602 694 amice?
622 660 703 693 nihil
721 663 780 693 est.
810 660 889 699 Dic,

184 720 299 752 quoeso,
321 709 441 752 tamen]
491 710 659 743 Imitatur
683 710 890 744 Terentium

183 761 294 794 Andr.
304 766 373 795 act.
386 771 427 794 11.
442 771 492 794 sc.
508 765 541 795 6.
564 763 574 781 ‘
587 762 692 795 Simo.
716 763 889 796 Quidnam

183 813 262 845 est?
285 814 354 847 Da.
370 813 511 845 Puerile
527 817 591 846 est.
633 814 681 846 Si.
705 813 798 848 Quid
811 816 889 847 est?

182 864 254 896 Da.
279 864 385 896 Nihil.
402 864 484 896 Sim.
508 864 600 898 Quin
614 864 683 902 dic,
698 864 780 907 quid
796 869 849 898 est
864 865 888 898 ?'

182 914 231 946 Et
246 913 330 947 ibid.
345 918 415 946 aet.
431 922 475 947 ιι.
497 923 544 947 sc.
565 917 599 947 2.
623 915 634 933 ‘
648 915 688 948 C.
703 916 821 948 Laetus
836 919 890 949 est

183 964 302 997 nescio
325 963 417 1006 quid.
438 963 483 997 P.
509 964 606 997 Nihil
632 968 707 998 est:
739 966 889 998 nondum

181 1016 257 1048 haec
284 1015 427 1048 rescivit
448 1014 562 1050 mala.’
617 1016 664 1048 Et
689 1016 829 1050 Phorm.
854 1026 888 1050 v.

181 1070 214 1098 5.
238 1069 270 1098 6.
295 1067 361 1100 (Ρ.
381 1066 476 1099 Abia
508 1070 634 1108 tange:
659 1067 772 1100 sinon
797 1071 891 1100 totus

184 1115 303 1158 friget,
317 1126 372 1148 me
387 1126 504 1149 eneca.
528 1117 566 1150 C.
581 1117 679 1150 Nihil
701 1121 777 1150 est.’
800 1118 888 1151 Gud.

226 1167 322 1199 Nihil
335 1167 399 1209 est]
421 1167 478 1200 Sic
495 1167 726 1210 loquebantur
741 1173 890 1210 veteres,

182 1227 259 1250 cum
276 1218 377 1259 plane
389 1222 426 1250 et
435 1216 595 1260 διαῤῥήδην
609 1219 817 1261 respondere
833 1230 891 1253 no-

183 1269 316 1311 lebant,
342 1270 402 1302 sed
437 1271 740 1312 perplexabiliter,
773 1277 813 1305 ut
840 1273 890 1306 ait

183 1320 343 1353 Plautus.
388 1320 583 1363 Aliquando
596 1322 699 1354 etiam
715 1322 890 1363 dicebant,

183 1370 341 1410 ‘Rectess
355 1372 440 1404 utin
457 1371 599 1414 Hecyra
610 1372 690 1404 etin
704 1372 888 1415 Adelphis:

184 1420 381 1464 Aliquando
397 1422 502 1454 etiarn
517 1422 527 1440 ‘
539 1422 722 1464 Benigne,’
745 1427 783 1456 ut
798 1423 890 1465 apud

184 1471 383 1505 Horatium.
412 1472 527 1504 Faber.
573 1473 716 1505 Mallem
746 1483 812 1515 ego
840 1473 891 1505 di-

184 1531 276 1564 cere,
286 1522 467 1555 formulam
479 1532 558 1556 ⁴esse
569 1522 718 1565 illorum,
733 1524 791 1566 qui
803 1533 891 1565 prae-

183 1575 304 1608 ciduut
326 1585 517 1609 sermonem
544 1574 588 1607 de
615 1585 653 1608 re
682 1576 746 1609 sibi
770 1585 892 1618 parum

183 1630 292 1668 grata.
336 1627 424 1659 Tota
439 1627 529 1659 enim
546 1627 595 1660 ita
607 1631 727 1660 sonat:
752 1627 794 1660 Id
810 1627 892 1660 nihil

185 1676 230 1709 ad
245 1677 333 1710 hanc
355 1687 427 1710 rem
443 1682 507 1710 est.
549 1678 691 1710 Terent.
706 1678 809 1711 Phor.
824 1682 892 1712 aet.

184 1738 221 1760 v.
239 1737 287 1760 sc.
302 1731 336 1760 6.
358 1729 368 1746 ‘
383 1728 516 1761 Omitto
539 1729 717 1771 proloqui:
742 1739 818 1761 nam
841 1729 892 1761 ni-

183 1779 233 1811 hil
249 1778 292 1811 ad
308 1778 396 1811 hanc
414 1788 485 1810 rem
510 1782 576 1820 est,
600 1778 781 1821 Antipho.’
825 1780 891 1811 Vel

184 1839 316 1871 eorum,
329 1829 387 1872 qui
399 1829 613 1862 dissimulant
626 1830 769 1872 aliquid,
782 1834 819 1862 et
833 1840 891 1862 ex-

184 1884 344 1913 tenuant.
390 1879 570 1914 Quomodo
582 1880 674 1922 apud
690 1880 890 1914 Ciceronem

187 1935 262 1964 tota
277 1931 406 1973 legitur
433 1932 499 1964 hoc
520 1932 644 1964 modo:
666 1932 677 1950 ‘
693 1932 750 1964 De
765 1931 893 1965 familia

185 1982 328 2015 liter-ata
354 1981 436 2013 nihil
463 1986 529 2023 est,
554 1982 645 2024 quod
674 1986 710 2014 te
732 1981 891 2015 moveat.’

186 2031 293 2071 Sches.
350 2032 616 2074 Tergiversandi
645 2031 815 2064 formula:
853 2036 894 2065 ut

188 2082 281 2125 apud
303 2083 385 2116 Ter.
407 2083 471 2116 Ph.
492 2093 527 2115 v.
544 2086 574 2115 8.
589 2085 622 2115 6.
645 2083 782 2115 Praseh.
826 2083 894 2116 Te-

186 2138 275 2168 rent.
312 2135 401 2166 Eun.
430 2143 481 2167 1v.
519 2137 553 2167 2.
582 2136 634 2166 10.
684 2133 804 2166 ‘Nihil
830 2138 895 2166 est.

188 2184 300 2219 Quid?
324 2183 421 2216 Nihil
433 2183 457 2215 ?'
489 2183 592 2216 Adel.
617 2193 658 2216 ιι.
673 2186 703 2216 2.
718 2186 773 2216 24.
801 2184 811 2201 ‘
826 2183 895 2216 Ubi

187 2235 259 2267 illic
275 2233 432 2267 rediero:
457 2234 541 2266 nihil
556 2237 610 2266 est
625 2233 647 2265 :'
673 2234 748 2266 scil.
764 2234 895 2275 dicent,

188 2289 334 2318 utentur
354 2285 511 2317 sollemni
526 2284 583 2316 illa
599 2283 755 2316 formula.
779 2284 896 2316 Persi-

188 2347 228 2369 us
257 2336 331 2369 Sat.
357 2346 416 2369 111.
444 2336 565 2368 ‘Heus
589 2335 691 2375 bone,
716 2339 755 2367 tu
776 2337 895 2377 palles.

191 2387 288 2420 Nihil
304 2387 379 2420 est.¹
399 2387 522 2419 Senec.
539 2386 581 2418 de
595 2386 714 2418 Const.
739 2386 894 2428 Sapient.

191 2446 269 2470 xvr.
291 2437 335 2469 de
351 2437 580 2470 Gladiatore:
602 2436 612 2455 ‘
626 2436 827 2478 Respiciens
849 2437 893 2469 ad

191 2488 394 2520 clamantem
410 2488 586 2529 populum,
612 2485 794 2528 significat,
809 2486 894 2518 nihil

191 2537 291 2570 esse!
333 2537 458 2579 Virgil.
477 2537 584 2578 Ceiri,
599 2539 674 2569 235.
697 2535 819 2570 ‘Quod
834 2546 895 2568 sae·

190 2599 235 2631 pe
253 2589 388 2631 petenti
415 2587 557 2621 surabis
582 2587 665 2619 nibil
691 2596 767 2619 esse
790 2586 895 2620 mihi!

190 2639 282 2672 Vide
297 2638 340 2670 ad
355 2639 497 2670 Petron.
510 2647 587 2679 cap.
599 2640 653 2670 43.
665 2639 762 2668 εῑ48.
778 2637 896 2670 Burm-

235 2689 312 2726 Die,
340 2688 458 2730 quoeso]
483 2688 570 2729 Lupi
601 2687 721 2727 verba,
736 2687 792 2719 cui
817 2696 896 2719 mox

192 2739 382 2781 respondet
394 2738 508 2772 canis:
543 2739 553 2757 ‘
566 2738 658 2772 Quia
676 2736 816 2779 videor,'
830 2739 896 2771 &c-

192 2788 298 2827 Schef.

240 2839 370 2881 Tamen]
394 2838 653 2880 Elegantissime
666 2847 707 2871 ac
722 2837 898 2876 Latinissi—

653 261 796 292 NOTAE
833 261 1097 295 vAmoRUM
1130 265 1182 296 IN

937 367 1004 391 me.
1071 360 1252 393 Terentius
1289 370 1352 403 pro
1388 370 1431 394 eo
1467 361 1646 404 usurpavit

939 408 950 427 ⁴
963 409 1073 443 Quin’
1091 410 1129 442 in
1144 410 1246 443 simili
1266 411 1357 451 loco,
1371 412 1430 454 qui
1458 412 1644 445 estrAndr.

938 458 1020 492 Act.
1034 469 1076 493 ιι.
1094 470 1143 494 sc.
1156 464 1190 494 62
1211 461 1331 494 Habet
1350 462 1418 494 vim
1442 462 1587 495 validius
1608 473 1645 495 o-

940 510 1050 544 randi.
1095 511 1146 544 Ut
1160 512 1195 543 in
1209 512 1267 544 illo
1293 512 1565 547 Germanorum:
1585 513 1647 546 So·

935 570 978 602 ge
987 561 1049 593 mir
1073 571 1106 594 es
1126 562 1221 594 doch:
1243 562 1329 595 Thus
1352 573 1386 595 es
1408 563 1501 596 cloch.
1544 563 1644 596 Idem

938 612 1125 645 Terentius
1139 612 1174 645 in
1188 612 1299 645 Andr.
1313 622 1349 647 v.
1371 624 1421 647 sc.
1436 617 1470 647 8.
1490 614 1554 648 ⁴P.
1577 614 1646 648 Pa-

941 666 1006 705 ter,
1019 663 1148 695 licetne
1163 663 1296 705 pauca?
1318 663 1354 696 S.
1364 663 1566 698 Quiddices
1581 665 1645 698 mi-

939 713 997 746 hi?
1033 713 1097 747 Ch.
1138 714 1286 754 Tamen,
1316 713 1421 755 Simo,
1446 714 1551 748 audi?
1595 715 1644 748 Et

940 764 976 797 in
992 764 1124 797 Heaut.
1138 768 1206 798 act.
1220 773 1246 797 ι.
1261 774 1309 798 sc.
1325 766 1357 797 1.
1379 765 1389 783 ‘
1404 764 1453 797 At
1467 765 1550 798 istos
1573 774 1646 800 ras·

940 818 1012 847 tros
1037 815 1172 848 interea
1201 818 1317 848 tamen
1345 814 1505 857 depone?
1539 809 1646 856 schot

940 866 1083 899 Petron.
1097 875 1175 908 cap.
1190 868 1246 899 66.
1272 866 1431 907 ‘Tamen‚
1446 867 1560 909 inquit
1572 867 1647 901 'rri-

939 917 1099 958 malchio,
1112 917 1194 960 quid
1209 916 1377 950 habuistis
1389 917 1423 949 in
1436 926 1535 950 coena
1548 917 1573 950 θ’

982 970 1024 1000 18
1063 968 1150 1005 Quia
1187 968 1296 1001 videor·
1323 977 1408 1009 acer,
1435 969 1571 1009 alligant
1598 979 1648 1002 nte

938 1018 1090 1060 interdiu]
1135 1019 1261 1060 Varro,
1299 1018 1359 1051 ubi
1400 1019 1444 1052 de
1481 1016 1646 1053 canibus:

938 1068 1106 1101 ‘Irritaut
1130 1068 1174 1101 ad
1208 1069 1442 1111 pugnandum,
1467 1079 1534 1112 qno
1558 1069 1648 1103 fiunt

938 1119 1110 1153 acriores.’
1149 1120 1291 1153 Catonis
1305 1124 1420 1155 autem
1432 1126 1648 1163 praeceptum

939 1175 1006 1212 est,
1027 1171 1038 1189 ‘
1051 1171 1162 1204 Canes
1177 1170 1330 1203 interdiu
1345 1171 1473 1212 claudi,
1487 1174 1527 1203 ut
1541 1171 1648 1205 noctu

938 1221 1088 1254 acriores
1102 1225 1140 1254 et
1155 1221 1388 1263 vigilantiores
1402 1220 1492 1254 siut!
1516 1221 1597 1262 Εἰς.

987 1271 1117 1313 Videor]
1138 1271 1325 1312 Eleganter
1346 1279 1421 1303 sese
1445 1269 1549 1302 habet
1573 1273 1648 1303 tota

938 1320 1047 1353 oratio
1060 1331 1070 1360 ς
1087 1324 1123 1352 et
1138 1319 1318 1353 commoda
1330 1320 1425 1353 canis
1442 1319 1584 1361 attollit,
1595 1319 1648 1353 in-

939 1371 1118 1403 commoda
1131 1375 1298 1403 extenuat
1309 1370 1452 1404 mitibus
1464 1370 1648 1404 vocabulis.

941 1421 1021 1454 Huc
1036 1422 1190 1463 pertinet
1203 1430 1290 1462 acer,
1315 1421 1406 1463 quod
1432 1430 1514 1453 mox
1537 1420 1649 1463 sequi-

941 1477 1012 1513 tur,
1027 1476 1064 1504 et
1085 1472 1253 1515 quiescam,
1267 1475 1305 1504 et
1323 1482 1385 1514 qua
1398 1472 1499 1504 vicum
1514 1474 1574 1515 ent,
1591 1473 1648 1514 isc.

941 1522 1059 1556 Schef.

985 1573 1086 1615 Acer]
1109 1573 1241 1606 Seneca
1265 1573 1310 1605 de
1325 1573 1444 1606 Const.
1459 1576 1513 1607 14.
1533 1574 1544 1593 ‘
1556 1569 1651 1606 Tan&

943 1634 1045 1667 quam
1069 1633 1190 1656 canem
1215 1632 1331 1656 acrem
1346 1623 1485 1665 objecto
1508 1623 1586 1656 cibo
1601 1624 1650 1656 le-

940 1674 1036 1707 niet.’
1060 1673 1171 1713 Schef.
1224 1673 1282 1705 Sic
1298 1673 1385 1706 Cato
1400 1673 1445 1706 de
1460 1674 1502 1706 R.
1516 1674 1559 1706 R.
1574 1676 1650 1707 124.

943 1727 952 1743 ‘
966 1724 1076 1757 Canes
1092 1723 1242 1756 interdiu
1257 1724 1391 1755 clausos
1406 1733 1482 1756 esse
1496 1727 1650 1765 oportet,

942 1779 981 1807 ut
989 1778 1095 1807 noctu
1106 1774 1254 1806 acriores
1265 1777 1301 1805 et
1311 1773 1546 1815 vigilantiores
1556 1772 1649 1806 sint!

943 1825 1122 1857 Columell.
1134 1833 1218 1857 vlu.
1232 1826 1285 1857 12.
1307 1824 1317 1842 ‘
1329 1823 1470 1856 Catenis
1484 1833 1547 1866 per
1557 1823 1649 1856 diem

942 1875 1156 1917 continendi,
1168 1879 1205 1908 et
1215 1874 1373 1907 noctibus
1384 1873 1540 1907 solvendi
1550 1873 1650 1907 snut!

944 1927 1062 1959 Heius.
1099 1926 1194 1959 Hinc
1208 1925 1218 1944 ‘
1234 1925 1399 1958 Acriores
1410 1925 1649 1968 literas’npud

944 1977 1084 2011 Quinct.
1100 1985 1126 2009 ι.
1144 1979 1197 2010 11.
1211 1976 1469 2009 illustravimus.

987 2027 1086 2069 Acer]
1116 2027 1251 2060 Seneca
1278 2027 1399 2059 Contr.
1423 2026 1484 2060 lib.
1507 2035 1566 2060 ιιι.
1593 2029 1650 2060 20.

945 2079 956 2097 ⁴
970 2077 1063 2111 Aere
1092 2078 1228 2110 omnino
1263 2082 1301 2110 et
1329 2080 1568 2119 exporrectum
1596 2082 1652 2110 est

946 2130 1083 2171 animal,
1097 2129 1192 2161 canis
1207 2139 1216 2168 ;
1240 2128 1361 2170 utique
1378 2127 1574 2160 catenarius
1589 2137 1652 2170 pa-

946 2179 1065 2212 ratur.'
1107 2180 1227 2211 Talem
1241 2188 1362 2211 canem
1390 2178 1579 2210 Columella
1592 2187 1652 2210 vo·

946 2235 1017 2272 cat,
1037 2231 1071 2262 in
1099 2228 1197 2272 praef.
1222 2229 1284 2261 lib.
1300 2239 1326 2262 1.
1349 2229 1580 2262 ‘catenatum
1596 2228 1653 2271 ja-

946 2281 1117 2315 nitorem!
1142 2281 1229 2313 Gud.

991 2335 1033 2365 19
1056 2333 1103 2364 Et
1117 2330 1262 2372 vigilem]
1295 2330 1390 2372 Lege
1414 2330 1578 2372 quiescam,
1601 2330 1651 2362 in-

944 2386 1084 2427 vigilem,
1111 2385 1166 2417 vel
1182 2384 1340 2425 evigilem,
1354 2393 1424 2416 eum
1436 2393 1501 2415 nox
1520 2382 1652 2415 veum.

944 2436 1068 2469 Heius.
1554 2469 1556 2471 ,

989 2489 1031 2518 22
1055 2486 1127 2518 Dat
1153 2495 1222 2518 ossa
1249 2483 1404 2525 dminus]
1439 2484 1508 2516 Ms.
1542 2483 1651 2515 Datur

947 2545 1038 2574 ossa‚·
1071 2535 1177 2575 forte,
1203 2535 1273 2566 Dat
1295 2543 1366 2565 rosa
1390 2532 1542 2577 dominus.
1592 2531 1650 2563 Ita

946 2584 1126 2618 Salmasius
1139 2583 1182 2615 ad
1197 2593 1289 2615 oram
1303 2582 1395 2615 libri.
1420 2582 1505 2614 Gud.

990 2635 1122 2676 Frusta]
1155 2633 1272 2666 Edulii
1297 2633 1543 2674 cujuscunque,
1570 2631 1649 2664 sim-

948 2686 1030 2728 plic.
1054 2690 1094 2717 ut
1119 2685 1153 2716 in
1170 2685 1235 2717 isto
1250 2684 1410 2717 Juvenal.
1433 2684 1504 2716 Sat.
1527 2692 1584 2716 ιιι.
1601 2693 1650 2716 vs.

947 2739 1025 2768 210.
1063 2736 1072 2753 ‘
1086 2736 1133 2767 Et
1146 2734 1260 2767 frusta
1284 2739 1462 2775 rogantem
1479 2734 1590 2767 Nemo
1602 2734 1651 2767 ci·

947 2787 991 2819 bo
1009 2784 1170 2827 juvabit!
1213 2784 1282 2817 Ubi
1307 2788 1403 2816 recte
1431 2784 1542 2816 Schol.
1567 2783 1649 2816 Vet.

947 2837 1101 2880 explicat
1119 2836 1264 2879 ‘panem
1280 2835 1478 2878 petentem!
1524 2834 1649 2878 Neque
