1806 3236
433 213 638 247 mamm
671 213 780 245 ΕΑΒ.
810 211 1118 245 AEsomARuM
1154 211 1248 243 ms.
1281 212 1355 244 ιιι.
1385 202 1426 244 3.

184 313 236 352 ris
248 310 434 353 retinetur,
449 311 547 354 operi
563 309 695 344 rustico
719 317 897 351 compara-

180 355 250 399 viti
287 361 456 397 Homines
481 361 573 395 enim
602 371 624 394 a
650 361 725 393 Deo
750 359 834 392 duas
860 359 897 391 in

180 418 301 462 psi-tes
317 413 454 457 tributi,
468 417 507 447 nt
521 416 616 446 esset
625 422 695 445 una
709 421 804 454 pars,
819 421 896 454 quae

178 466 289 504 ”hd
318 470 449 500 terram
468 465 681 509 recipiendis
709 463 896 497 seminibus

177 523 296 564 uptam
314 516 525 562 ,prebes-en
559 519 672 551 altera
700 527 776 560 quae
801 517 896 550 velut

175 571 360 615 andeolum
375 570 577 614 subigendae
589 569 705 603 telluri
721 569 894 602 intentum

176 621 373 656 exhiberet.
418 621 537 665 Atque
557 621 639 654 inde
663 619 734 653 fida
749 619 894 662 posteri-

175 677 242 717 ἰυ,
266 683 346 718 quae
376 673 422 708 de
445 675 527 707 limo
559 678 664 707 terrae
696 672 893 716 principem

172 725 349 760 bominem
381 724 599 760 efformatum
635 733 712 757 esse
747 723 893 765 sciebat,

174 781 283 812 terrae
296 777 468 811 culturam
482 776 655 820 quandam
675 775 811 809 imitata
826 780 893 818 est,

173 837 220 874 ex
235 838 305 872 qua
326 828 490 871 deinceps
516 827 740 861 humanitatis
766 837 892 870 propa-

174 879 291 923 ginem
318 883 552 914 conservaret.
612 878 747 912 Nobilis
787 878 891 911 etiam

173 930 343 974 agricola,
358 931 432 975 qui,
446 931 513 964 Dei
528 930 636 963 veluti
652 931 807 971 colonus,
823 934 891 964 ter-r

173 991 248 1016 ram
263 987 343 1016 arat
356 982 555 1024 animatam,
582 991 648 1014 nec
671 980 716 1014 ad
741 990 891 1013 momen·

172 1036 294 1068 taneos
321 1032 473 1076 fructus,
494 1033 556 1066 sed
578 1033 623 1066 ad
647 1033 782 1075 prolem
795 1033 890 1075 longi

170 1084 346 1127 sanguinis
354 1085 573 1128 perennitate
583 1084 795 1117 duraturam.
805 1083 891 1116 Per-

168 1140 270 1170 vetus
277 1137 355 1170 hoec
366 1136 598 1171 consideratio
608 1135 676 1169 fuit
684 1135 766 1169 oiim
778 1135 889 1168 Clem-

169 1187 403 1224 Alenndrini
428 1189 573 1230 Paedag.
601 1188 666 1221 lib.
695 1197 738 1220 11.
772 1197 804 1220 c.
834 1190 888 1220 10.

166 1242 240 1280 Τοῖς
263 1241 464 1285 γεγαμηκόσι
495 1239 613 1274 σκοπὸς
642 1240 664 1280 ἡ
699 1238 889 1282 παιδοποιία,

166 1290 262 1329 τέλος
271 1292 308 1327 82
321 1292 343 1334 ἦ
353 1293 506 1327 εὐτεκνία.
517 1291 658 1335 καθάπερ
667 1291 721 1325 καὶ
730 1293 777 1333 τῷ
790 1295 887 1335 γεωρ-

165 1345 286 1387 γιῦτῆς
309 1346 375 1378 τᾶν
397 1342 585 1388 σπερμάτων
603 1344 787 1382 καταβολῆς
802 1342 888 1376 αἰτία

163 1395 224 1438 μὲν
246 1396 269 1438 ἢ
289 1398 351 1437 τῆς
371 1398 492 1442 τροφῆς
512 1395 695 1439 προμήθεια,
724 1393 819 1430 τέλος
851 1394 887 1430 δὲ

166 1448 253 1491 αὖτᾷ
265 1450 326 1489 τῆς
343 1449 509 1493 γεωργίας,
518 1448 540 1489 ἦ
553 1451 618 1482 τῶν
631 1450 757 1492 καρπῶν
770 1460 886 1490 συγκο-

163 1498 249 1540 m·
272 1502 382 1543 μακρῷ“
395 1499 430 1533 δὲ
449 1500 584 1542 ἀμείνων
607 1499 748 1543 γεωργὸς
761 1500 779 1532 ὁ
794 1498 886 1542 ἔμψυ-

163 1562 228 1593 χον
238 1551 372 1594 σπείρων
390 1551 534 1596 ἄρουραν.
549 1552 568 1584 ό
581 1551 640 1592 μὲν
652 1551 716 1594 γὰρ
731 1550 887 1594 ἐπικαίρου

163 1604 282 1647 τροφῆς
291 1603 509 1647 ὀριγνώμενος,
529 1605 547 1636 ὁ
569 1603 605 1636 δὲ
618 1604 675 1643 τῆς
693 1603 753 1635 τοῦ
770 1602 886 1636 παντὸς

163 1656 310 1696 διαμονῆς
330 1654 584 1698 προμηθούμενος
611 1655 759 1697 γεωργεῖ·
786 1653 839 1687 καὶ
867 1655 885 1687 ὖ

161 1705 222 1747 μὲν
231 1706 271 1740 δι’
286 1706 410 1750 ἑαυτὸν,
432 1708 450 1740 ὁ
465 1706 500 1741 δὲ
520 1707 570 1740 διὰ
588 1706 646 1739 τὸν
661 1706 741 1740 Θεὸν
754 1713 885 1749 φυτουρ-

159 1759 224 1800 γεῖ.
255 1757 315 1792 Ad
330 1769 478 1804 eamque
493 1759 744 1802 agriculturam
767 1758 885 1791 allusit

159 1810 207 1844 D.
237 1809 456 1854 Augustinus
488 1810 533 1844 de
560 1810 665 1844 Civit.
695 1810 780 1852 Dei,
805 1818 882 1843 xiv.

158 1863 215 1896 2⁸.
244 1860 401 1895 homines
426 1861 619 1904 inspiciens
648 1861 685 1893 in
713 1863 882 1904 primaevo

158 1911 220 1945 iilo
250 1916 288 1946 et
314 1910 413 1945 felici
439 1916 547 1954 statu,
571 1911 711 1955 quando
744 1916 881 1946 naturae

158 1961 272 1996 adhuc
298 1966 400 1996 recta
429 1962 600 2006 qualitate
625 1964 882 2008 ‘appetentiam

158 2012 250 2047 ratio
264 2011 450 2047 frenabat:
474 2014 486 2032 ‘
502 2013 583 2056 Ita‚’
606 2013 735 2056 inquit,
758 2014 768 2031 ‘
786 2016 889 2056 geni-‘

158 2064 368 2097 tale'arvum
385 2074 445 2098 vas
471 2064 507 2096 in
522 2064 589 2097 hoc
609 2074 696 2107 opus
724 2070 881 2098 creatum

159 2114 362 2157 seminaret,
393 2119 433 2148 ut
459 2125 551 2148 nunc
575 2120 706 2148 terram
735 2116 880 2150 manus!

158 2165 381 2200 Menander:
406 2166 527 2200 Παίδων
541 2166 645 2210 σπόρῳ
665 2169 730 2201 τῶν
743 2167 883 2210 γνησίων

159 2217 276 2260 Ano-,u
308 2218 361 2251 σοί
387 2230 429 2260 γε
454 2219 515 2258 τὴν
547 2219 683 2260 ἐμαυτοῦ
710 2219 879 2263 θυγατέρα.

159 2269 266 2304 Plato
280 2268 318 2302 in
332 2269 478 2312 Timaeo,
491 2267 554 2304 sub
569 2271 629 2305 fin.
665 2272 706 2304 At
720 2272 747 2304 δ’
763 2273 797 2304 ἐν
808 2274 880 2307 ταῖς

134 2319 295 2363 ’γυναιξὶν
308 2319 349 2354 αὖ
372 2321 487 2364 μῆτραί
498 2334 536 2354 τε
558 2322 612 2355 καὶ
634 2322 760 2366 ὑστέραι
783 2324 879 2366 λεγό-

154 2383 257 2415 μεναι,
270 2372 323 2406 διὰ
333 2373 436 2406 ταντὰ
445 2374 548 2408 ταῦτα
562 2373 646 2416 ζῶον
660 2375 879 2416 ἐπιθυμητικὸν

156 2424 226 2458 ἐνὸν
238 2425 298 2464 τῆς
315 2424 519 2468 παιδοποιΐας,
541 2425 619 2459 ὅταν
640 2425 780 2470 ἄκαρπον
794 2428 878 2471 παρὰ

154 2475 214 2516 τὴν
227 2476 308 2519 ὥραν
326 2475 441 2518 χρόνον
462 2476 569 2514 ,τολὺν
591 2478 755 2522 γίγνηται,
774 2486 878 2521 χαλε-

154 2529 221 2561 πῶς
242 2527 441 2569 ἀγανακτοῦν
461 2527 559 2571 φέρει.
589 2529 642 2562 καὶ
674 2531 878 2573 πλανώμενον

153 2578 257 2619 πάντ-η
271 2579 356 2612 κατὰ
368 2579 408 2612 τὸ
431 2582 532 2624 σῶμα,
551 2581 611 2615 τὰς
623 2583 681 2615 τοῦ
700 2583 876 2625 πνεύματος

153 2631 301 2672 διεξόδους
324 2630 540 2674 ἆποφράττον,
563 2633 711 2666 ἀναπνεῖν
732 2635 790 2667 οὐκ
804 2636 874 2678 ἐῶν,

155 2681 198 2716 εἰς
211 2682 340 2725 ἀπορίας
352 2695 391 2715 τε
412 2682 514 2716 ἄλλας
524 2684 583 2717 τὰς
597 2684 740 2727 ἐσχάτας
755 2686 874 2727 ἐμβεβι-

154 2740 217 2776 λει,
228 2735 282 2768 καὶ
301 2735 412 2769 νόσους
433 2735 637 2770 παντοδαπὰς
662 2736 765 2771 ἄλλας
778 2738 872 2782 παρέ-

154 2797 260 2828 χεται,
278 2785 373 2829 μέχρι
390 2800 450 2832 περ
470 2788 509 2821 ἃν
524 2788 679 2831 ἑκατέρων
692 2789 714 2830 ἡ
729 2791 873 2831 ἐπιθυμία

155 2835 207 2870 καὶ
218 2837 236 2870 ό
250 2835 325 2881 ἔρως
347 2838 558 2881 ἐξαγαγόντες
584 2839 650 2876 οἷον
669 2841 731 2875 ἀπὸ
746 2842 872 2889 δένδρου

946 307 1076 350 καρπὸν,
1105 305 1189 351 κᾷτα
1214 305 1380 350 δρέψαντες
1402 306 1444 341 ὣς
1467 307 1510 341 εἷς
1533 307 1665 352 ἄρουραν

945 359 1006 399 τὴν
1018 358 1151 402 μήτραν,
1174 358 1294 402 ἀόρατα
1315 358 1375 392 ὑπὸ
1388 358 1597 403 σμικρότητος
1610 361 1663 394 καὶ

945 411 1148 444 &andnam-a
1162 410 1229 454 ζῶα
1243 410 1520 454 κατασπείρανῐες,
1534 410 1587 444 καὶ
1602 411 1662 445 πά·

943 469 996 496 λιν
1009 463 1231 507 διακρίναντες,
1244 462 1373 504 μεγάλα
1389 462 1477 497 ἐντὸς
1492 462 1661 506 ἐκθρέψων-

943 528 1009 558 ται,
1032 515 1085 548 καὶ
1102 515 1185 557 μετὰ
1209 516 1314 548 ταῦτα
1323 514 1373 548 εἷς
1394 516 1460 557 φῶς
1473 511 1661 557 ἀγαγόντες,

943 566 1032 608 ζώων
1043 565 1264 600 ἀποτελέσωσι
1285 565 1421 608 γένεσιν.
1467 567 1569 600 Idem
1584 568 1662 600 Me-

943 629 1079 652 nexeno
1092 629 1126 662 p·
1139 622 1217 652 238.
1242 619 1288 651 Οὐ
1298 618 1362 662 γὰρ
1375 620 1420 660 γῆ
1429 620 1563 660 γυναῖκα
1572 619 1662 660 μεμί-

941 682 1039 711 μηται
1047 670 1154 709 κυήσει
1164 669 1216 703 καὶ
1226 669 1382 713 γεννήσει,
1397 670 1483 703 ἀλλὰ
1492 669 1574 711 γυνὴ
1587 672 1661 711 γῆν.

942 721 1186 755 Artemidorus
1201 722 1415 756 Oneirocrit.
1430 730 1457 754 1.
1480 721 1661 764 Γεωργεῖνῆ

942 772 1115 817 σπείρειν,ἢ
1124 773 1267 817 ἆροτριᾷν
1275 773 1296 812 ἢ
1305 772 1462 816 φυτεύειν,
1467 773 1585 813 ἀγαθὸν
1593 774 1661 807 τοῖς

940 827 1039 866 γῆμαι
1052 824 1271 869 προῃρημένοις
1280 824 1334 857 καὶ
1341 826 1408 858 τοῖς
1417 824 1556 859 ἄπαισιν.
1571 824 1661 868 ἄρου-

941 889 981 919 ρα
997 877 1060 919 γὰρ
1074 877 1164 910 οὐδὲν
1187 876 1271 910 ἄλλο
1294 876 1395 919 ἐστὶν,
1413 875 1435 916 ἢ
1458 875 1550 918 γυνή·
1564 875 1661 920 στέρ-

939 941 1026 970 ματα
1036 928 1070 962 δὲ
1081 929 1134 962 καὶ
1156 930 1242 972 φυτὰ
1256 929 1286 962 οἱ
1295 931 1415 963 παῖδες.
1459 931 1554 964 Hinc
1575 931 1660 963 Ter-

941 982 1105 1014 tullianus
1125 982 1185 1015 lib.
1210 982 1255 1014 de
1270 981 1397 1014 Anima
1410 981 1522 1015 dixit:
1558 982 1569 1001 ‘
1583 982 1660 1016 Ho-

939 1034 1067 1066 minem
1081 1032 1294 1075 effruticare‚
1309 1034 1484 1066 insinuare
1508 1034 1607 1068 sulco
1621 1039 1658 1068 et

940 1084 1049 1117 arvo.'
1093 1084 1279 1117 Lucretius
1295 1094 1434 1127 quoque
1450 1084 1509 1118 lib.
1523 1094 1574 1118 ιν.
1593 1095 1658 1128 pro

938 1136 1014 1169 viro
1027 1140 1064 1168 et
1079 1135 1246 1168 foeminali
1267 1136 1277 1154 ‘
1294 1135 1479 1169 vomerem'
1497 1140 1535 1169 et
1562 1137 1573 1154 ‘
1590 1137 1660 1170 sul-

939 1196 1019 1219 cum
1031 1189 1039 1202 ’
1063 1186 1190 1229 posuit.
1234 1186 1301 1219 His
1318 1186 1499 1220 addendus
1515 1185 1662 1230 Apulei-

939 1248 1025 1271 anus
1039 1236 1259 1280 Ἀνεχόμενος.
1281 1237 1416 1271 Eadem
1431 1238 1657 1280 agriculturas

938 1290 1028 1323 ratio
1056 1290 1232 1323 hominem
1272 1289 1387 1322 arbori
1428 1291 1658 1332 comparavit.

937 1341 1042 1374 Plato
1071 1341 1244 1374 hominem
1272 1341 1366 1374 dixit
1389 1340 1550 1374 arborem
1580 1352 1656 1376 esse

936 1392 1116 1429 destitutis
1127 1393 1162 1425 in
1175 1397 1304 1425 terram
1317 1392 1468 1426 brachiis
1484 1393 1657 1438 ramisque

936 1445 1072 1478 radices
1099 1445 1145 1478 ad
1171 1444 1287 1478 sidera
1311 1444 1534 1487 dirigentem.
1579 1446 1656 1480 Ho-

935 1508 1064 1540 merus,
1088 1498 1261 1532 Musaeum
1287 1499 1459 1542 imitatus,
1484 1500 1655 1534 caducum

935 1550 1110 1583 bominum
1146 1562 1255 1594 genus
1287 1562 1351 1595 per
1382 1554 1542 1587 arborum
1569 1554 1657 1589 folia

935 1603 1081 1636 monuit.
1126 1604 1174 1637 Et
1197 1603 1303 1637 Ἰλιάδ.
1325 1607 1363 1639 Σ.
1387 1606 1511 1639 Thetis
1539 1606 1658 1640 Achil-

935 1654 1002 1686 lem
1019 1664 1119 1687 suum
1135 1659 1174 1688 ut
1194 1656 1389 1698 plantulam
1409 1658 1655 1703 surculumque

934 1704 1130 1739 educabat:
1164 1707 1203 1739 Ὅ
1229 1707 1256 1740 δ’
1282 1706 1450 1752 ἀνέδραμεν
1469 1708 1553 1753 ἔρνεϊ
1574 1710 1654 1746 ἶσος,

932 1758 995 1791 Τὸν
1018 1758 1076 1799 μὲν
1102 1759 1165 1800 ἐγὼ
1190 1758 1328 1803 θρέψασα
1359 1762 1458 1804 φυτὸν
1481 1763 1523 1796 ὡς
1550 1766 1657 1806 γουνῷ

933 1812 1048 1851 ἀλωῆς.
1072 1811 1154 1845 vid.
1172 1812 1306 1846 Pisidae
1323 1814 1502 1857 Cosmurg.
1515 1825 1536 1848 a
1551 1826 1655 1850 versu

932 1865 1009 1897 640.
1023 1863 1068 1895 ad
1083 1866 1162 1897 657.
1206 1865 1369 1898 Vicissim
1385 1877 1523 1910 quoque
1549 1868 1586 1901 in
1600 1879 1655 1902 ar-

933 1915 1055 1948 borum
1067 1922 1194 1949 natura
1208 1917 1433 1951 humanitatis
1448 1920 1580 1963 aliquid
1593 1931 1654 1963 ag-

932 1966 1102 2000 noscitur.
1148 1967 1289 2001 Norunt
1305 1969 1397 2002 enim
1418 1970 1488 2003 illae
1506 1981 1652 2006 sexuum

932 2018 1201 2052 discretionem:
1226 2020 1294 2052 imo
1317 2031 1382 2054 nec
1405 2023 1581 2056 amatoriis
1597 2033 1654 2057 ca-

932 2074 1011 2102 rent
1027 2068 1224 2103 adfectibus
1238 2082 1248 2111 ;
1283 2072 1484 2116 habentque
1500 2084 1580 2108 suos
1596 2085 1653 2108 ve-

931 2120 995 2152 luti
1024 2122 1204 2164 amplexus
1231 2123 1435 2166 coitusque:
1471 2126 1565 2168 quod
1580 2128 1651 2160 ele·

930 2176 1056 2214 gauter
1084 2173 1119 2205 in
1153 2173 1276 2206 Palma
1290 2176 1427 2208 notavit
1440 2176 1485 2210 D.
1500 2177 1651 2212 Ambro-

929 2222 1001 2256 sius
1029 2233 1090 2256 111.
1114 2224 1287 2258 Hexaem.
1317 2226 1573 2271 Theophylact.
1598 2230 1651 2263 si-

929 2284 1018 2308 moc.
1034 2275 1150 2318 Epist.
1169 2287 1246 2319 quae
1269 2277 1396 2320 incipit
1413 2289 1422 2311 :
1447 2278 1650 2322 Ὀργόσικαὶ

927 2325 1064 2368 φοίνικες
1094 2326 1186 2369 ἔρωτι
1216 2329 1348 2371 φυσικῷ,
1385 2332 1452 2363 &c.
1496 2332 1649 2366 Michael

929 2377 1061 2420 Glycas
1087 2378 1218 2412 Annal.
1237 2389 1262 2412 1.
1280 2390 1313 2422 p.
1329 2383 1385 2415 61.
1430 2381 1509 2415 Nee
1522 2383 1647 2416 mirum

927 2429 1021 2472 quod
1053 2430 1210 2463 maritari
1250 2431 1393 2465 arbores
1430 2433 1648 2476 scripserunt

926 2480 1063 2524 poe'tae3
1099 2482 1260 2515 tellurem
1282 2482 1374 2515 enim
1400 2488 1547 2517 matrem
1570 2485 1648 2518 imi·

927 2537 1058 2575 tantur,
1073 2544 1152 2577 quae
1169 2534 1308 2576 nuptias
1335 2544 1414 2567 cum
1436 2535 1562 2568 marito
1584 2535 1647 2570 im·

925 2582 988 2616 bre
1023 2582 1120 2617 facit.
1166 2583 1303 2617 Auctor
1336 2583 1539 2628 Pervigilii:
1573 2587 1584 2605 ‘
1600 2587 1644 2620 In

925 2635 1038 2668 sinum
1053 2635 1197 2668 maritus
1211 2635 1322 2668 imber
1334 2634 1437 2669 fluxit
1450 2637 1549 2671 almae
1563 2647 1644 2672 con·

918 2686 1035 2728 jugis!
1059 2686 1210 2720 Dixerat
1236 2686 1430 2729 Virgilius:
1470 2689 1480 2706 ‘
1498 2688 1644 2722 Foecun-

923 2736 975 2770 dis
990 2736 1157 2770 imbribus
1175 2737 1285 2770 aether
1308 2737 1476 2779 Conjugis
1495 2738 1531 2771 iu
1547 2738 1641 2773 ioetae

921 2790 1089 2832 gremium
1103 2789 1308 2823 descendit.’
1352 2788 1515 2823 Pistaciis
1541 2793 1641 2825 testi-

922 2842 1019 2876 culos
1045 2843 1159 2876 inesse
1186 2845 1286 2875 notat
1312 2841 1492 2876 Palladius
1507 2842 1568 2878 lib.
1587 2852 1640 2880 xx.
