<?xml version="1.0" encoding="UTF-8"?>
<!DOCTYPE html PUBLIC "-//W3C//DTD XHTML 1.0 Transitional//EN"
    "http://www.w3.org/TR/xhtml1/DTD/xhtml1-transitional.dtd">
<html xmlns="http://www.w3.org/1999/xhtml" xml:lang="en" lang="en">
 <head>
  <title>
</title>
<meta http-equiv="Content-Type" content="text/html;charset=utf-8" />
  <meta name='ocr-system' content='tesseract 3.04.00' />
  <meta name='ocr-capabilities' content='ocr_page ocr_carea ocr_par ocr_line ocrx_word'/>
</head>
<body>
  <div class='ocr_page' id='page_1' title='image "./fabualeaesopiae00phaeuoft_0084.png"; bbox 0 0 1806 3236; ppageno 0'>
   <div class='ocr_carea' id='block_1_1' title="bbox 237 207 1398 259">
    <p class='ocr_par' dir='ltr' id='par_1_1' title="bbox 237 207 1398 259">
     <span class='ocr_line' id='line_1_1' title="bbox 237 207 1398 259; baseline 0.009 -10"><span class='ocrx_word' id='word_1_1' title='bbox 237 207 296 250; x_wconf 72' lang='lat'><strong>’72</strong></span> <span class='ocrx_word' id='word_1_2' title='bbox 526 216 726 255; x_wconf 65' lang='lat' dir='ltr'><strong>russum</strong></span> <span class='ocrx_word' id='word_1_3' title='bbox 754 222 1066 259; x_wconf 70' lang='lat' dir='ltr'>FABULARUM</span> <span class='ocrx_word' id='word_1_4' title='bbox 1098 216 1398 259; x_wconf 63' lang='lat' dir='ltr'><strong>AEsomfflum</strong></span> 
     </span>
    </p>
   </div>
   <div class='ocr_carea' id='block_1_2' title="bbox 771 533 1146 575">
    <p class='ocr_par' dir='ltr' id='par_1_2' title="bbox 771 533 1146 575">
     <span class='ocr_line' id='line_1_2' title="bbox 771 533 1146 575; baseline 0.011 -4"><span class='ocrx_word' id='word_1_5' title='bbox 771 533 979 573; x_wconf 84' lang='lat' dir='ltr'><strong>FABULA</strong></span> <span class='ocrx_word' id='word_1_6' title='bbox 1036 535 1146 575; x_wconf 88' lang='lat' dir='ltr'>XIV.</span> 
     </span>
    </p>
   </div>
   <div class='ocr_carea' id='block_1_3' title="bbox 605 719 1311 767">
    <p class='ocr_par' dir='ltr' id='par_1_3' title="bbox 605 719 1311 767">
     <span class='ocr_line' id='line_1_3' title="bbox 605 719 1311 767; baseline 0.006 -5"><span class='ocrx_word' id='word_1_7' title='bbox 605 719 700 763; x_wconf 91' lang='lat' dir='ltr'><strong>EX</strong></span> <span class='ocrx_word' id='word_1_8' title='bbox 729 719 981 765; x_wconf 85' lang='lat' dir='ltr'><strong>SUTORE</strong></span> <span class='ocrx_word' id='word_1_9' title='bbox 1010 722 1311 767; x_wconf 87' lang='lat' dir='ltr'><strong>MEDICUS.</strong></span> 
     </span>
    </p>
   </div>
   <div class='ocr_carea' id='block_1_4' title="bbox 230 918 1686 1255">
    <p class='ocr_par' dir='ltr' id='par_1_4' title="bbox 234 918 1158 982">
     <span class='ocr_line' id='line_1_4' title="bbox 234 918 1158 982; baseline 0.005 -17"><span class='ocrx_word' id='word_1_10' title='bbox 234 918 420 967; x_wconf 80' lang='lat' dir='ltr'><strong>MALUS</strong></span> <span class='ocrx_word' id='word_1_11' title='bbox 443 936 545 967; x_wconf 91' lang='lat' dir='ltr'><strong>cum</strong></span> <span class='ocrx_word' id='word_1_12' title='bbox 565 924 709 977; x_wconf 72' lang='lat' dir='ltr'><strong>Sutor,</strong></span> <span class='ocrx_word' id='word_1_13' title='bbox 727 925 877 981; x_wconf 87' lang='lat' dir='ltr'><strong>inopia</strong></span> <span class='ocrx_word' id='word_1_14' title='bbox 891 926 1158 982; x_wconf 86' lang='lat' dir='ltr'><strong>deperditus,</strong></span> 
     </span>
    </p>

    <p class='ocr_par' dir='ltr' id='par_1_5' title="bbox 233 991 1210 1050">
     <span class='ocr_line' id='line_1_5' title="bbox 233 991 1210 1050; baseline 0.004 -16"><span class='ocrx_word' id='word_1_15' title='bbox 233 991 505 1035; x_wconf 85' lang='lat' dir='ltr'><strong>Medicinam</strong></span> <span class='ocrx_word' id='word_1_16' title='bbox 524 993 675 1048; x_wconf 85' lang='lat' dir='ltr'><strong>ignoto</strong></span> <span class='ocrx_word' id='word_1_17' title='bbox 694 994 838 1037; x_wconf 83' lang='lat' dir='ltr'><strong>facere</strong></span> <span class='ocrx_word' id='word_1_18' title='bbox 857 996 1071 1050; x_wconf 82' lang='lat' dir='ltr'><strong>coepisset</strong></span> <span class='ocrx_word' id='word_1_19' title='bbox 1088 997 1210 1048; x_wconf 91' lang='lat' dir='ltr'><strong>loco,</strong></span> 
     </span>
    </p>

    <p class='ocr_par' dir='ltr' id='par_1_6' title="bbox 231 1059 1170 1118">
     <span class='ocr_line' id='line_1_6' title="bbox 231 1059 1170 1118; baseline 0.005 -16"><span class='ocrx_word' id='word_1_20' title='bbox 231 1059 290 1103; x_wconf 82' lang='lat' dir='ltr'><strong>Et</strong></span> <span class='ocrx_word' id='word_1_21' title='bbox 309 1060 552 1103; x_wconf 83' lang='lat' dir='ltr'>venditaret</span> <span class='ocrx_word' id='word_1_22' title='bbox 566 1061 678 1103; x_wconf 85' lang='lat' dir='ltr'><strong>falso</strong></span> <span class='ocrx_word' id='word_1_23' title='bbox 699 1063 949 1105; x_wconf 84' lang='lat' dir='ltr'><strong>antidotum</strong></span> <span class='ocrx_word' id='word_1_24' title='bbox 969 1064 1170 1118; x_wconf 90' lang='lat' dir='ltr'><strong>nomine;</strong></span> 
     </span>
    </p>

    <p class='ocr_par' dir='ltr' id='par_1_7' title="bbox 230 1127 1212 1188">
     <span class='ocr_line' id='line_1_7' title="bbox 230 1127 1212 1188; baseline 0.003 -18"><span class='ocrx_word' id='word_1_25' title='bbox 230 1127 448 1171; x_wconf 84' lang='lat' dir='ltr'><strong>Verbosis</strong></span> <span class='ocrx_word' id='word_1_26' title='bbox 469 1130 707 1184; x_wconf 83' lang='lat' dir='ltr'><strong>acquisivit</strong></span> <span class='ocrx_word' id='word_1_27' title='bbox 723 1131 809 1173; x_wconf 89' lang='lat' dir='ltr'><strong>sibi</strong></span> <span class='ocrx_word' id='word_1_28' title='bbox 825 1131 988 1174; x_wconf 83' lang='lat' dir='ltr'><strong>famam</strong></span> <span class='ocrx_word' id='word_1_29' title='bbox 1008 1132 1212 1188; x_wconf 86' lang='lat' dir='ltr'><strong>strophis.</strong></span> 
     </span>
    </p>

    <p class='ocr_par' dir='ltr' id='par_1_8' title="bbox 231 1195 1686 1255">
     <span class='ocr_line' id='line_1_8' title="bbox 231 1195 1686 1255; baseline 0.005 -18"><span class='ocrx_word' id='word_1_30' title='bbox 231 1195 324 1238; x_wconf 92' lang='lat' dir='ltr'><strong>Hic</strong></span> <span class='ocrx_word' id='word_1_31' title='bbox 342 1209 442 1238; x_wconf 90' lang='lat' dir='ltr'><strong>cum</strong></span> <span class='ocrx_word' id='word_1_32' title='bbox 456 1197 630 1252; x_wconf 84' lang='lat' dir='ltr'><strong>jaceret</strong></span> <span class='ocrx_word' id='word_1_33' title='bbox 648 1200 801 1241; x_wconf 88' lang='lat' dir='ltr'><strong>morbo</strong></span> <span class='ocrx_word' id='word_1_34' title='bbox 822 1200 1050 1243; x_wconf 84' lang='lat' dir='ltr'><strong>confectus</strong></span> <span class='ocrx_word' id='word_1_35' title='bbox 1068 1201 1191 1255; x_wconf 85' lang='lat' dir='ltr'><strong>gravi</strong></span> <span class='ocrx_word' id='word_1_36' title='bbox 1655 1202 1686 1244; x_wconf 83' lang='lat'>5</span> 
     </span>
    </p>
   </div>
   <div class='ocr_carea' id='block_1_5' title="bbox 226 1308 1704 1461">
    <p class='ocr_par' dir='ltr' id='par_1_9' title="bbox 226 1308 1704 1461">
     <span class='ocr_line' id='line_1_9' title="bbox 231 1308 1686 1375; baseline 0.005 -16"><span class='ocrx_word' id='word_1_37' title='bbox 231 1310 233 1313; x_wconf 16' lang='lat' dir='ltr'><em>r</em></span> <span class='ocrx_word' id='word_1_38' title='bbox 274 1327 355 1360; x_wconf 78' lang='lat' dir='ltr'><strong>Cum</strong></span> <span class='ocrx_word' id='word_1_39' title='bbox 378 1327 478 1361; x_wconf 80' lang='lat' dir='ltr'><strong><em>Cerdo</em></strong></span> <span class='ocrx_word' id='word_1_40' title='bbox 501 1328 679 1371; x_wconf 79' lang='lat' dir='ltr'><strong>imperitus,</strong></span> <span class='ocrx_word' id='word_1_41' title='bbox 701 1340 862 1373; x_wconf 74' lang='lat' dir='ltr'><strong>oppressus</strong></span> <span class='ocrx_word' id='word_1_42' title='bbox 885 1336 1080 1375; x_wconf 76' lang='lat' dir='ltr'><strong>paupertate,</strong></span> <span class='ocrx_word' id='word_1_43' title='bbox 1100 1332 1265 1374; x_wconf 69' lang='lat' dir='ltr'><strong>incepisset</strong></span> <span class='ocrx_word' id='word_1_44' title='bbox 1289 1342 1432 1365; x_wconf 76' lang='lat' dir='ltr'><strong>exercere</strong></span> <span class='ocrx_word' id='word_1_45' title='bbox 1451 1308 1686 1366; x_wconf 53' lang='lat' dir='ltr'><strong>”diosmis</strong></span> 
     </span>
     <span class='ocr_line' id='line_1_10' title="bbox 227 1371 1704 1417; baseline 0.005 -15"><span class='ocrx_word' id='word_1_46' title='bbox 227 1371 292 1403; x_wconf 81' lang='lat' dir='ltr'><strong>loeo</strong></span> <span class='ocrx_word' id='word_1_47' title='bbox 304 1371 357 1403; x_wconf 77' lang='lat' dir='ltr'><strong>ubi</strong></span> <span class='ocrx_word' id='word_1_48' title='bbox 369 1381 429 1403; x_wconf 79' lang='lat' dir='ltr'><strong>non</strong></span> <span class='ocrx_word' id='word_1_49' title='bbox 443 1375 512 1404; x_wconf 81' lang='lat' dir='ltr'><strong>erat</strong></span> <span class='ocrx_word' id='word_1_50' title='bbox 526 1375 630 1413; x_wconf 71' lang='lat' dir='ltr'><strong>notus,</strong></span> <span class='ocrx_word' id='word_1_51' title='bbox 642 1376 733 1415; x_wconf 77' lang='lat' dir='ltr'><strong>utque</strong></span> <span class='ocrx_word' id='word_1_52' title='bbox 744 1377 891 1408; x_wconf 72' lang='lat' dir='ltr'><strong>venderet</strong></span> <span class='ocrx_word' id='word_1_53' title='bbox 904 1377 1162 1408; x_wconf 78' lang='lat' dir='ltr'><strong>medicamentum</strong></span> <span class='ocrx_word' id='word_1_54' title='bbox 1175 1385 1232 1417; x_wconf 78' lang='lat' dir='ltr'><strong>pro</strong></span> <span class='ocrx_word' id='word_1_55' title='bbox 1245 1385 1317 1409; x_wconf 76' lang='lat' dir='ltr'><strong>uero</strong></span> <span class='ocrx_word' id='word_1_56' title='bbox 1330 1375 1482 1416; x_wconf 64' lang='lat' dir='ltr'><strong>«nfidou,</strong></span> <span class='ocrx_word' id='word_1_57' title='bbox 1649 1374 1670 1383; x_wconf 63' lang='lat'><strong>“</strong></span> <span class='ocrx_word' id='word_1_58' title='bbox 1699 1394 1704 1403; x_wconf 55' lang='grc' dir='ltr'><strong><em>ι</em></strong></span> 
     </span>
     <span class='ocr_line' id='line_1_11' title="bbox 226 1413 1693 1461; baseline 0.003 -15"><span class='ocrx_word' id='word_1_59' title='bbox 226 1413 288 1446; x_wconf 72' lang='lat' dir='ltr'><strong>sibi</strong></span> <span class='ocrx_word' id='word_1_60' title='bbox 302 1423 409 1447; x_wconf 80' lang='lat' dir='ltr'><strong>nomen</strong></span> <span class='ocrx_word' id='word_1_61' title='bbox 426 1415 601 1457; x_wconf 63' lang='lat' dir='ltr'><strong>prestigiis</strong></span> <span class='ocrx_word' id='word_1_62' title='bbox 614 1416 783 1450; x_wconf 72' lang='lat' dir='ltr'><strong>verborum.</strong></span> <span class='ocrx_word' id='word_1_63' title='bbox 829 1419 909 1451; x_wconf 81' lang='lat' dir='ltr'><strong>Cum</strong></span> <span class='ocrx_word' id='word_1_64' title='bbox 931 1419 982 1451; x_wconf 76' lang='lat' dir='ltr'><strong>hic</strong></span> <span class='ocrx_word' id='word_1_65' title='bbox 1003 1419 1195 1451; x_wconf 74' lang='lat' dir='ltr'><strong><em>decumberet</em></strong></span> <span class='ocrx_word' id='word_1_66' title='bbox 1214 1418 1348 1461; x_wconf 68' lang='lat' dir='ltr'><strong>affectus</strong></span> <span class='ocrx_word' id='word_1_67' title='bbox 1369 1418 1473 1452; x_wconf 77' lang='lat' dir='ltr'><strong>morbo</strong></span> <span class='ocrx_word' id='word_1_68' title='bbox 1491 1417 1597 1460; x_wconf 59' lang='lat' dir='ltr'><strong>gravi,</strong></span> <span class='ocrx_word' id='word_1_69' title='bbox 1611 1418 1693 1451; x_wconf 65' lang='lat' dir='ltr'><strong>Rene</strong></span> 
     </span>
    </p>
   </div>
   <div class='ocr_carea' id='block_1_6' title="bbox 842 1521 1075 1536">
    <p class='ocr_par' dir='ltr' id='par_1_10' title="bbox 842 1521 1075 1536">
     <span class='ocr_line' id='line_1_12' title="bbox 842 1521 1075 1536; baseline 0.004 -1"><span class='ocrx_word' id='word_1_70' title='bbox 842 1521 1075 1536; x_wconf 60' lang='lat' dir='ltr'><strong>mm</strong></span> 
     </span>
    </p>
   </div>
   <div class='ocr_carea' id='block_1_7' title="bbox 219 1597 1718 2539">
    <p class='ocr_par' dir='ltr' id='par_1_11' title="bbox 219 1597 1718 2539">
     <span class='ocr_line' id='line_1_13' title="bbox 269 1597 1682 1647; baseline 0.001 -18"><span class='ocrx_word' id='word_1_71' title='bbox 269 1599 287 1629; x_wconf 91' lang='lat'>1</span> <span class='ocrx_word' id='word_1_72' title='bbox 312 1597 516 1639; x_wconf 71' lang='lat' dir='ltr'><strong>Deperditnoe.</strong></span> <span class='ocrx_word' id='word_1_73' title='bbox 542 1599 693 1631; x_wconf 80' lang='lat' dir='ltr'><strong>Bentlei.</strong></span> <span class='ocrx_word' id='word_1_74' title='bbox 715 1599 916 1641; x_wconf 70' lang='lat' dir='ltr'><strong>proteri-ins.</strong></span> <span class='ocrx_word' id='word_1_75' title='bbox 958 1600 1028 1633; x_wconf 84' lang='lat' dir='ltr'><strong>Sed</strong></span> <span class='ocrx_word' id='word_1_76' title='bbox 1052 1603 1231 1643; x_wconf 69' lang='lat' dir='ltr'><strong><em>proterrere</em></strong></span> <span class='ocrx_word' id='word_1_77' title='bbox 1254 1603 1320 1641; x_wconf 86' lang='lat' dir='ltr'><strong>est,</strong></span> <span class='ocrx_word' id='word_1_78' title='bbox 1342 1598 1473 1647; x_wconf 66' lang='lat' dir='ltr'><strong>injecto</strong></span> <span class='ocrx_word' id='word_1_79' title='bbox 1497 1603 1631 1631; x_wconf 85' lang='lat' dir='ltr'><strong>terrore</strong></span> <span class='ocrx_word' id='word_1_80' title='bbox 1646 1597 1682 1631; x_wconf 74' lang='lat' dir='ltr'><strong>iu</strong></span> 
     </span>
     <span class='ocr_line' id='line_1_14' title="bbox 224 1638 1682 1684; baseline 0.002 -13"><span class='ocrx_word' id='word_1_81' title='bbox 224 1638 343 1681; x_wconf 76' lang='lat' dir='ltr'><strong>fugam</strong></span> <span class='ocrx_word' id='word_1_82' title='bbox 358 1641 453 1682; x_wconf 86' lang='lat' dir='ltr'><strong>dare,</strong></span> <span class='ocrx_word' id='word_1_83' title='bbox 468 1641 561 1683; x_wconf 87' lang='lat' dir='ltr'><strong>quod</strong></span> <span class='ocrx_word' id='word_1_84' title='bbox 577 1641 631 1674; x_wconf 81' lang='lat' dir='ltr'><strong>hic</strong></span> <span class='ocrx_word' id='word_1_85' title='bbox 647 1643 776 1674; x_wconf 84' lang='lat' dir='ltr'><strong>nunum</strong></span> <span class='ocrx_word' id='word_1_86' title='bbox 790 1643 901 1676; x_wconf 84' lang='lat' dir='ltr'><strong>locum</strong></span> <span class='ocrx_word' id='word_1_87' title='bbox 916 1644 1034 1684; x_wconf 86' lang='lat' dir='ltr'><strong>habet,</strong></span> <span class='ocrx_word' id='word_1_88' title='bbox 1058 1644 1255 1676; x_wconf 79' lang='lat' dir='ltr'><strong>notantibus</strong></span> <span class='ocrx_word' id='word_1_89' title='bbox 1275 1643 1386 1675; x_wconf 67' lang='lat' dir='ltr'><strong>Herio</strong></span> <span class='ocrx_word' id='word_1_90' title='bbox 1411 1645 1450 1674; x_wconf 86' lang='lat' dir='ltr'><strong>et</strong></span> <span class='ocrx_word' id='word_1_91' title='bbox 1475 1640 1682 1674; x_wconf 49' lang='lat' dir='ltr'><strong>Bur-manno.»</strong></span> 
     </span>
     <span class='ocr_line' id='line_1_15' title="bbox 223 1682 1683 1728; baseline 0.001 -14"><span class='ocrx_word' id='word_1_92' title='bbox 223 1683 329 1715; x_wconf 89' lang='lat' dir='ltr'><strong>Sutor</strong></span> <span class='ocrx_word' id='word_1_93' title='bbox 343 1684 446 1725; x_wconf 84' lang='lat' dir='ltr'><strong>enim,</strong></span> <span class='ocrx_word' id='word_1_94' title='bbox 463 1684 584 1716; x_wconf 87' lang='lat' dir='ltr'><strong>videus</strong></span> <span class='ocrx_word' id='word_1_95' title='bbox 599 1695 648 1726; x_wconf 88' lang='lat' dir='ltr'><strong>se,</strong></span> <span class='ocrx_word' id='word_1_96' title='bbox 663 1685 839 1727; x_wconf 85' lang='lat' dir='ltr'><strong>imperitia</strong></span> <span class='ocrx_word' id='word_1_97' title='bbox 862 1696 933 1719; x_wconf 78' lang='lat' dir='ltr'><strong>suae</strong></span> <span class='ocrx_word' id='word_1_98' title='bbox 949 1686 1032 1718; x_wconf 80' lang='lat' dir='ltr'><strong>artis</strong></span> <span class='ocrx_word' id='word_1_99' title='bbox 1053 1686 1214 1725; x_wconf 86' lang='lat' dir='ltr'><strong>nobilem,</strong></span> <span class='ocrx_word' id='word_1_100' title='bbox 1239 1690 1390 1728; x_wconf 78' lang='lat' dir='ltr'><strong>quaestus</strong></span> <span class='ocrx_word' id='word_1_101' title='bbox 1405 1693 1425 1716; x_wconf 74' lang='lat' dir='ltr'>a</span> <span class='ocrx_word' id='word_1_102' title='bbox 1460 1686 1462 1688; x_wconf 79' lang='grc'>’</span> <span class='ocrx_word' id='word_1_103' title='bbox 1484 1683 1550 1715; x_wconf 81' lang='lat' dir='ltr'><strong>iius</strong></span> <span class='ocrx_word' id='word_1_104' title='bbox 1563 1682 1683 1716; x_wconf 74' lang='lat' dir='ltr'><strong>facere</strong></span> 
     </span>
     <span class='ocr_line' id='line_1_16' title="bbox 224 1727 1683 1770; baseline 0.001 -13"><span class='ocrx_word' id='word_1_105' title='bbox 224 1734 292 1758; x_wconf 88' lang='lat' dir='ltr'><strong>non</strong></span> <span class='ocrx_word' id='word_1_106' title='bbox 307 1735 419 1770; x_wconf 78' lang='lat' dir='ltr'><strong>posse,</strong></span> <span class='ocrx_word' id='word_1_107' title='bbox 434 1732 556 1768; x_wconf 85' lang='lat' dir='ltr'><strong>sponte</strong></span> <span class='ocrx_word' id='word_1_108' title='bbox 572 1727 702 1760; x_wconf 86' lang='lat' dir='ltr'><strong>deserit</strong></span> <span class='ocrx_word' id='word_1_109' title='bbox 726 1729 888 1770; x_wconf 78' lang='lat' dir='ltr'><strong>patriam,</strong></span> <span class='ocrx_word' id='word_1_110' title='bbox 913 1738 1068 1770; x_wconf 74' lang='lat' dir='ltr'><strong>sperans,</strong></span> <span class='ocrx_word' id='word_1_111' title='bbox 1090 1739 1125 1760; x_wconf 86' lang='lat' dir='ltr'><strong>se</strong></span> <span class='ocrx_word' id='word_1_112' title='bbox 1153 1729 1271 1770; x_wconf 84' lang='lat' dir='ltr'><strong>ignoto</strong></span> <span class='ocrx_word' id='word_1_113' title='bbox 1299 1729 1372 1760; x_wconf 83' lang='lat' dir='ltr'><strong>loco</strong></span> <span class='ocrx_word' id='word_1_114' title='bbox 1399 1736 1455 1759; x_wconf 86' lang='lat' dir='ltr'><strong>me</strong></span> <span class='ocrx_word' id='word_1_115' title='bbox 1478 1727 1569 1759; x_wconf 75' lang='lat' dir='ltr'><strong>icum</strong></span> <span class='ocrx_word' id='word_1_116' title='bbox 1583 1734 1683 1770; x_wconf 70' lang='lat' dir='ltr'><strong>posse</strong></span> 
     </span>
     <span class='ocr_line' id='line_1_17' title="bbox 225 1768 1685 1812; baseline 0 -12"><span class='ocrx_word' id='word_1_117' title='bbox 225 1777 340 1810; x_wconf 75' lang='lat' dir='ltr'><strong>agere,</strong></span> <span class='ocrx_word' id='word_1_118' title='bbox 354 1775 391 1801; x_wconf 90' lang='lat' dir='ltr'><strong>et</strong></span> <span class='ocrx_word' id='word_1_119' title='bbox 406 1778 477 1802; x_wconf 88' lang='lat' dir='ltr'><strong>rem</strong></span> <span class='ocrx_word' id='word_1_120' title='bbox 490 1769 617 1802; x_wconf 87' lang='lat' dir='ltr'><strong>faeere.</strong></span> <span class='ocrx_word' id='word_1_121' title='bbox 660 1770 715 1803; x_wconf 87' lang='lat' dir='ltr'><strong>Cf.</strong></span> <span class='ocrx_word' id='word_1_122' title='bbox 730 1771 849 1804; x_wconf 84' lang='lat' dir='ltr'><strong>Burm.</strong></span> <span class='ocrx_word' id='word_1_123' title='bbox 874 1770 1067 1804; x_wconf 75' lang='lat' dir='ltr'><strong>Schefferus</strong></span> <span class='ocrx_word' id='word_1_124' title='bbox 1089 1773 1207 1803; x_wconf 79' lang='lat' dir='ltr'><strong>manet</strong></span> <span class='ocrx_word' id='word_1_125' title='bbox 1228 1771 1392 1812; x_wconf 74' lang='lat' dir='ltr'><strong>impieque</strong></span> <span class='ocrx_word' id='word_1_126' title='bbox 1416 1770 1569 1810; x_wconf 60' lang='lat' dir='ltr'><strong>perum,</strong></span> <span class='ocrx_word' id='word_1_127' title='bbox 1593 1768 1685 1801; x_wconf 63' lang='lat' dir='ltr'><strong>citro*</strong></span> 
     </span>
     <span class='ocr_line' id='line_1_18' title="bbox 223 1811 1685 1855; baseline 0 -12"><span class='ocrx_word' id='word_1_128' title='bbox 223 1812 478 1850; x_wconf 80' lang='lat' dir='ltr'><strong>necessitatem,</strong></span> <span class='ocrx_word' id='word_1_129' title='bbox 506 1822 583 1844; x_wconf 90' lang='lat' dir='ltr'><strong>cum</strong></span> <span class='ocrx_word' id='word_1_130' title='bbox 608 1813 788 1854; x_wconf 72' lang='lat' dir='ltr'><strong>deperditus</strong></span> <span class='ocrx_word' id='word_1_131' title='bbox 814 1813 955 1855; x_wconf 89' lang='lat' dir='ltr'><strong>probum</strong></span> <span class='ocrx_word' id='word_1_132' title='bbox 975 1815 1029 1846; x_wconf 87' lang='lat' dir='ltr'><strong>sit.</strong></span> <span class='ocrx_word' id='word_1_133' title='bbox 1070 1814 1238 1846; x_wconf 83' lang='lat' dir='ltr'><strong>Bothius:</strong></span> <span class='ocrx_word' id='word_1_134' title='bbox 1269 1814 1376 1846; x_wconf 87' lang='lat' dir='ltr'><strong>‘Cum</strong></span> <span class='ocrx_word' id='word_1_135' title='bbox 1396 1812 1554 1854; x_wconf 65' lang='lat' dir='ltr'><strong>perditus,</strong></span> <span class='ocrx_word' id='word_1_136' title='bbox 1579 1811 1685 1844; x_wconf 78' lang='lat' dir='ltr'><strong>immo</strong></span> 
     </span>
     <span class='ocr_line' id='line_1_19' title="bbox 223 1853 1682 1897; baseline 0.001 -12"><span class='ocrx_word' id='word_1_137' title='bbox 223 1854 329 1886; x_wconf 76' lang='lat' dir='ltr'><strong>etiam</strong></span> <span class='ocrx_word' id='word_1_138' title='bbox 343 1856 524 1897; x_wconf 76' lang='lat' dir='ltr'><strong>deperditus</strong></span> <span class='ocrx_word' id='word_1_139' title='bbox 545 1859 697 1897; x_wconf 74' lang='lat' dir='ltr'><strong>egestate,</strong></span> <span class='ocrx_word' id='word_1_140' title='bbox 716 1865 831 1896; x_wconf 71' lang='lat' dir='ltr'><strong>ansere,</strong></span> <span class='ocrx_word' id='word_1_141' title='bbox 844 1857 934 1897; x_wconf 80' lang='lat' dir='ltr'><strong>luxu,</strong></span> <span class='ocrx_word' id='word_1_142' title='bbox 949 1857 1036 1888; x_wconf 89' lang='lat' dir='ltr'><strong>bene</strong></span> <span class='ocrx_word' id='word_1_143' title='bbox 1052 1856 1199 1896; x_wconf 77' lang='lat' dir='ltr'><strong>dicatur,</strong></span> <span class='ocrx_word' id='word_1_144' title='bbox 1217 1857 1256 1888; x_wconf 81' lang='lat' dir='ltr'><strong>de</strong></span> <span class='ocrx_word' id='word_1_145' title='bbox 1270 1859 1386 1888; x_wconf 78' lang='lat' dir='ltr'><strong>autem</strong></span> <span class='ocrx_word' id='word_1_146' title='bbox 1399 1853 1682 1896; x_wconf 68' lang='lat' dir='ltr'><strong>significationem</strong></span> 
     </span>
     <span class='ocr_line' id='line_1_20' title="bbox 222 1896 1684 1941; baseline 0.001 -13"><span class='ocrx_word' id='word_1_147' title='bbox 222 1896 387 1939; x_wconf 73' lang='lat' dir='ltr'><strong>simplicis</strong></span> <span class='ocrx_word' id='word_1_148' title='bbox 402 1898 515 1930; x_wconf 82' lang='lat' dir='ltr'><strong>verbis</strong></span> <span class='ocrx_word' id='word_1_149' title='bbox 529 1902 660 1930; x_wconf 77' lang='lat' dir='ltr'><strong>tantum</strong></span> <span class='ocrx_word' id='word_1_150' title='bbox 677 1903 814 1939; x_wconf 80' lang='lat' dir='ltr'><strong>augeat,</strong></span> <span class='ocrx_word' id='word_1_151' title='bbox 837 1899 1050 1931; x_wconf 73' lang='lat' dir='ltr'>Burmannus</span> <span class='ocrx_word' id='word_1_152' title='bbox 1073 1900 1247 1941; x_wconf 80' lang='lat' dir='ltr'><strong>vulgatam</strong></span> <span class='ocrx_word' id='word_1_153' title='bbox 1263 1899 1403 1938; x_wconf 84' lang='lat' dir='ltr'><strong>retinet,</strong></span> <span class='ocrx_word' id='word_1_154' title='bbox 1422 1898 1477 1929; x_wconf 89' lang='lat' dir='ltr'><strong>cui</strong></span> <span class='ocrx_word' id='word_1_155' title='bbox 1494 1896 1684 1938; x_wconf 57' lang='lat' dir='ltr'><strong>astipulor?</strong></span> 
     </span>
     <span class='ocr_line' id='line_1_21' title="bbox 222 1939 1684 1984; baseline 0.001 -13"><span class='ocrx_word' id='word_1_156' title='bbox 222 1942 300 1972; x_wconf 78' lang='grc'><strong>-4,</strong></span> <span class='ocrx_word' id='word_1_157' title='bbox 323 1943 342 1971; x_wconf 83' lang='lat'>⁵</span> <span class='ocrx_word' id='word_1_158' title='bbox 365 1941 560 1982; x_wconf 80' lang='lat' dir='ltr'><strong>Lessingins</strong></span> <span class='ocrx_word' id='word_1_159' title='bbox 584 1941 655 1972; x_wconf 86' lang='lat' dir='ltr'><strong>Zur</strong></span> <span class='ocrx_word' id='word_1_160' title='bbox 680 1941 808 1974; x_wconf 83' lang='lat' dir='ltr'><strong>Gesch.</strong></span> <span class='ocrx_word' id='word_1_161' title='bbox 834 1942 897 1973; x_wconf 89' lang='lat' dir='ltr'><strong>der</strong></span> <span class='ocrx_word' id='word_1_162' title='bbox 918 1942 1034 1984; x_wconf 85' lang='lat' dir='ltr'><strong>AEsop.</strong></span> <span class='ocrx_word' id='word_1_163' title='bbox 1051 1942 1135 1974; x_wconf 85' lang='lat' dir='ltr'><strong>Fab.</strong></span> <span class='ocrx_word' id='word_1_164' title='bbox 1152 1952 1185 1983; x_wconf 89' lang='lat' dir='ltr'><strong>p.</strong></span> <span class='ocrx_word' id='word_1_165' title='bbox 1199 1944 1275 1974; x_wconf 78' lang='lat'>245.</span> <span class='ocrx_word' id='word_1_166' title='bbox 1289 1942 1350 1973; x_wconf 82' lang='lat' dir='ltr'><strong>hos</strong></span> <span class='ocrx_word' id='word_1_167' title='bbox 1365 1949 1483 1973; x_wconf 84' lang='lat' dir='ltr'><strong>versus</strong></span> <span class='ocrx_word' id='word_1_168' title='bbox 1498 1939 1684 1982; x_wconf 68' lang='lat' dir='ltr'><strong>suppositi·</strong></span> 
     </span>
     <span class='ocr_line' id='line_1_22' title="bbox 222 1982 1683 2026; baseline 0.001 -12"><span class='ocrx_word' id='word_1_169' title='bbox 222 1982 280 2014; x_wconf 85' lang='lat' dir='ltr'><strong>tiis</strong></span> <span class='ocrx_word' id='word_1_170' title='bbox 295 1989 509 2015; x_wconf 80' lang='lat' dir='ltr'><strong>annumerat.</strong></span> <span class='ocrx_word' id='word_1_171' title='bbox 538 1983 605 2015; x_wconf 85' lang='lat' dir='ltr'><strong>Sed</strong></span> <span class='ocrx_word' id='word_1_172' title='bbox 614 1984 687 2025; x_wconf 79' lang='lat' dir='ltr'><strong>jam</strong></span> <span class='ocrx_word' id='word_1_173' title='bbox 705 1984 783 2015; x_wconf 86' lang='lat' dir='ltr'><strong>olim</strong></span> <span class='ocrx_word' id='word_1_174' title='bbox 800 1985 957 2026; x_wconf 84' lang='lat' dir='ltr'><strong>Kohlius,</strong></span> <span class='ocrx_word' id='word_1_175' title='bbox 972 1985 1162 2017; x_wconf 86' lang='lat' dir='ltr'><strong>Comment.</strong></span> <span class='ocrx_word' id='word_1_176' title='bbox 1178 1984 1254 2017; x_wconf 88' lang='lat' dir='ltr'><strong>crit.</strong></span> <span class='ocrx_word' id='word_1_177' title='bbox 1276 1983 1467 2016; x_wconf 76' lang='lat' dir='ltr'><strong>Pentadee.</strong></span> <span class='ocrx_word' id='word_1_178' title='bbox 1484 1991 1511 2015; x_wconf 82' lang='grc' dir='ltr'><strong>ι.</strong></span> <span class='ocrx_word' id='word_1_179' title='bbox 1525 1983 1608 2015; x_wconf 76' lang='lat' dir='ltr'><strong>Loc.</strong></span> <span class='ocrx_word' id='word_1_180' title='bbox 1628 1985 1683 2016; x_wconf 73' lang='lat'><strong>4⁹.</strong></span> 
     </span>
     <span class='ocr_line' id='line_1_23' title="bbox 222 2025 1683 2070; baseline 0 -13"><span class='ocrx_word' id='word_1_181' title='bbox 222 2035 272 2057; x_wconf 86' lang='lat' dir='ltr'><strong>vs.</strong></span> <span class='ocrx_word' id='word_1_182' title='bbox 288 2029 321 2057; x_wconf 81' lang='lat'><strong>5.</strong></span> <span class='ocrx_word' id='word_1_183' title='bbox 338 2026 690 2068; x_wconf 74' lang='lat' dir='ltr'><strong>spuriumjndicavit;</strong></span> <span class='ocrx_word' id='word_1_184' title='bbox 724 2027 792 2058; x_wconf 90' lang='lat' dir='ltr'><strong>etsi</strong></span> <span class='ocrx_word' id='word_1_185' title='bbox 816 2027 947 2059; x_wconf 75' lang='lat' dir='ltr'><strong>veniam</strong></span> <span class='ocrx_word' id='word_1_186' title='bbox 974 2027 1035 2060; x_wconf 89' lang='lat' dir='ltr'><strong>det</strong></span> <span class='ocrx_word' id='word_1_187' title='bbox 1049 2032 1182 2070; x_wconf 85' lang='lat' dir='ltr'><strong>quarto.</strong></span> <span class='ocrx_word' id='word_1_188' title='bbox 1226 2027 1313 2059; x_wconf 88' lang='lat' dir='ltr'><strong>Cum</strong></span> <span class='ocrx_word' id='word_1_189' title='bbox 1328 2026 1416 2059; x_wconf 85' lang='lat' dir='ltr'><strong>enim</strong></span> <span class='ocrx_word' id='word_1_190' title='bbox 1442 2027 1518 2064; x_wconf 80' lang='lat' dir='ltr'><strong>iste,</strong></span> <span class='ocrx_word' id='word_1_191' title='bbox 1534 2025 1630 2058; x_wconf 74' lang='lat' dir='ltr'><strong>salvo</strong></span> <span class='ocrx_word' id='word_1_192' title='bbox 1645 2029 1683 2058; x_wconf 79' lang='lat' dir='ltr'><strong>et</strong></span> 
     </span>
     <span class='ocr_line' id='line_1_24' title="bbox 221 2067 1684 2111; baseline 0 -11"><span class='ocrx_word' id='word_1_193' title='bbox 221 2068 386 2101; x_wconf 87' lang='lat' dir='ltr'><strong>incolumi</strong></span> <span class='ocrx_word' id='word_1_194' title='bbox 407 2079 510 2101; x_wconf 87' lang='lat' dir='ltr'><strong>sensu</strong></span> <span class='ocrx_word' id='word_1_195' title='bbox 535 2073 733 2109; x_wconf 79' lang='lat' dir='ltr'><strong>contextus,</strong></span> <span class='ocrx_word' id='word_1_196' title='bbox 754 2079 822 2101; x_wconf 90' lang='lat' dir='ltr'><strong>uon</strong></span> <span class='ocrx_word' id='word_1_197' title='bbox 845 2073 981 2102; x_wconf 81' lang='lat' dir='ltr'><strong>tantum</strong></span> <span class='ocrx_word' id='word_1_198' title='bbox 1004 2070 1124 2102; x_wconf 77' lang='lat' dir='ltr'><strong>abesse</strong></span> <span class='ocrx_word' id='word_1_199' title='bbox 1142 2074 1256 2111; x_wconf 81' lang='lat' dir='ltr'><strong>queat,</strong></span> <span class='ocrx_word' id='word_1_200' title='bbox 1279 2069 1340 2102; x_wconf 84' lang='lat' dir='ltr'><strong>sed</strong></span> <span class='ocrx_word' id='word_1_201' title='bbox 1356 2069 1474 2108; x_wconf 77' lang='lat' dir='ltr'><strong>etism,</strong></span> <span class='ocrx_word' id='word_1_202' title='bbox 1489 2068 1517 2100; x_wconf 85' lang='lat' dir='ltr'><strong>si</strong></span> <span class='ocrx_word' id='word_1_203' title='bbox 1540 2067 1684 2110; x_wconf 68' lang='lat' dir='ltr'><strong>recipia-</strong></span> 
     </span>
     <span class='ocr_line' id='line_1_25' title="bbox 220 2107 1685 2154; baseline 0.001 -12"><span class='ocrx_word' id='word_1_204' title='bbox 220 2115 291 2152; x_wconf 85' lang='lat' dir='ltr'><strong>tur,</strong></span> <span class='ocrx_word' id='word_1_205' title='bbox 304 2120 438 2144; x_wconf 85' lang='lat' dir='ltr'><strong>sensum</strong></span> <span class='ocrx_word' id='word_1_206' title='bbox 457 2112 584 2154; x_wconf 81' lang='lat' dir='ltr'><strong>alioqui</strong></span> <span class='ocrx_word' id='word_1_207' title='bbox 601 2112 726 2144; x_wconf 87' lang='lat' dir='ltr'><strong>bonum</strong></span> <span class='ocrx_word' id='word_1_208' title='bbox 749 2112 832 2144; x_wconf 81' lang='lat' dir='ltr'><strong>satis</strong></span> <span class='ocrx_word' id='word_1_209' title='bbox 855 2117 892 2144; x_wconf 84' lang='lat' dir='ltr'><strong>et</strong></span> <span class='ocrx_word' id='word_1_210' title='bbox 915 2112 1127 2145; x_wconf 85' lang='lat' dir='ltr'><strong>commodum</strong></span> <span class='ocrx_word' id='word_1_211' title='bbox 1143 2113 1337 2153; x_wconf 81' lang='lat' dir='ltr'><strong>disturbet3</strong></span> <span class='ocrx_word' id='word_1_212' title='bbox 1359 2121 1435 2153; x_wconf 84' lang='lat' dir='ltr'><strong>cur,</strong></span> <span class='ocrx_word' id='word_1_213' title='bbox 1449 2110 1570 2154; x_wconf 85' lang='lat' dir='ltr'><strong>inquit,</strong></span> <span class='ocrx_word' id='word_1_214' title='bbox 1583 2107 1685 2144; x_wconf 69' lang='lat' dir='ltr'><strong>nobis</strong></span> 
     </span>
     <span class='ocr_line' id='line_1_26' title="bbox 222 2151 1682 2197; baseline 0.001 -12"><span class='ocrx_word' id='word_1_215' title='bbox 222 2154 344 2195; x_wconf 84' lang='lat' dir='ltr'><strong>religio</strong></span> <span class='ocrx_word' id='word_1_216' title='bbox 355 2155 411 2196; x_wconf 89' lang='lat' dir='ltr'><strong>sit,</strong></span> <span class='ocrx_word' id='word_1_217' title='bbox 425 2164 502 2186; x_wconf 89' lang='lat' dir='ltr'><strong>eum</strong></span> <span class='ocrx_word' id='word_1_218' title='bbox 518 2155 704 2187; x_wconf 85' lang='lat' dir='ltr'><strong>exturbare</strong></span> <span class='ocrx_word' id='word_1_219' title='bbox 720 2155 732 2186; x_wconf 84' lang='lat'>?</span> <span class='ocrx_word' id='word_1_220' title='bbox 755 2155 881 2188; x_wconf 82' lang='lat' dir='ltr'><strong>Kohlio</strong></span> <span class='ocrx_word' id='word_1_221' title='bbox 908 2156 1054 2188; x_wconf 79' lang='lat' dir='ltr'><strong>assentit</strong></span> <span class='ocrx_word' id='word_1_222' title='bbox 1076 2157 1129 2189; x_wconf 72' lang='lat' dir='ltr'><strong>ci.</strong></span> <span class='ocrx_word' id='word_1_223' title='bbox 1153 2155 1281 2189; x_wconf 79' lang='lat' dir='ltr'><strong>Jakob.</strong></span> <span class='ocrx_word' id='word_1_224' title='bbox 1307 2155 1364 2197; x_wconf 87' lang='lat' dir='ltr'><strong>qui</strong></span> <span class='ocrx_word' id='word_1_225' title='bbox 1391 2164 1440 2187; x_wconf 80' lang='lat' dir='ltr'><strong>vs.</strong></span> <span class='ocrx_word' id='word_1_226' title='bbox 1458 2158 1490 2187; x_wconf 76' lang='grc' dir='ltr'><strong>δ.</strong></span> <span class='ocrx_word' id='word_1_227' title='bbox 1505 2157 1608 2196; x_wconf 78' lang='lat' dir='ltr'><strong>pum</strong></span> <span class='ocrx_word' id='word_1_228' title='bbox 1620 2151 1682 2186; x_wconf 57' lang='lat' dir='ltr'><strong>dei</strong></span> 
     </span>
     <span class='ocr_line' id='line_1_27' title="bbox 219 2193 1683 2238; baseline 0 -10"><span class='ocrx_word' id='word_1_229' title='bbox 219 2196 373 2236; x_wconf 83' lang='lat' dir='ltr'><strong>lendum,</strong></span> <span class='ocrx_word' id='word_1_230' title='bbox 399 2206 463 2229; x_wconf 87' lang='lat' dir='ltr'><strong>nec</strong></span> <span class='ocrx_word' id='word_1_231' title='bbox 486 2197 560 2229; x_wconf 84' lang='lat' dir='ltr'><strong>sine</strong></span> <span class='ocrx_word' id='word_1_232' title='bbox 582 2198 737 2236; x_wconf 80' lang='lat' dir='ltr'><strong>ratione3</strong></span> <span class='ocrx_word' id='word_1_233' title='bbox 768 2199 990 2238; x_wconf 81' lang='lat' dir='ltr'><strong>probantibus</strong></span> <span class='ocrx_word' id='word_1_234' title='bbox 1016 2198 1221 2231; x_wconf 72' lang='lat' dir='ltr'><strong>Censor-ibus</strong></span> <span class='ocrx_word' id='word_1_235' title='bbox 1237 2197 1394 2230; x_wconf 87' lang='lat' dir='ltr'><strong>eruditis.</strong></span> <span class='ocrx_word' id='word_1_236' title='bbox 1417 2197 1499 2229; x_wconf 81' lang='lat' dir='ltr'><strong>vid.</strong></span> <span class='ocrx_word' id='word_1_237' title='bbox 1525 2195 1570 2228; x_wconf 82' lang='lat' dir='ltr'><strong>A.</strong></span> <span class='ocrx_word' id='word_1_238' title='bbox 1584 2196 1624 2230; x_wconf 72' lang='lat' dir='ltr'><strong>Iu.</strong></span> <span class='ocrx_word' id='word_1_239' title='bbox 1639 2193 1683 2228; x_wconf 53' lang='lat' dir='ltr'><strong>ze</strong></span> 
     </span>
     <span class='ocr_line' id='line_1_28' title="bbox 222 2237 1680 2281; baseline 0 -10"><span class='ocrx_word' id='word_1_240' title='bbox 222 2249 302 2271; x_wconf 86' lang='lat' dir='ltr'><strong>ann.</strong></span> <span class='ocrx_word' id='word_1_241' title='bbox 319 2242 416 2272; x_wconf 78' lang='lat'><strong>1⁷8⁵.</strong></span> <span class='ocrx_word' id='word_1_242' title='bbox 433 2249 474 2271; x_wconf 83' lang='lat'><strong>11.</strong></span> <span class='ocrx_word' id='word_1_243' title='bbox 491 2243 567 2273; x_wconf 79' lang='lat'>281.</span> <span class='ocrx_word' id='word_1_244' title='bbox 581 2241 669 2274; x_wconf 82' lang='lat' dir='ltr'><strong>Con.</strong></span> <span class='ocrx_word' id='word_1_245' title='bbox 687 2241 867 2281; x_wconf 83' lang='lat' dir='ltr'><strong>Ephemer.</strong></span> <span class='ocrx_word' id='word_1_246' title='bbox 883 2241 1032 2273; x_wconf 70' lang='lat' dir='ltr'><strong>Gotha&#39;n.</strong></span> <span class='ocrx_word' id='word_1_247' title='bbox 1047 2251 1125 2273; x_wconf 80' lang='lat' dir='ltr'><strong>ann.</strong></span> <span class='ocrx_word' id='word_1_248' title='bbox 1142 2243 1238 2272; x_wconf 82' lang='grc'>1785.</span> <span class='ocrx_word' id='word_1_249' title='bbox 1254 2250 1288 2281; x_wconf 87' lang='lat' dir='ltr'><strong>p.</strong></span> <span class='ocrx_word' id='word_1_250' title='bbox 1303 2243 1379 2273; x_wconf 72' lang='lat'>411.</span> <span class='ocrx_word' id='word_1_251' title='bbox 1424 2239 1500 2272; x_wconf 82' lang='lat' dir='ltr'><strong>Etsi</strong></span> <span class='ocrx_word' id='word_1_252' title='bbox 1522 2247 1607 2271; x_wconf 82' lang='lat' dir='ltr'><strong>vero</strong></span> <span class='ocrx_word' id='word_1_253' title='bbox 1624 2237 1680 2271; x_wconf 78' lang='lat' dir='ltr'><strong>hie</strong></span> 
     </span>
     <span class='ocr_line' id='line_1_29' title="bbox 219 2282 1680 2324; baseline -0.001 -10"><span class='ocrx_word' id='word_1_254' title='bbox 219 2291 340 2314; x_wconf 82' lang='lat' dir='ltr'><strong>versus</strong></span> <span class='ocrx_word' id='word_1_255' title='bbox 366 2283 458 2314; x_wconf 80' lang='lat' dir='ltr'><strong>salvo</strong></span> <span class='ocrx_word' id='word_1_256' title='bbox 481 2292 580 2314; x_wconf 85' lang='lat' dir='ltr'><strong>sensu</strong></span> <span class='ocrx_word' id='word_1_257' title='bbox 605 2287 787 2315; x_wconf 80' lang='lat' dir='ltr'><strong>contextus</strong></span> <span class='ocrx_word' id='word_1_258' title='bbox 811 2287 848 2315; x_wconf 90' lang='lat' dir='ltr'><strong>et</strong></span> <span class='ocrx_word' id='word_1_259' title='bbox 874 2284 966 2315; x_wconf 80' lang='lat' dir='ltr'><strong>salva</strong></span> <span class='ocrx_word' id='word_1_260' title='bbox 991 2282 1117 2315; x_wconf 80' lang='lat' dir='ltr'><strong>fabuiae</strong></span> <span class='ocrx_word' id='word_1_261' title='bbox 1140 2283 1171 2314; x_wconf 85' lang='lat' dir='ltr'><strong>vi</strong></span> <span class='ocrx_word' id='word_1_262' title='bbox 1188 2283 1309 2315; x_wconf 82' lang='lat' dir='ltr'><strong>abesse</strong></span> <span class='ocrx_word' id='word_1_263' title='bbox 1325 2285 1464 2324; x_wconf 80' lang='lat' dir='ltr'><strong>potest3</strong></span> <span class='ocrx_word' id='word_1_264' title='bbox 1486 2291 1551 2323; x_wconf 80' lang='lat' dir='ltr'><strong>ego</strong></span> <span class='ocrx_word' id='word_1_265' title='bbox 1566 2286 1680 2314; x_wconf 68' lang='lat' dir='ltr'><strong>tamen</strong></span> 
     </span>
     <span class='ocr_line' id='line_1_30' title="bbox 221 2324 1681 2367; baseline -0.001 -10"><span class='ocrx_word' id='word_1_266' title='bbox 221 2328 358 2357; x_wconf 76' lang='lat' dir='ltr'><strong>tantum</strong></span> <span class='ocrx_word' id='word_1_267' title='bbox 373 2325 454 2357; x_wconf 89' lang='lat' dir='ltr'><strong>mihi</strong></span> <span class='ocrx_word' id='word_1_268' title='bbox 480 2334 547 2356; x_wconf 85' lang='lat' dir='ltr'><strong>non</strong></span> <span class='ocrx_word' id='word_1_269' title='bbox 564 2325 740 2366; x_wconf 78' lang='lat' dir='ltr'><strong>permitto,</strong></span> <span class='ocrx_word' id='word_1_270' title='bbox 757 2330 795 2357; x_wconf 89' lang='lat' dir='ltr'><strong>ut</strong></span> <span class='ocrx_word' id='word_1_271' title='bbox 810 2325 896 2358; x_wconf 87' lang='lat' dir='ltr'><strong>duos</strong></span> <span class='ocrx_word' id='word_1_272' title='bbox 912 2326 1050 2358; x_wconf 70' lang='lat' dir='ltr'><strong>Phaedri</strong></span> <span class='ocrx_word' id='word_1_273' title='bbox 1068 2335 1185 2357; x_wconf 82' lang='lat' dir='ltr'><strong>versus</strong></span> <span class='ocrx_word' id='word_1_274' title='bbox 1208 2325 1394 2367; x_wconf 83' lang='lat' dir='ltr'><strong>ejiciendos</strong></span> <span class='ocrx_word' id='word_1_275' title='bbox 1409 2333 1566 2356; x_wconf 81' lang='lat' dir='ltr'><strong>censeam</strong></span> <span class='ocrx_word' id='word_1_276' title='bbox 1582 2336 1592 2365; x_wconf 86' lang='lat'><em>3</em></span> <span class='ocrx_word' id='word_1_277' title='bbox 1613 2324 1681 2356; x_wconf 84' lang='lat' dir='ltr'><strong>etsi</strong></span> 
     </span>
     <span class='ocr_line' id='line_1_31' title="bbox 221 2366 1679 2409; baseline -0.001 -10"><span class='ocrx_word' id='word_1_278' title='bbox 221 2368 332 2409; x_wconf 85' lang='lat' dir='ltr'><strong>probe</strong></span> <span class='ocrx_word' id='word_1_279' title='bbox 346 2368 463 2408; x_wconf 83' lang='lat' dir='ltr'><strong>sciam,</strong></span> <span class='ocrx_word' id='word_1_280' title='bbox 489 2377 538 2401; x_wconf 80' lang='lat' dir='ltr'><strong>vs.</strong></span> <span class='ocrx_word' id='word_1_281' title='bbox 563 2371 595 2399; x_wconf 86' lang='grc'><strong>5.</strong></span> <span class='ocrx_word' id='word_1_282' title='bbox 619 2377 687 2399; x_wconf 88' lang='lat' dir='ltr'><strong>non</strong></span> <span class='ocrx_word' id='word_1_283' title='bbox 713 2377 832 2399; x_wconf 84' lang='lat' dir='ltr'><strong>carere</strong></span> <span class='ocrx_word' id='word_1_284' title='bbox 857 2367 1074 2400; x_wconf 82' lang='lat' dir='ltr'><strong>difficultate.</strong></span> <span class='ocrx_word' id='word_1_285' title='bbox 1118 2368 1249 2402; x_wconf 85' lang='lat' dir='ltr'><strong>Quodsi</strong></span> <span class='ocrx_word' id='word_1_286' title='bbox 1263 2367 1355 2399; x_wconf 87' lang='lat' dir='ltr'><strong>enim</strong></span> <span class='ocrx_word' id='word_1_287' title='bbox 1377 2376 1494 2399; x_wconf 86' lang='lat' dir='ltr'><strong>omnes</strong></span> <span class='ocrx_word' id='word_1_288' title='bbox 1511 2366 1679 2399; x_wconf 78' lang='lat' dir='ltr'><strong>venusin</strong></span> 
     </span>
     <span class='ocr_line' id='line_1_32' title="bbox 222 2409 1680 2452; baseline -0.001 -10"><span class='ocrx_word' id='word_1_289' title='bbox 222 2411 344 2452; x_wconf 83' lang='lat' dir='ltr'><strong>priscis</strong></span> <span class='ocrx_word' id='word_1_290' title='bbox 358 2410 593 2452; x_wconf 80' lang='lat' dir='ltr'><strong>scriptoribus,</strong></span> <span class='ocrx_word' id='word_1_291' title='bbox 615 2410 759 2442; x_wconf 75' lang='lat' dir='ltr'><strong>maxime</strong></span> <span class='ocrx_word' id='word_1_292' title='bbox 781 2411 817 2442; x_wconf 89' lang='lat' dir='ltr'><strong>in</strong></span> <span class='ocrx_word' id='word_1_293' title='bbox 838 2411 997 2452; x_wconf 83' lang='lat' dir='ltr'><strong>Phaedro,</strong></span> <span class='ocrx_word' id='word_1_294' title='bbox 1024 2411 1077 2443; x_wconf 82' lang='lat' dir='ltr'><strong>vel</strong></span> <span class='ocrx_word' id='word_1_295' title='bbox 1100 2410 1206 2452; x_wconf 89' lang='lat' dir='ltr'><strong>spurii</strong></span> <span class='ocrx_word' id='word_1_296' title='bbox 1222 2414 1258 2442; x_wconf 85' lang='lat' dir='ltr'><strong>et</strong></span> <span class='ocrx_word' id='word_1_297' title='bbox 1272 2409 1493 2452; x_wconf 82' lang='lat' dir='ltr'><strong>supposititii,</strong></span> <span class='ocrx_word' id='word_1_298' title='bbox 1506 2409 1560 2441; x_wconf 85' lang='lat' dir='ltr'><strong>vel</strong></span> <span class='ocrx_word' id='word_1_299' title='bbox 1574 2409 1680 2442; x_wconf 85' lang='lat' dir='ltr'><strong>inter·</strong></span> 
     </span>
     <span class='ocr_line' id='line_1_33' title="bbox 222 2451 1718 2495; baseline -0.001 -10"><span class='ocrx_word' id='word_1_300' title='bbox 222 2453 330 2495; x_wconf 75' lang='lat' dir='ltr'><strong>polati</strong></span> <span class='ocrx_word' id='word_1_301' title='bbox 334 2453 515 2495; x_wconf 79' lang='lat' dir='ltr'><strong>judicandi</strong></span> <span class='ocrx_word' id='word_1_302' title='bbox 529 2457 658 2495; x_wconf 83' lang='lat' dir='ltr'><strong>essent,</strong></span> <span class='ocrx_word' id='word_1_303' title='bbox 674 2454 732 2495; x_wconf 88' lang='lat' dir='ltr'><strong>qui</strong></span> <span class='ocrx_word' id='word_1_304' title='bbox 746 2458 805 2485; x_wconf 83' lang='lat' dir='ltr'><strong>aut</strong></span> <span class='ocrx_word' id='word_1_305' title='bbox 817 2453 944 2485; x_wconf 87' lang='lat' dir='ltr'><strong>rectius</strong></span> <span class='ocrx_word' id='word_1_306' title='bbox 958 2458 1099 2494; x_wconf 83' lang='lat' dir='ltr'><strong>possunt</strong></span> <span class='ocrx_word' id='word_1_307' title='bbox 1108 2453 1267 2495; x_wconf 80' lang='lat' dir='ltr'><strong>exprimi,</strong></span> <span class='ocrx_word' id='word_1_308' title='bbox 1277 2457 1336 2485; x_wconf 84' lang='lat' dir='ltr'><strong>aut</strong></span> <span class='ocrx_word' id='word_1_309' title='bbox 1348 2451 1510 2494; x_wconf 81' lang='lat' dir='ltr'><strong>superflui</strong></span> <span class='ocrx_word' id='word_1_310' title='bbox 1525 2451 1678 2494; x_wconf 74' lang='lat' dir='ltr'><strong>ineptive</strong></span> <span class='ocrx_word' id='word_1_311' title='bbox 1714 2479 1718 2482; x_wconf 90' lang='lat'>.</span> 
     </span>
     <span class='ocr_line' id='line_1_34' title="bbox 221 2493 1678 2539; baseline -0.001 -11"><span class='ocrx_word' id='word_1_312' title='bbox 221 2496 396 2538; x_wconf 85' lang='lat' dir='ltr'><strong>videntur,</strong></span> <span class='ocrx_word' id='word_1_313' title='bbox 411 2500 494 2539; x_wconf 90' lang='lat' dir='ltr'><strong>quot</strong></span> <span class='ocrx_word' id='word_1_314' title='bbox 515 2505 631 2538; x_wconf 81' lang='lat' dir='ltr'><strong>quaeso</strong></span> <span class='ocrx_word' id='word_1_315' title='bbox 646 2499 762 2528; x_wconf 82' lang='lat' dir='ltr'><strong>essent</strong></span> <span class='ocrx_word' id='word_1_316' title='bbox 778 2496 831 2528; x_wconf 84' lang='lat' dir='ltr'><strong>vel</strong></span> <span class='ocrx_word' id='word_1_317' title='bbox 846 2495 1062 2539; x_wconf 82' lang='lat' dir='ltr'><strong>emendandi,</strong></span> <span class='ocrx_word' id='word_1_318' title='bbox 1083 2497 1137 2529; x_wconf 87' lang='lat' dir='ltr'><strong>vel</strong></span> <span class='ocrx_word' id='word_1_319' title='bbox 1152 2496 1333 2539; x_wconf 86' lang='lat' dir='ltr'><strong>ejiciendi!</strong></span> <span class='ocrx_word' id='word_1_320' title='bbox 1357 2495 1406 2528; x_wconf 88' lang='lat' dir='ltr'><strong>At</strong></span> <span class='ocrx_word' id='word_1_321' title='bbox 1420 2504 1501 2528; x_wconf 83' lang='lat' dir='ltr'><strong>vera</strong></span> <span class='ocrx_word' id='word_1_322' title='bbox 1515 2494 1598 2527; x_wconf 81' lang='lat' dir='ltr'><strong>artis</strong></span> <span class='ocrx_word' id='word_1_323' title='bbox 1613 2493 1678 2527; x_wconf 84' lang='lat' dir='ltr'><strong>cri·</strong></span> 
     </span>
    </p>
   </div>
   <div class='ocr_carea' id='block_1_8' title="bbox 880 2619 1025 2653">
    <p class='ocr_par' dir='ltr' id='par_1_12' title="bbox 880 2619 1025 2653">
     <span class='ocr_line' id='line_1_35' title="bbox 880 2619 1025 2653; baseline 0.007 -1"><span class='ocrx_word' id='word_1_324' title='bbox 880 2619 1025 2653; x_wconf 79' lang='lat' dir='ltr'>NOTAE</span> 
     </span>
    </p>
   </div>
   <div class='ocr_carea' id='block_1_9' title="bbox 222 2703 1678 2799">
    <p class='ocr_par' dir='ltr' id='par_1_13' title="bbox 222 2703 1678 2799">
     <span class='ocr_line' id='line_1_36' title="bbox 265 2703 1676 2747; baseline 0.001 -11"><span class='ocrx_word' id='word_1_325' title='bbox 265 2707 286 2737; x_wconf 81' lang='lat'>2</span> <span class='ocrx_word' id='word_1_326' title='bbox 304 2704 416 2745; x_wconf 74' lang='lat' dir='ltr'><strong>Ignoto</strong></span> <span class='ocrx_word' id='word_1_327' title='bbox 430 2704 509 2747; x_wconf 81' lang='lat' dir='ltr'><strong><em>loco]</em></strong></span> <span class='ocrx_word' id='word_1_328' title='bbox 530 2703 853 2746; x_wconf 85' lang='lat' dir='ltr'><strong>Peregrinoinloco</strong></span> <span class='ocrx_word' id='word_1_329' title='bbox 865 2705 923 2738; x_wconf 90' lang='lat' dir='ltr'><strong>ubi</strong></span> <span class='ocrx_word' id='word_1_330' title='bbox 975 2706 1171 2739; x_wconf 85' lang='lat' dir='ltr'><strong>verborum.</strong></span> <span class='ocrx_word' id='word_1_331' title='bbox 1211 2705 1367 2747; x_wconf 83' lang='lat' dir='ltr'><strong>Metaph.</strong></span> <span class='ocrx_word' id='word_1_332' title='bbox 1401 2704 1558 2746; x_wconf 79' lang='lat' dir='ltr'><strong>Strophae</strong></span> <span class='ocrx_word' id='word_1_333' title='bbox 1587 2704 1676 2738; x_wconf 80' lang='lat' dir='ltr'><strong>euim</strong></span> 
     </span>
     <span class='ocr_line' id='line_1_37' title="bbox 222 2753 1678 2799; baseline -0.001 -9"><span class='ocrx_word' id='word_1_334' title='bbox 222 2767 298 2790; x_wconf 84' lang='lat' dir='ltr'><strong>eum</strong></span> <span class='ocrx_word' id='word_1_335' title='bbox 313 2766 413 2788; x_wconf 88' lang='lat' dir='ltr'><strong>nemo</strong></span> <span class='ocrx_word' id='word_1_336' title='bbox 427 2761 583 2790; x_wconf 83' lang='lat' dir='ltr'><strong>noverat.</strong></span> <span class='ocrx_word' id='word_1_337' title='bbox 976 2756 1114 2799; x_wconf 87' lang='lat' dir='ltr'><strong>proprie</strong></span> <span class='ocrx_word' id='word_1_338' title='bbox 1143 2756 1255 2799; x_wconf 84' lang='lat' dir='ltr'><strong>laquei</strong></span> <span class='ocrx_word' id='word_1_339' title='bbox 1283 2758 1363 2788; x_wconf 86' lang='lat' dir='ltr'><strong>sunt</strong></span> <span class='ocrx_word' id='word_1_340' title='bbox 1397 2753 1610 2796; x_wconf 74' lang='lat' dir='ltr'><strong>decipiendis</strong></span> <span class='ocrx_word' id='word_1_341' title='bbox 1640 2759 1678 2788; x_wconf 83' lang='lat' dir='ltr'><strong>et</strong></span> 
     </span>
    </p>
   </div>
   <div class='ocr_carea' id='block_1_10' title="bbox 263 2802 1665 2852">
    <p class='ocr_par' dir='ltr' id='par_1_14' title="bbox 263 2802 1665 2852">
     <span class='ocr_line' id='line_1_38' title="bbox 263 2802 1665 2852; baseline -0.001 -11"><span class='ocrx_word' id='word_1_342' title='bbox 263 2811 282 2841; x_wconf 81' lang='grc'>4</span> <span class='ocrx_word' id='word_1_343' title='bbox 313 2808 454 2841; x_wconf 76' lang='lat' dir='ltr'><strong>Verbosis</strong></span> <span class='ocrx_word' id='word_1_344' title='bbox 467 2808 616 2850; x_wconf 72' lang='lat' dir='ltr'><strong>strophis]</strong></span> <span class='ocrx_word' id='word_1_345' title='bbox 649 2808 691 2841; x_wconf 82' lang='lat' dir='ltr'><strong>Id</strong></span> <span class='ocrx_word' id='word_1_346' title='bbox 710 2811 774 2851; x_wconf 84' lang='lat' dir='ltr'><strong>est,</strong></span> <span class='ocrx_word' id='word_1_347' title='bbox 789 2807 922 2852; x_wconf 75' lang='lat' dir='ltr'><strong>laqueis</strong></span> <span class='ocrx_word' id='word_1_348' title='bbox 975 2805 1153 2848; x_wconf 76' lang='lat' dir='ltr'><strong>captandis</strong></span> <span class='ocrx_word' id='word_1_349' title='bbox 1169 2805 1249 2839; x_wconf 82' lang='lat' dir='ltr'><strong>feris</strong></span> <span class='ocrx_word' id='word_1_350' title='bbox 1265 2809 1370 2849; x_wconf 75' lang='lat' dir='ltr'><strong>aptae,</strong></span> <span class='ocrx_word' id='word_1_351' title='bbox 1386 2814 1406 2837; x_wconf 80' lang='lat' dir='ltr'><strong>a</strong></span> <span class='ocrx_word' id='word_1_352' title='bbox 1419 2802 1554 2847; x_wconf 69' lang='grc' dir='ltr'><strong>στρέφε»,</strong></span> <span class='ocrx_word' id='word_1_353' title='bbox 1566 2808 1665 2839; x_wconf 67' lang='lat' dir='ltr'><strong>verto.</strong></span> 
     </span>
    </p>
   </div>
  </div>
 </body>
</html>
