1806 3236
210 254 296 298 266
503 262 703 294 PnAEnm
738 259 1048 293 rAnunARnM
1082 258 1379 291 AEsomARuM

214 360 469 403 Desiderari
490 358 645 413 coepit,
667 357 795 413 cnjus
815 355 999 398 flatibus

212 428 401 471 Solebat
419 426 604 469 excitari
624 424 821 467 saltantis
841 423 981 476 vigor.
1611 418 1672 463 15

212 495 320 538 Erat
338 495 534 538 facturus
553 493 686 535 ludos
706 491 885 546 quidam
904 489 1082 540 nobilis,
1305 491 1308 493 ’

214 563 270 605 Et
288 563 534 618 incipiebat
559 559 725 614 ingredi
745 559 982 613 Princeps.
1041 556 1157 599 Eum

212 630 410 674 Adducit
429 629 589 686 pretio,
609 628 836 683 precibus,
855 630 905 669 ut
924 624 1227 668 tantummodo

213 752 326 793 deesse,
350 751 437 791 cujus
455 760 529 783 sono
552 750 646 781 ardor
660 737 842 781 saltantium
856 747 972 780 solebat
988 746 1133 780 excitari.
1181 745 1318 783 Quidam
1333 745 1417 778 baud
1439 746 1587 787 ignobilis
1600 753 1670 782 emt

214 796 345 827 daturus
366 795 462 836 ludos,
482 796 513 825 et
528 793 680 834 Princeps
694 792 838 824 Tibicen
859 791 1027 836 incipiebat
1049 789 1219 822 ambulare.
1264 787 1376 821 laesit
1390 789 1470 822 hunc
1482 792 1619 825 mercede
1633 797 1672 825 et

214 933 354 967 flatibus
367 933 499 966 solebat
511 933 658 966 excitari
672 933 830 966 saltantis
841 933 950 975 vigor,
965 933 1071 975 coepit
1086 930 1286 971 desiderari,
1299 933 1339 962 ut
1354 933 1590 972 spectatorum
1600 938 1674 964 mos

213 982 282 1018 est,
308 977 336 1009 si
361 977 444 1019 quid
465 976 526 1008 diu
551 976 663 1017 abest,
685 977 775 1019 quod
799 981 902 1009 antea
926 986 1062 1018 semper
1087 975 1206 1008 adesse
1227 973 1375 1006 solebat.
1418 973 1635 1015 Quanquam,
1645 973 1676 1007 si

215 1030 314 1063 quem
331 1020 453 1063 exigua
466 1019 539 1051 haec
563 1020 708 1052 mutatio
721 1020 779 1051 τοῦ
793 1022 824 1052 et
838 1020 875 1052 in
888 1020 923 1052 id
937 1019 1103 1059 offendat,
1116 1018 1188 1051 sine
1203 1018 1274 1049 nlla
1290 1016 1506 1051 correctione
1527 1015 1675 1052 eundem
1695 1024 1699 1029 ’

214 1073 349 1096 sensum
364 1063 492 1095 elicere
506 1063 628 1104 possit,
651 1063 681 1095 si
695 1063 798 1095 modo
813 1066 844 1095 et
857 1067 970 1095 sumat
985 1071 1047 1105 pro
1064 1062 1172 1095 etiam.
1216 1059 1285 1093 Sed
1301 1063 1340 1092 ut
1355 1059 1524 1100 omittam,
1538 1059 1675 1101 lepidum

211 1116 314 1147 genus
341 1106 463 1138 melius
488 1104 609 1138 referri
633 1106 677 1138 ad
702 1109 933 1148 spectatores,
956 1115 1058 1148 quam
1082 1104 1125 1137 ad
1151 1103 1362 1144 Principem,
1375 1102 1506 1143 nescio,
1520 1111 1564 1134 an
1575 1111 1676 1143 genus

214 1149 356 1181 tibicinis
376 1148 419 1180 de
444 1158 512 1180 uno
536 1148 678 1181 tibicine
701 1153 798 1181 recte
822 1148 968 1182 dicatur.
1012 1149 1118 1181 Certe
1136 1146 1305 1178 Phaedrus
1318 1145 1408 1177 dixit
1423 1144 1606 1187 ‘pavidum
1620 1154 1677 1187 ge,-

213 1191 289 1225 nus'
303 1190 347 1224 de
363 1190 466 1232 ranis,
478 1199 546 1223 non
559 1191 602 1223 de
614 1200 715 1231 rana;
729 1193 738 1210 ‘
747 1191 921 1233 proprium
934 1190 1063 1232 genus,'
1076 1190 1120 1222 de
1132 1189 1281 1231 graculis
1292 1198 1303 1227 ⁴,
1314 1188 1325 1205 ‘
1337 1197 1444 1229 genus
1454 1186 1674 1228 mortalium,'

214 1235 259 1268 de
281 1233 486 1267 hominibus.
528 1232 587 1266 Ita
610 1234 621 1252 ‘
632 1243 739 1276 genus
753 1232 909 1276 piscium’
927 1233 1019 1275 apud
1036 1233 1123 1266 Hor.
1139 1231 1207 1264 od.
1227 1239 1253 1264 1.
1267 1231 1343 1263 29.
1359 1230 1425 1263 etsi
1436 1229 1545 1272 probe
1555 1229 1674 1271 sciam,

214 1278 281 1310 alio
307 1286 411 1309 sensu
435 1276 507 1308 dici
529 1286 629 1319 posse
650 1272 750 1318 genus
769 1276 909 1309 tibicinis
932 1285 994 1318 pro
1017 1275 1173 1317 ejusdem
1193 1273 1303 1317 prole,
1318 1278 1358 1306 ut
1379 1273 1508 1315 ‘genus
1523 1271 1678 1305 Adrasti'

216 1320 322 1353 ovid.
337 1320 431 1352 Fast.
444 1321 520 1352 433.
533 1329 596 1361 pro
610 1319 883 1353 Diomede.—-16
895 1319 1031 1351 Praeter
1040 1319 1074 1352 J.
1089 1318 1128 1350 F.
1145 1317 1298 1350 Gronov.
1312 1320 1349 1349 et
1362 1314 1482 1348 Burm.
1493 1314 1679 1349 ediderunt

214 1363 332 1396 nobiles
356 1363 476 1395 Bentl.
497 1363 612 1395 Richt.
624 1362 731 1396 Desb.
743 1362 864 1399 Didot.
876 1362 937 1394 sed
950 1361 1019 1394 vid.
1035 1361 1078 1393 ad
1093 1360 1152 1393 lib.
1167 1369 1203 1393 v.
1218 1359 1288 1392 fab.
1304 1363 1336 1392 5.
1352 1361 1387 1391 4.
1421 1355 1536 1391 nobilis
1547 1357 1678 1392 habent

215 1405 381 1439 Rittersh.
397 1405 525 1446 Rigalt.
535 1405 625 1439 Nev.
635 1405 721 1438 Fab.
738 1406 817 1438 Urs.
832 1403 955 1438 Scheff.
967 1404 1077 1446 prima
1091 1404 1208 1436 Burm.
1220 1402 1339 1435 Maitt.
1355 1401 1442 1434 Lan.
1459 1400 1558 1434 Brot.
1574 1401 1675 1436 Jiird.

214 1449 360 1482 ale—1⁷.
377 1451 418 1480 18
439 1448 616 1482 Exhibent
639 1448 769 1481 vetusti
789 1447 899 1481 codd.
925 1448 1046 1490 (etiam
1062 1446 1156 1479 Edit.
1167 1446 1249 1478 Vct.
1262 1449 1303 1478 ut
1318 1443 1426 1486 Nev.)
1449 1444 1496 1476 Et
1509 1443 1679 1486 incipiebat

214 1492 372 1534 Princeps
384 1491 496 1523 abduci
509 1500 597 1531 reum
609 1491 735 1532 ingredi
749 1493 778 1523 A
801 1500 834 1523 se
847 1490 969 1523 reducit
979 1490 1084 1532 pretio
1096 1488 1239 1531 precibus
1250 1491 1286 1521 ut
1300 1487 1522 1520 tantummodo.
1545 1486 1678 1530 Rigalt.

215 1535 390 1577 conjecit:
413 1535 460 1566 Et
473 1533 643 1575 incipiebat
655 1534 807 1575 Princeps
815 1533 989 1574 ingredier.
1033 1533 1117 1565 Eum
1131 1531 1283 1572 Adducit,
1294 1529 1410 1572 pretio,
1420 1529 1575 1572 precibus.
1617 1529 1677 1563 Sic

215 1578 321 1610 etiam
349 1577 600 1610 emendandum
629 1581 750 1609 censet
771 1575 913 1609 Prasch.
939 1585 1008 1608 non
1029 1580 1146 1608 tamen
1170 1582 1274 1607 sensu
1287 1572 1465 1614 concinno,
1479 1572 1566 1605 etin
1580 1571 1678 1606 exitu

214 1619 290 1653 fere
305 1625 427 1653 contra
439 1623 600 1660 metrum,
625 1620 831 1652 observante
854 1618 1048 1652 Tzschuck.
1083 1618 1196 1651 Etiam
1221 1616 1338 1650 Bentl.
1361 1615 1396 1648 h.
1413 1623 1503 1648 vers.
1518 1614 1562 1648 ob
1573 1616 1679 1649 malos

215 1672 375 1696 numeros
387 1662 637 1695 exsibilandum
653 1662 830 1695 censebat.
874 1662 992 1696 Quare
1003 1671 1081 1694 cnm
1095 1660 1245 1693 Desbill.
1262 1658 1400 1701 reposui
1414 1669 1423 1691 ι
1447 1658 1494 1690 Et
1507 1657 1678 1700 incipiebat

213 1706 344 1747 ingredi
366 1706 530 1748 Princeps.
566 1706 663 1746 Eum,
678 1707 732 1747 &a
755 1704 914 1737 Schwab.
956 1704 1074 1738 Bentl.
1101 1705 1143 1736 Et
1168 1707 1204 1736 ut
1226 1700 1394 1744 incipiebat
1412 1710 1502 1743 posse
1524 1700 1680 1743 Princeps

215 1749 356 1790 ingredi,
369 1749 496 1780 Inducit
508 1749 622 1790 pretio,
633 1747 788 1789 precibus,
812 1749 848 1780 in
865 1747 989 1790 quibus
1004 1756 1061 1779 me
1075 1745 1255 1779 offendunt
1277 1745 1338 1777 illa
1359 1747 1392 1776 et
1412 1747 1473 1782 ut,·
1493 1746 1530 1776 et
1553 1742 1678 1776 deinde

213 1801 303 1834 posse
316 1791 454 1832 ingredi,
476 1790 566 1833 quod
581 1791 664 1822 nihil
678 1791 754 1832 plus
769 1790 949 1832 significat,
963 1799 1064 1832 quam
1078 1789 1216 1830 ingredi.
1259 1788 1301 1820 In
1318 1787 1404 1820 Mss.
1419 1795 1486 1819 non
1505 1785 1679 1828 reperitur

212 1844 302 1876 posse
310 1844 323 1872 ‚·
340 1835 424 1866 licet
439 1842 507 1866 non
521 1840 656 1875 negem,
669 1833 895 1876 probabiliter
916 1842 1016 1883 posse
1041 1830 1180 1864 defendi
1199 1832 1274 1863 loco
1290 1830 1350 1862 illo
1365 1828 1554 1870 Ciceronis,
1570 1837 1591 1861 a
1605 1828 1678 1862 Gn·

218 1877 276 1910 dio
289 1876 449 1909 adducto.
491 1876 560 1909 Sed
586 1875 692 1909 miror
719 1875 831 1908 virum
850 1874 1075 1916 fasndiosum,
1088 1874 1146 1917 qui
1161 1874 1221 1907 lib.
1237 1882 1264 1906 1.
1280 1871 1351 1905 fab.
1364 1875 1419 1905 27.
1444 1872 1455 1890 ‘
1468 1871 1677 1905 conveniens

217 1930 294 1952 esse
308 1918 448 1963 potest,’
462 1919 555 1962 quod
570 1923 624 1951 est
644 1919 678 1951 in
694 1919 844 1961 scriptis,
858 1927 967 1951 conco
993 1927 1074 1951 uere
1091 1926 1158 1949 non
1180 1916 1309 1959 potnit,
1326 1915 1383 1947 hie
1397 1918 1518 1948 contra
1530 1915 1678 1947 auctori-

217 1967 326 1996 tatem
353 1963 562 2003 scriptorum
587 1962 743 2004 recipere
771 1962 873 1994 avide
901 1961 962 1993 illu
1013 1969 1103 2003 posse
1125 1959 1265 2001 ingredi.
1307 1957 1378 1991 Sed
1395 1958 1517 1999 licere,
1530 1962 1677 2002 utroque

218 2005 321 2038 modo
336 2005 443 2048 loqui,
463 2009 596 2047 etposse
617 2004 759 2046 addere,
781 2005 837 2038 vel
859 2004 1032 2045 omittere,
1052 2003 1126 2036 sine
1147 2001 1327 2036 sententiae
1349 2000 1485 2042 damno,
1509 2005 1609 2042 patet
1634 2010 1678 2034 ex

216 2049 312 2082 Suet.
336 2049 444 2090 Vesp.
468 2051 501 2080 ⁷.
527 2047 572 2080 de
596 2047 749 2080 Basilide
775 2048 914 2089 liberto,
936 2048 946 2066 ‘
958 2057 1060 2090 quem
1080 2046 1153 2088 jam
1181 2045 1314 2090 pridem
1336 2048 1483 2085 propter
1496 2052 1677 2076 nervorum

219 2090 453 2124 valetudinem
474 2091 533 2123 vix
548 2090 692 2133 ingredi,
707 2091 880 2132 longeque
894 2090 1013 2122 abesse
1031 2088 1211 2122 constabat
1223 2087 1246 2128 ς’
1269 2092 1307 2120 et
1320 2086 1368 2119 ibi
1383 2087 1440 2119 vix
1453 2086 1579 2128 ingredi
1589 2096 1678 2128 posse

217 2134 438 2175 intelligitur,
462 2133 525 2166 sed
538 2132 577 2166 rb
588 2143 677 2175 posse
692 2143 761 2166 non
777 2132 994 2175 exprimitur.
1038 2131 1153 2166 Quid?
1175 2132 1204 2164 si
1218 2132 1369 2172 legamus
1381 2129 1591 2163 continuatis
1603 2138 1680 2162 ver·

219 2178 287 2217 bis,
311 2178 393 2209 Erat
400 2177 550 2216 facturus
562 2177 652 2219 iudos
664 2176 789 2218 quidam
813 2176 941 2217 nobiles,
971 2177 1016 2209 Ut
1030 2175 1197 2217 incipiebat
1213 2174 1366 2215 Princeps
1378 2172 1524 2213 ingredi:
1547 2173 1570 2205 i.
1586 2181 1620 2205 e.
1635 2181 1678 2205 eo

219 2225 375 2262 tempore
390 2220 488 2252 ludos
503 2224 578 2252 erat
587 2219 756 2260 facturus,
769 2229 836 2262 quo
852 2218 1172 2261 incipiebatiternm
1188 2216 1332 2259 ingredi.
1374 2215 1417 2248 In
1432 2214 1584 2257 reliquis,
1599 2224 1677 2258 quae

220 2263 255 2296 in
267 2263 343 2295 cod.
359 2263 578 2302 exhibentur,
593 2273 613 2294 a
626 2272 660 2295 ee
672 2262 794 2302 abduci,
815 2267 853 2295 et
865 2262 989 2295 Glossa
1002 2261 1120 2302 Gudii,
1135 2262 1224 2293 latet
1239 2258 1379 2303 aliquid,
1399 2267 1466 2301 quo
1477 2257 1677 2300 Principem

220 2306 293 2338 sine
318 2306 524 2338 adminiculo
542 2306 617 2347 jam
637 2305 827 2345 ingressum
856 2304 1090 2345 significatnr;
1120 2314 1140 2335 a
1161 2313 1194 2336 se
1207 2303 1333 2344 ingredi
1348 2310 1430 2334 vero
1443 2301 1502 2333 vix
1517 2300 1677 2334 Latinum

219 2354 362 2392 putem;
389 2348 450 2380 sed
473 2358 550 2380 cum
578 2348 738 2389 ingredier
764 2347 869 2380 fuisse
889 2348 925 2379 in
948 2348 1034 2379 Mss.
1061 2346 1188 2389 potuit,
1207 2346 1288 2378 hinc
1303 2346 1337 2378 in
1353 2343 1482 2377 ultimis
1495 2344 1562 2376 illis
1580 2352 1626 2382 er,
1639 2348 1678 2376 et

221 2392 325 2424 etiam
356 2392 391 2423 in
412 2401 512 2431 reum,
538 2390 687 2432 vestigia
709 2400 801 2423 verae
832 2390 1004 2430 lectionis,
1026 2395 1063 2422 et
1075 2399 1132 2431 per
1146 2390 1334 2430 absorptae,
1347 2389 1458 2420 latere
1473 2390 1630 2429 possunt,
1641 2391 1679 2418 et

220 2434 311 2468 forte
323 2435 374 2467 ita
387 2439 506 2476 posset
519 2433 681 2466 constitui
695 2433 790 2465 locus
804 2444 812 2465 :
838 2434 922 2464 Erat
939 2433 1088 2473 facturus
1102 2434 1190 2464 ludos
1202 2433 1328 2473 quidam
1341 2430 1468 2469 nobiles,
1486 2429 1530 2461 Ut
1549 2428 1678 2470 incipie-

222 2478 277 2510 bat
290 2488 347 2520 per
367 2487 402 2509 se
415 2477 570 2518 Princeps
590 2476 727 2517 ingredi.
768 2476 910 2508 Adducit
930 2476 1046 2516 pretio,
1068 2477 1121 2517 85⁶.
1156 2485 1213 2516 per
1225 2485 1257 2507 se
1272 2476 1362 2506 enim
1380 2471 1516 2505 obvium
1531 2475 1586 2504 est
1625 2481 1678 2513 ro,

221 2522 323 2561 solus,
333 2520 406 2552 sine
418 2519 642 2561 adjutoribus,
657 2523 695 2551 ut
705 2517 765 2551 lib.
779 2528 836 2556 111.v
851 2517 923 2550 fab.
935 2522 987 2552 10.
998 2521 1050 2551 58.
1065 2519 1074 2535 ‘
1090 2528 1151 2559 per
1161 2523 1196 2550 te
1207 2514 1428 2559 cognoveris,'
1438 2514 1497 2547 ubi
1509 2515 1592 2559 ἣδε
1619 2512 1678 2547 eff.

222 2568 259 2596 et
271 2564 314 2596 ad
331 2563 434 2596 Ovid.
448 2561 634 2594 Medicam.
647 2561 700 2594 27.
722 2566 758 2594 et
772 2561 867 2594 Suet.
891 2561 980 2595 Caes.
992 2564 1045 2595 56.
1089 2560 1207 2593 Verba
1222 2564 1336 2592 autem
1347 2556 1554 2599 transposita
1563 2554 1680 2599 fuisse,

221 2616 264 2638 ex
280 2606 429 2648 antiquis
445 2604 522 2638 edd.
533 2604 615 2637 satis
634 2607 744 2646 patet.
766 2604 882 2636 Burm.
926 2604 1041 2637 Ursin.
1056 2613 1203 2645 sequens
1218 2603 1359 2645 propius
1373 2600 1518 2642 vestigia
1531 2600 1678 2641 scriptu-

220 2658 268 2680 rae
281 2660 290 2681 :
317 2650 363 2681 Et
377 2648 546 2690 incipiebat
557 2647 683 2688 ingredi
693 2647 858 2689 Princeps,
872 2656 943 2680 eum
958 2646 1092 2679 Reduc-it
1102 2646 1218 2688 pretio,
1232 2645 1384 2686 precibus,
1397 2646 1434 2676 ut
1446 2644 1680 2681 tantummodo,-

221 2692 348 2724 Heins.
372 2692 417 2723 Ut
432 2691 600 2732 incipiebat
616 2690 769 2732 Princeps
787 2690 958 2730 ingredier,
974 2700 1044 2722 eum
1063 2689 1191 2721 Inducit
1200 2689 1303 2730 pretio
1315 2691 1348 2721 et
1369 2686 1525 2728 precibus,
1545 2689 1583 2718 ut
1606 2689 1679 2718 tan-

222 2736 377 2766 tummodo
389 2745 401 2770 ,-
422 2734 509 2766 Toll.
540 2734 588 2765 Et
610 2733 777 2774 incipiebat
802 2733 952 2775 Princeps
963 2732 1034 2772 jam
1057 2732 1226 2772 ingredier.
1260 2732 1345 2763 Eum
1366 2730 1410 2762 A.
1423 2740 1454 2771 p.
1465 2739 1502 2770 p.
1540 2727 1679 2771 [Edidit

225 2777 355 2809 Anton.
383 2777 425 2808 Ut
446 2778 508 2808 inc.
520 2787 540 2807 a
560 2786 591 2807 se
611 2776 763 2818 Princeps
776 2776 917 2816 ingredi,
932 2775 1085 2808 Perducit
1099 2785 1166 2807 eum
1173 2774 1290 2816 pretio,
1302 2772 1456 2815 precibus,
1467 2771 1679 2811 tantummode

223 2823 257 2850 ut
277 2819 362 2860 Ipso,
376 2820 429 2858 85⁶.
474 2819 588 2850 Etiam
605 2819 791 2860 proponit:
833 2819 879 2850 Ut
903 2820 964 2852 inc.
991 2819 1034 2851 P.
1049 2817 1160 2859 absque
1179 2818 1254 2849 duce
1267 2816 1403 2856 ingredi,
1416 2814 1484 2856 mu]
1528 2813 1696 2846 Adducit..

223 2862 323 2893 Brot.
339 2872 358 2893 e
370 2861 465 2893 libris
479 2861 617 2903 scriptis
633 2866 669 2894 et
680 2862 770 2894 Plin.
786 2860 832 2894 H.
847 2860 893 2894 N.
905 2871 970 2894 vn.
983 2864 1036 2894 48.
1051 2865 1168 2893 tuetur
1185 2857 1333 2898 Reducit,
1349 2859 1439 2901 quod
1463 2857 1608 2889 alienum
1624 2859 1680 2888 est
1715 2891 1717 2893 ,

224 2906 257 2937 h.
270 2906 293 2937 l.
309 2914 387 2938 cum
402 2907 571 2946 r'epngnet
586 2905 711 2948 sensui,
726 2908 763 2937 et
778 2913 884 2938 nexus
905 2904 1067 2937 orationis
1088 2903 1242 2946 requirat
1262 2902 1412 2944 Adducit,
1428 2901 1483 2933 vel
1499 2899 1679 2933 Induat.-
