1806 3236
363 245 566 286 rnatum
601 249 711 284 ms.
745 248 1050 284 AEsomARuM
1085 247 1182 284 ιιι.
1215 250 1246 283 ι.
1278 239 1349 283 11.

118 338 220 384 nebo
233 348 380 393 lunt-t.
402 347 524 382 Senec.
539 346 688 392 Hippoi.
705 346 787 381 Act.
801 356 830 381 1.

116 402 128 422 ‘
143 402 195 436 ΤΒ
220 400 425 446 pmipites
450 400 606 434 clamore
632 398 726 433 feras
754 399 832 433 sub-

118 449 235 489 sessor
248 451 351 496 ages?
393 452 449 486 De
463 451 664 486 subsessore
679 451 751 485 vid.
768 451 833 485 Ar-

117 503 201 540 nob.
224 513 262 548 p.
275 505 353 538 loa.
388 503 491 547 virg.
503 504 607 538 ⁴dixit
637 504 704 547 bis,
731 504 742 523 ‘
757 513 834 548 pre·

116 547 216 591 ndu-e
243 555 396 589 elamore
411 553 503 588 feras
515 554 539 589 ι’
566 555 577 574 ‘
594 554 737 598 Ingenti
765 554 834 588 cla·

117 614 215 641 m
225 615 364 650 premes
374 605 419 640 ad
430 606 520 640 retia
531 605 696 640 cervum.’
712 605 812 638 Idem
823 616 832 638 τ

112 658 127 684 ¹
143 653 219 692 Ani
231 651 424 701 spumantis
449 658 527 701 apri
550 667 668 691 rursus
683 658 835 691 clamore

116 708 362 754 prementem:
381 709 442 743 Sic
455 713 494 743 et
515 709 559 743 ad
572 710 690 743 hostes
705 712 836 742 terren-

1503 241 1595 284 365

881 346 936 390 pis
953 346 978 380 ε’
1002 350 1041 380 ut
1062 351 1100 381 et
1121 347 1267 382 Petron.
1311 347 1322 367 ‘
1346 345 1507 381 Flumina
1531 357 1597 391 per

881 402 983 432 notas
997 398 1095 432 ibant
1108 398 1297 432 morientia
1311 397 1430 442 ripas!
1476 399 1597 432 Exitus

882 459 966 484 vero
982 450 1162 493 eleganter
1186 454 1355 484 vocantur
1379 450 1516 494 angusti
1528 454 1601 484 tra-

882 504 987 538 mites
1001 507 1038 538 et
1053 504 1144 546 loca,
1156 514 1221 547 per
1236 514 1313 548 quae
1327 508 1364 538 et
1379 503 1415 537 in
1429 503 1521 537 bello
1537 502 1600 536 mi-

883 556 974 599 lites,
988 556 1074 588 etin
1090 559 1219 589 venatu
1242 555 1340 598 ferae,
1363 555 1455 589 elabi
1476 554 1601 589 solent.

883 606 975 640 Vide
999 607 1157 641 GronoV.
1185 607 1229 640 ad
1258 607 1347 640 Livii
1374 607 1434 642 lib.
1463 614 1518 642 11.
1548 609 1603 640 15.

883 658 1047 693 editionis
1062 659 1201 702 prioris.
1222 659 1339 693 Bmm.

928 713 972 743 10
993 709 1215 754 Adficiuntur]
1245 710 1416 745 Putabam
1442 710 1525 744 olim
1550 710 1606 743 ad-

118 759 182 794 don
209 760 344 795 elamor
371 760 487 794 subito
510 761 657 794 tollitur.
689 759 834 793 Phaedr.
876 761 939 806 fici
962 762 1081 805 impetu
1104 762 1154 795 sic
1178 762 1250 795 dici
1271 772 1348 806 pro,
1362 762 1498 805 impeti,
1513 761 1608 794 sicut

116 809 182 846 lib.
195 819 223 846 1.
236 811 310 846 feb.
323 815 376 846 16.
410 813 421 831 ‘
434 811 602 846 Hostium
617 812 769 846 clamore
781 821 835 844 su-

119 861 199 897 bito
215 861 384 896 territus!
408 864 496 896 (ἳνα.

165 916 187 947 8
210 914 362 957 quue
376 914 501 958 turbat]
511 913 638 948 Avien.
664 915 675 934 ‘
691 914 838 948 Mitibus

119 964 182 998 ille
211 964 296 999 feris
312 966 509 999 communia
533 966 662 1010 pabula
686 967 841 1008 calcans,

121 1016 301 1051 Turb-bat
322 1017 481 1060 placidos
507 1027 573 1061 per
594 1028 658 1051 sna
677 1027 760 1050 rura
782 1016 841 1051 bo-

124 1067 209 1101 ves!
254 1066 347 1101 Nouo
361 1067 530 1111 minuc-lo]
551 1067 676 1103 Avien.
721 1069 774 1101 Ne
788 1069 841 1101 de-

121 1122 231 1152 mota
250 1129 383 1162 gravem
399 1119 529 1160 fociant
552 1120 706 1153 miracula
729 1119 841 1152 risum.

124 1171 332 1205 nir-culm
346 1175 424 1204 erat
437 1171 580 1214 reliquis
606 1171 690 1205 feris
703 1170 843 1213 Asinus,

124 1221 207 1265 quia
218 1222 354 1255 velatus
374 1222 489 1256 alieno
505 1227 543 1256 et
564 1223 755 1265 incongruo
767 1226 842 1265 teg-

123 1270 240 1308 mine:
274 1273 424 1318 ideoque
439 1273 508 1307 illis
523 1273 674 1317 ignotus·
719 1274 844 1307 Mirari

126 1329 265 1360 veteres
295 1324 462 1358 dicebant
486 1325 633 1358 nescire.
677 1324 846 1368 Ignoran-

58 1414 61 1421 s
123 1377 176 1412 ti·
190 1376 282 1410 enim
297 1375 536 1409 admirationis
557 1379 682 1412 mater.
727 1377 846 1409 Dona-

124 1433 184 1464 tus
199 1428 236 1462 in
260 1428 372 1463 Andr.
395 1428 478 1463 Act.
495 1438 532 1463 v.
553 1430 610 1463 Sc.
625 1433 659 1463 4.
683 1429 843 1462 Carfilis:

125 1478 347 1524 Ἔηρόνησεν
354 1480 388 1513 τί
396 1479 667 1524 τερατωδέστερον
674 1482 762 1514 δοκεῖ
769 1478 847 1514 εἶναι

125 1535 190 1567 ’τᾶν
198 1532 332 1579 θηρίοις
351 1533 392 1566 ‘0
403 1531 440 1566 δὲ
453 1530 552 1575 εἶπεν,
565 1531 584 1565 δ
602 1530 702 1566 oeteis
716 1531 845 1565 ἐπίστα-

127 1596 192 1619 ται.
214 1585 298 1627 mg.

174 1637 314 1681 ihr-bat]
337 1636 519 1671 Exterret.
564 1636 624 1670 Ita
647 1646 740 1680 slepe
770 1636 848 1670 Vir·

130 1689 245 1733 gilius.
290 1688 394 1722 Unde
420 1693 460 1722 et
486 1688 632 1722 meviam
648 1687 742 1731 apud
757 1697 849 1731 eum,

130 1747 196 1784 pro
211 1739 374 1782 terribili,
398 1744 440 1774 nt
464 1739 607 1773 Servius
635 1739 848 1782 interpreta-

129 1797 201 1827 tur.
222 1793 304 1826 Tac.
319 1791 413 1826 Ann.
436 1801 506 1826 111.
523 1795 578 1826 16.
623 1791 634 1810 ‘
649 1793 850 1835 Dnctaeque

130 1844 234 1878 altius
244 1847 373 1886 turres,
386 1843 525 1878 facibus
540 1847 646 1888 atque
657 1843 765 1877 hastis
777 1847 850 1877 tur-

129 1895 262 1930 babant
276 1894 461 1929 obsessos!
483 1894 593 1936 Schts.

174 1949 199 1981 θ
219 1946 340 1980 Exitus
352 1946 458 1990 notos]
480 1947 564 1980 Vias
582 1945 761 1980 elabendi.
792 1946 850 1980 Sic

132 2002 172 2032 et
199 1998 325 2033 Cicero
353 1998 548 2041 usurpavit.
585 1998 724 2032 Cornel-
755 1998 850 2040 Nep.

133 2050 209 2084 vita
235 2049 395 2084 Hannib.
418 2059 450 2083 c.
475 2052 532 2083 12.
580 2049 591 2068 ⁴
608 2050 696 2083 Cum
733 2058 852 2083 omnes

108 2135 111 2137 a
134 2100 249 2135 exitus
263 2104 453 2144 occupatos
473 2099 709 2134 ostendisset!
745 2100 853 2133 Velut

135 2153 181 2186 de
210 2151 285 2186 fera
316 2152 494 2195 loquitur3
532 2151 625 2196 qnod
638 2151 854 2185 ‘notandum-

138 2203 247 2244 Saites.
290 2203 411 2237 Editio
439 2202 774 2237 Amstelodamensis
796 2202 855 2235 ha-

136 2257 199 2291 bet
222 2265 318 2290 mos
329 2265 344 2295 ,·
380 2254 473 2299 qnod
505 2254 663 2298 sphalma
692 2259 855 2298 typogra-

138 2308 278 2352 phienm
306 2310 405 2351 puto.
442 2305 551 2340 Axen.
609 2306 716 2339 Certe
731 2316 739 2338 :
775 2314 854 2338 nam

138 2359 227 2393 nihil
247 2357 467 2403 frequentius
491 2357 583 2402 apud
599 2357 729 2391 Poetae
745 2362 783 2391 et
797 2357 856 2390 ali-

139 2422 190 2455 os,
203 2420 304 2456 qnam
321 2420 376 2444 res
386 2414 478 2444 notas
487 2419 627 2452 vocare,
638 2409 761 2453 quibus
773 2418 856 2453 quo-

140 2462 229 2496 tidie
245 2461 390 2504 ntimur‚
405 2471 490 2505 quas
506 2460 677 2503 videmus,
689 2459 859 2503 audimus,

142 2517 207 2549 διο.
216 2513 441 2558 frequenter:
465 2512 527 2546 inf.
542 2523 584 2548 11.
597 2511 666 2547 fab.
685 2517 718 2546 6.
739 2513 750 2531 ‘
769 2513 856 2546 Noti

142 2565 278 2601 flexus!
301 2566 427 2599 Horat.
442 2565 511 2599 Od.
527 2575 552 2599 ι.
567 2569 599 2599 2.
632 2565 642 2584 ‘
659 2565 758 2599 Nota
780 2574 857 2608 quae

143 2617 244 2652 sedes
258 2616 374 2651 fuerat
389 2616 580 2651 columbis.’
604 2616 709 2651 Ovid.
724 2616 814 2651 Met.
830 2626 858 2650 1.

146 2670 221 2702 860.
242 2667 408 2702 ‘Adeunt
424 2669 554 2711 pariter
576 2668 784 2712 Cephisidas
797 2678 859 2701 un-

147 2719 222 2762 das,
231 2719 282 2753 Ut
295 2719 446 2753 nondum
460 2719 621 2763 liquidas,
640 2719 690 2753 sic
711 2719 786 2763 jam
802 2729 860 2752 va·

148 2772 194 2804 da
207 2771 503 2805 nota-secantes?
535 2781 602 2805 vu.
618 2774 695 2804 5⁷6.
731 2771 742 2789 ‘
759 2771 861 2804 Notis

148 2821 372 2856 Semianimes
391 2832 510 2856 errare
535 2823 622 2857 viis!
659 2822 782 2856 Manil.
808 2832 860 2856 ιν.

151 2876 227 2906 415.
262 2873 272 2891 ‘
290 2872 337 2906 Et
352 2873 441 2906 notis
468 2873 639 2917 fugientia
663 2873 805 2908 flumina
818 2874 861 2908 ri-

886 817 897 833 ‘
915 812 1018 846 adfici
1044 813 1157 857 poena’
1187 814 1267 857 pro’,
1302 813 1438 857 punit-13
1476 812 1606 846 ‘adfici

885 864 1030 898 honore'
1059 874 1135 908 pro,
1150 865 1327 907 honorari,
1349 866 1361 884 ‘
1376 863 1480 898 adfici
1497 867 1607 897 terro-

885 915 938 948 re'
953 925 1029 958 pro,
1057 915 1199 949 terreri.
1244 917 1292 949 Et
1317 915 1496 949 retinebat
1520 916 1608 948 Bar-

890 967 982 1000 thius
1007 966 1116 1010 (Adv.
1146 975 1205 1000 111.
1227 965 1278 1010 9.)
1301 976 1500 1010 quanquam
1529 974 1608 1009 per,

891 1026 1020 1051 vexare
1047 1017 1254 1060 explicaret.
1309 1018 1441 1051 Verum
1483 1016 1610 1050 suadet

892 1068 986 1102 alind
1003 1068 1116 1102 codex
1130 1069 1233 1102 Petri
1258 1069 1437 1110 Danielis,
1457 1072 1495 1101 et
1507 1068 1611 1101 Sere-

891 1120 971 1153 niss.
1007 1120 1205 1163 christinae,
1231 1120 1290 1163 qui
1315 1123 1395 1163 post
1416 1119 1461 1152 ad
1485 1128 1608 1152 manus

891 1171 1007 1205 Vossii
1035 1171 1210 1214 pervenit,
1237 1171 1274 1204 in
1305 1181 1375 1214 quo
1405 1170 1611 1213 affiguntur

891 1222 1035 1266 legitur.
1066 1222 1159 1256 Vide
1171 1223 1295 1266 Heius.
1310 1223 1355 1255 ad
1366 1222 1472 1255 Ovid.
1490 1221 1612 1254 Amor.

892 1284 934 1308 ιι.
964 1275 1019 1309 El.
1042 1277 1076 1309 7.
1097 1278 1151 1309 16.
1176 1275 1231 1320 (et
1245 1275 1290 1308 ad
1314 1275 1404 1319 Met.
1430 1284 1499 1308 ιιι.
1521 1273 1615 1316 139.)

893 1327 1009 1361 Faber
1035 1337 1185 1371 quoque,
1212 1328 1297 1362 licet
1324 1328 1467 1361 alteram
1490 1326 1613 1359 lectio-

892 1389 973 1412 nem
998 1380 1068 1412 non
1096 1379 1238 1413 omnino
1263 1379 1413 1422 rejiciat,
1437 1378 1546 1420 magis
1561 1380 1615 1410 ta-

893 1440 974 1464 men
1003 1431 1096 1465 hanc
1122 1431 1188 1465 sibi
1213 1431 1265 1464 ait
1292 1431 1460 1464 arridere.
1509 1428 1613 1464 Quod

893 1482 981 1517 facit
996 1487 1033 1516 et
1048 1483 1313 1526 Freinshemius,
1342 1482 1448 1515 allato
1463 1491 1528 1524 pro
1544 1480 1616 1513 vul-

897 1538 980 1577 gata
1009 1534 1163 1567 lectione
1189 1535 1286 1568 Flori
1315 1534 1391 1567 loco
1417 1543 1472 1567 ex.
1491 1532 1554 1565 lib.
1572 1538 1614 1564 ιι.

895 1589 952 1619 20.
978 1584 1037 1618 ubi
1065 1589 1208 1619 auctor:
1246 1586 1257 1604 ⁴
1273 1585 1464 1619 Numantia
1489 1585 1616 1617 Roma—

897 1647 979 1670 num
1002 1637 1199 1670 exercitum
1226 1635 1401 1679 pudendis
1423 1634 1616 1668 foederibus

897 1688 1052 1723 adfecit?
1096 1688 1385 1732 Incomparabilis
1418 1686 1616 1721 Gronovius

897 1742 934 1775 in
950 1741 1230 1775 observationum
1256 1741 1466 1784 optimarum
1489 1739 1547 1772 lib.
1563 1748 1616 1771 ιν.

898 1803 930 1827 c.
947 1796 981 1827 8.
1018 1793 1029 1812 ‘
1046 1792 1153 1836 Apud
1169 1792 1359 1826 Phaedrum
1372 1791 1557 1834 legebatur
1573 1789 1618 1822 de

900 1845 1043 1879 bestiis:
1080 1844 1198 1878 Leonis
1237 1843 1433 1887 adficiuntur
1463 1842 1618 1874 horrendo

898 1897 1030 1940 impetu,
1045 1906 1125 1930 cum
1140 1905 1225 1929 vera
1238 1894 1347 1928 lectio
1370 1897 1464 1927 esset
1480 1893 1515 1926 in
1532 1893 1620 1925 Mss.

899 1947 1124 1991 adfliguntur!
1182 1948 1359 1980 Caeterum
1402 1945 1518 1988 adfligi
1546 1945 1619 1976 hor-

899 2001 996 2033 rendo
1026 2000 1146 2042 impetu
1175 1999 1227 2032 sic
1255 1998 1397 2039 dicitur,
1419 2001 1460 2029 ut
1482 1997 1492 2014 ‘
1509 1995 1620 2038 primo

901 2051 1036 2093 impetu
1051 2049 1159 2093 pelli‚’
1171 2049 1228 2082 vel
1253 2049 1264 2067 ‘
1277 2046 1450 2090 opprimi.’
1494 2046 1622 2088 Adfligi

903 2102 994 2135 enim
1010 2105 1075 2143 est,
1090 2100 1185 2133 allidi
1210 2104 1313 2132 terrae
1330 2109 1340 2139 3
1367 2098 1459 2131 sicut
1487 2097 1621 2139 optime

904 2152 1101 2186 Gronovius
1133 2149 1304 2194 praedicto
1334 2150 1412 2183 loco
1438 2152 1620 2182 monstrat.

904 2203 1014 2244 Schef.
1059 2201 1220 2236 Genuina
1230 2201 1347 2239 lectio,
1360 2204 1415 2233 est
1428 2199 1465 2232 in
1479 2200 1550 2234 Ms.
1564 2199 1621 2232 ad-

896 2255 1075 2299 figuntur,
1096 2257 1190 2286 teste
1210 2252 1389 2286 Gronovio
1416 2251 1502 2286 Obs.
1518 2261 1570 2284 ιν.
1588 2254 1621 2287 8.

904 2307 965 2340 ubi
981 2306 1067 2340 fines
1082 2306 1188 2348 regit,
1203 2305 1276 2338 sive
1302 2303 1538 2338 differentiam
1552 2308 1622 2337 tra-

906 2358 971 2401 dit,
981 2358 1074 2392 inter
1085 2357 1335 2401 adfligi,adfig·i,
1349 2356 1455 2400 adfici.
1477 2355 1622 2389 Prasch.

949 2410 1157 2455 Adficiuntur
1185 2410 1337 2442 horrendo
1369 2409 1463 2451 imp.]
1496 2407 1624 2440 Verior

906 2462 991 2495 mihi
1012 2461 1151 2495 videtur
1165 2460 1271 2494 lectio
1286 2460 1320 2492 in
1336 2459 1529 2502 exemplari
1550 2459 1624 2491 Da-

907 2513 1031 2547 nielis:
1069 2513 1268 2556 adfliguntur
1307 2511 1462 2544 horrendo
1493 2509 1623 2552 impetu.

906 2565 986 2608 Rig.

954 2620 993 2650 11
1023 2617 1136 2650 Fessus
1159 2616 1223 2659 est]
1259 2615 1301 2648 In
1333 2615 1401 2647 Ms.
1430 2613 1530 2646 deest
1564 2614 1624 2645 est.

910 2668 1026 2711 Igitur
1037 2668 1114 2701 min
1129 2668 1252 2700 asinum
1261 2676 1330 2699 non
1343 2670 1397 2698 est
1413 2663 1625 2705 elidendum,

911 2726 951 2752 ut
964 2723 1104 2752 constet
1119 2729 1250 2752 versus.
1264 2718 1308 2750 V.
1323 2726 1418 2759 supr.
1432 2715 1475 2748 ad
1485 2715 1555 2749 fab.
1572 2724 1625 2749 xv.

911 2771 978 2803 Vel
993 2770 1062 2815 legi
1078 2774 1197 2813 potest
1209 2769 1359 2811 deses-ms,
1374 2768 1537 2811 absorpta
1559 2764 1627 2810 syl-

911 2823 990 2857 laba
999 2824 1038 2856 de
1050 2833 1069 2855 a
1081 2821 1298 2865 praecedenti
1310 2830 1395 2853 voce
1410 2821 1506 2852 coede.
1542 2819 1626 2852 Evo-

913 2875 979 2917 cat]
1002 2874 1154 2917 Scilicet,
1170 2882 1188 2907 e
1204 2872 1398 2906 fruticibus.
1425 2871 1510 2905 Gud.
