1806 3236
221 220 326 272 *632

238 327 378 371 placido
395 328 543 362 numiue’
559 329 613 362 vel
633 328 644 348 ⁴
659 329 789 362 lumine
803 327 943 362 vidisse’

241 385 303 413 aut
323 380 333 398 ‘
350 380 548 422 aspexisse?
603 380 726 423 virgil.
754 380 888 414 AEneid.
916 390 944 414 1.

240 432 252 451 ‘
269 431 372 464 Haud
389 431 508 473 credo,
527 430 655 463 invisus
675 431 872 464 coelestibus
887 441 944 463 au-

240 492 297 523 ras
311 482 446 515 vitales
462 481 599 523 carpis‚'
625 483 689 514 &c.
732 482 946 514 Dicebantur

240 543 377 577 quoque
398 533 459 565 Dii
487 532 636 565 ‘bonum
664 533 820 566 nascenti
846 542 945 566 omen

242 584 478 622 sternutasse?
522 585 602 618 Qua
622 583 666 617 de
693 593 730 616 re
755 594 846 617 cura’
867 593 946 626 pre-

240 635 327 668 tium
358 634 465 667 fuerit
494 634 624 677 videre,
648 645 723 678 quae
757 636 946 678 Schoppius

240 690 359 720 noster
381 686 522 728 scripsit
544 686 724 719 VerisImil.
741 687 799 721 lib.
813 696 865 720 xv.
891 689 945 720 12.

240 739 360 781 Usque
375 737 462 771 adeo
477 738 579 770 etiam
593 738 734 781 paganis
746 748 946 781 persuasum

241 788 309 822 fnit
324 793 361 821 et
376 799 394 820 a
410 792 532 821 natura
546 789 697 831 insitum,
710 790 871 823 Divinum
886 799 947 821 nu·

242 849 320 872 men
337 849 509 879 esse,cum
526 850 594 882 quo
611 841 722 873 omnia
738 845 775 874 et
791 841 863 874 sine
878 850 946 883 quo

241 889 326 922 nihil
340 889 531 923 hominibus
546 889 697 924 feliciter
712 890 825 924 cedat.
859 891 945 924 Rite.

286 941 352 974 Dis
365 945 410 974 est
425 941 520 974 iratis
533 941 642 983 natus]
687 942 808 976 Festus
822 954 831 975 x
861 944 871 961 ‘
887 943 948 975 Di-

242 1003 309 1034 ms,
335 993 405 1025 Dei
433 993 484 1025 ira
510 993 633 1026 natus?
689 994 801 1028 Gloss.
826 988 945 1028 vetus:

245 1043 486 1085 *Θεοχόλωτοῃ
512 1045 702 1078 Ὡείηιῐιιε.’
752 1046 886 1079 Seneca
911 1046 947 1078 in

242 1096 326 1129 ludo
350 1095 506 1128 Claudii:
541 1099 550 1115 ⁶
566 1096 694 1130 Videte
719 1107 843 1139 corpus
874 1097 948 1140 ejus

242 1147 322 1180 Diis
348 1146 445 1179 iratis
470 1146 614 1180 natum!
668 1148 792 1182 Juven.
806 1148 882 1182 Sat.
897 1159 948 1182 xx.

243 1199 255 1217 ‘
274 1198 339 1230 Dis
368 1198 428 1230 ille
452 1197 603 1231 adversis
629 1199 778 1241 genitus,
806 1198 950 1242 fatoque

244 1247 405 1282 sinistro.’
428 1249 508 1290 Rig.

289 1302 331 1332 16
354 1298 524 1340 Abiturus]
545 1300 602 1332 Sic
616 1300 820 1342 simpliciter
833 1303 950 1345 loque-

244 1351 372 1383 bantur
387 1355 522 1383 veteres
549 1351 592 1382 ad
614 1351 785 1383 vitandam
801 1353 952 1394 inauspi-
975 1361 986 1374 ·

245 1407 357 1436 catam
381 1403 502 1436 mortis
532 1412 666 1436 vocem.
722 1404 801 1437 Vid.
823 1405 949 1445 Scalig.

246 1455 290 1487 ad
307 1455 457 1487 Festum.
509 1454 639 1488 Meni-s.
655 1454 698 1487 de
714 1455 801 1487 Fun.
826 1464 902 1497 cap.
918 1458 949 1487 1.

246 1505 355 1547 Salios.

288 1559 457 1602 Abiturus]
499 1558 557 1592 Sic
570 1557 738 1592 Plautus:
765 1559 774 1577 ‘
792 1557 900 1591 Abire
916 1559 950 1591 in

246 1620 459 1643 communem
474 1610 585 1642 locum
599 1609 621 1642 ι’
641 1609 732 1652 quod
745 1608 835 1642 idem
847 1609 949 1642 alibi:

246 1664 257 1681 ‘
274 1660 330 1694 Ad
346 1661 459 1703 plures
474 1671 510 1693 se
524 1660 729 1703 penetrare‚'
745 1661 845 1694 dixit.
888 1661 952 1693 Est

246 1716 361 1745 autem
374 1717 410 1744 et
421 1712 486 1744 hoc
499 1722 542 1744 ex
554 1712 657 1744 Festo
669 1715 801 1752 notum,
810 1713 820 1730 ‘
834 1710 952 1743 Abire’

248 1768 286 1796 et
317 1764 327 1782 ‘
344 1762 553 1795 Abitionem'
587 1762 743 1794 absolute
778 1762 859 1803 poni
888 1771 951 1803 pro

247 1817 381 1846 morte:
418 1813 508 1856 quod
523 1817 576 1846 est
591 1812 633 1844 τὰ
647 1812 770 1853 σκληρὰ
789 1813 953 1852 μαλθακῶς

247 1862 363 1904 λέγειν.
396 1863 450 1896 Ac
462 1862 633 1905 significat
643 1862 879 1895 Tertullianus
894 1863 951 1896 lib.

248 1917 306 1949 De
331 1915 543 1947 Testimouio
570 1913 717 1954 Animae,
746 1923 952 1956 paganorum

249 1966 355 1999 fuisse
392 1966 456 1998 hoc
493 1964 675 1997 dicterium
712 1964 756 1997 de
793 1968 951 1996 mortuo:

249 2019 261 2038 ³
276 2018 374 2050 Abiit
389 2022 425 2049 et
441 2016 569 2048 reverti
586 2014 713 2048 debet.'
759 2016 824 2047 Est
840 2019 953 2047 autem

250 2070 325 2103 haec
342 2068 542 2111 gravissima
563 2067 696 2109 pariter
711 2071 748 2099 et
769 2066 954 2108 elegantis-

251 2122 335 2153 sima
351 2118 535 2152 insectatio
550 2119 655 2161 avari,
666 2119 760 2161 cujus
773 2118 956 2161 cupiditati

251 2172 336 2204 nihil
365 2171 447 2204 satis
477 2175 542 2210 est,
566 2174 602 2202 et
628 2169 697 2212 qui,
721 2168 812 2212 quod
838 2168 955 2210 habet,

251 2233 319 2256 non
335 2223 450 2256 habet.
487 2223 650 2255 ceterum
665 2221 708 2254 de
722 2221 869 2254 miseriis
881 2231 957 2253 ava-

253 2283 368 2306 rorum
398 2273 491 2315 pleni
519 2276 598 2305 sunt
633 2272 832 2313 Sapientum
867 2271 958 2312 libri,

252 2329 323 2358 tam
346 2324 540 2364 Sacrorum,
560 2332 662 2366 quam
683 2323 746 2354 τῶν
768 2321 844 2362 gem:
875 2332 957 2365 quo-

254 2386 330 2409 rum
366 2377 554 2408 sententias
591 2373 728 2406 aliunde
764 2378 886 2415 petere
922 2375 957 2405 in

253 2430 416 2469 promptu
431 2430 498 2465 est,
516 2424 670 2467 inprimis
684 2433 728 2455 ex
743 2423 875 2456 Stobaei
890 2424 958 2455 col-

252 2477 431 2510 lectaneis.

255 2537 359 2560 unum
383 2532 420 2560 et
442 2527 586 2558 alterum
602 2524 760 2557 mimum:
796 2525 806 2542 ‘
823 2522 958 2556 Avarus

255 2580 330 2620 ipse
356 2576 502 2609 miseriae
523 2585 643 2608 caussa
667 2579 719 2606 est
742 2573 834 2606 suae!
889 2575 957 2606 Et:

254 2632 265 2648 ⁵
283 2629 325 2661 In
340 2628 469 2660 nullum
484 2637 606 2659 avarus
627 2630 682 2658 est
706 2626 836 2665 bonus;
869 2625 904 2656 in
921 2634 958 2656 se

257 2678 448 2722 pessimus!
501 2678 569 2710 Et:
594 2678 603 2695 ‘
620 2676 736 2708 Avaro
762 2680 832 2708 tam
847 2675 959 2717 deest,

258 2730 350 2772 quod
376 2729 494 2770 babet,
517 2738 617 2771 quam
631 2727 722 2770 quod
741 2736 808 2758 non
831 2725 961 2759 habet!

259 2781 330 2814 Et:
353 2782 362 2798 ⁸
380 2781 495 2813 Avaro
521 2779 602 2823 quid
627 2777 708 2810 mali
733 2782 844 2820 optes,
860 2786 960 2819 quam

488 2476 639 2507 Tamum
676 2474 732 2506 hic
767 2473 966 2515 adscribam,

711 233 740 265 N
749 232 854 267 0¹1*AE
886 232 1152 266 vAluoRUM
1185 234 1238 266 IN

994 331 1034 361 ut
1059 328 1154 361 vivat
1178 328 1269 362 diu?
1330 330 1398 363 Et:
1430 330 1441 350 ¹
1458 329 1609 372 Ληΐου
1629 330 1698 363 nisi

995 390 1072 412 cum
1087 380 1245 422 moritur,
1259 380 1342 413 nihil
1357 386 1452 414 recte
1467 381 1579 414 facit!
1608 381 1697 415 Rue.

1038 431 1181 473 Priores]
1203 433 1334 466 Seneca
1348 434 1459 476 Epist.
1469 443 1533 468 nu.
1549 435 1559 453 ‘
1571 435 1699 476 Quem,

995 482 1118 525 inquis,
1137 482 1344 517 -advoeabo?
1386 484 1477 518 hunc
1506 495 1548 518 an
1578 485 1700 518 illum?

996 533 1051 566 Tu
1076 543 1159 566 vero
1183 534 1226 566 ad
1257 534 1387 576 priores
1415 541 1601 576 revertere,
1637 536 1697 580 qui

996 587 1132 616 vacant.
1183 584 1360 627 Adjuvare
1382 589 1444 619 nos
1468 591 1610 628 possunt
1631 596 1697 620 uon

997 639 1131 667 tantum
1155 635 1213 678 qui
1239 639 1331 677 sunt,
1344 636 1404 669 sed
1417 641 1454 669 et
1466 637 1524 680 qni
1536 635 1700 671 fuerunt!

998 685 1165 729 Loquitur
1190 686 1235 719 de
1260 688 1448 729 praeceptis
1474 693 1512 721 et
1534 688 1699 731 consiliis,

997 748 1074 781 quae
1103 747 1147 770 ex
1177 737 1276 770 bonis
1312 739 1537 781 scriptoribus
1570 740 1701 774 hauriri

997 793 1154 831 possunt,
1171 793 1208 822 ut
1223 789 1268 822 ad
1283 789 1459 823 meliorem
1481 790 1614 833 frugem
1627 800 1699 826 *nos

997 845 1248 873 convertamus.
1303 841 1473 874 Existimo
1499 846 1614 875 sutem
1651 843 1701 876 le-

998 891 1147 933 gendum
1163 902 1250 934 esse,
1271 893 1314 925 ad
1335 893 1457 934 prim-es
1479 894 1534 936 qai
1555 894 1624 926 vitu
1644 903 1699 927 σι-

996 947 1082 986 cant,
1096 943 1133 976 id
1148 949 1214 987 est,
1227 945 1511 988 quemadmodum
1522 945 1701 979 Volcatius

997 999 1096 1027 vetus
1111 995 1215 1038 poeta
1229 995 1319 1029 dixit
1343 996 1452 1040 (apud
1475 997 1649 1030 Donatum
1664 996 1701 1029 in

997 1045 1080 1078 Vita
1093 1045 1287 1090 Terentii):
1325 1051 1334 1066 ‘
1349 1048 1475 1081 Navim
1497 1058 1575 1081 cnm
1595 1048 1703 1082 semel

998 1096 1220 1139 Conscendit,
1242 1098 1332 1132 visus
1352 1107 1527 1142 nunquam
1545 1102 1621 1139 est;
1650 1098 1702 1132 sie

998 1147 1070 1180 vita
1096 1148 1218 1181 vacat!
1274 1149 1355 1183 Scio
1381 1150 1483 1183 aliter
1508 1149 1703 1192 intelligen-

999 1198 1078 1230 dum
1108 1199 1216 1232 videri
1239 1210 1350 1242 posse,
1383 1206 1420 1234 ut
1449 1201 1542 1234 dicat
1569 1201 1703 1234 Seneca

998 1260 1133 1292 semper
1158 1261 1283 1284 vacare
1307 1252 1383 1284 illos
1412 1252 1565 1292 Priores,
1587 1261 1702 1294 neque

1000 1301 1121 1334 deesse
1135 1302 1216 1344 ipsis
1232 1302 1351 1345 otium,
1375 1312 1441 1344 quo
1454 1312 1531 1335 cum
1546 1301 1613 1334 illis
1628 1310 1704 1343 aga·

1000 1362 1093 1394 mus;
1128 1352 1189 1384 sed
1204 1362 1271 1386 non
1286 1354 1432 1396 poenitet
1449 1363 1504 1386 me
1518 1352 1624 1386 animi
1635 1353 1703 1385 mei

1000 1403 1206 1436 sententiam
1231 1406 1416 1446 aperuisse.
1461 1404 1577 1438 Faber.
1633 1403 1703 1438 Qui

999 1453 1141 1487 fuerunt
1163 1459 1245 1488 ante
1268 1459 1316 1498 te,
1329 1459 1367 1488 et
1391 1455 1560 1488 excedere
1585 1459 1703 1488 tamen

1001 1506 1073 1538 vita
1090 1506 1201 1539 coacti
1215 1510 1306 1539 sunt.
1351 1506 1473 1540 Senec.
1499 1505 1612 1548 Epist.
1635 1513 1704 1538 nn.

1002 1558 1012 1575 ‘
1029 1558 1154 1598 Quem,
1179 1557 1306 1601 inquis,
1329 1557 1525 1591 advocabo?
1556 1557 1647 1590 hunc
1662 1565 1707 1589 an

1000 1609 1118 1641 illum?
1140 1610 1191 1641 Tu
1212 1619 1294 1642 vero
1307 1609 1349 1642 ad
1374 1609 1507 1651 priores
1519 1613 1708 1650 revertere,

1001 1659 1059 1702 qui
1076 1659 1220 1692 vacant!
1253 1659 1360 1700 Salias.
1405 1658 1463 1692 Ita
1477 1658 1601 1701 passim
1616 1657 1708 1692 Pos-

1002 1714 1048 1742 tae
1064 1719 1121 1741 eos
1136 1714 1274 1752 vocant,
1288 1709 1347 1753 qui
1359 1709 1452 1750 olim,
1472 1710 1578 1742 etiam
1592 1709 1708 1743 seculo

1002 1769 1106 1791 aureo
1132 1764 1169 1792 et
1198 1759 1341 1801 meliori,
1362 1760 1547 1793 vixerunt:
1586 1764 1626 1793 nt
1662 1759 1706 1792 ad

1001 1810 1079 1843 Val.
1095 1810 1210 1842 Flacc.
1235 1819 1286 1843 w.
1313 1812 1388 1843 351.
1414 1810 1570 1851 pluribus
1593 1814 1708 1843 osten-

1002 1860 1130 1892 demus.
1150 1883 1158 1886 .
1184 1860 1241 1893 Ita
1271 1861 1281 1879 ‘
1298 1860 1458 1893 Seculum
1485 1860 1589 1903 prius’
1620 1861 1708 1895 dicit

1001 1913 1140 1944 Terent.
1157 1913 1245 1945 Eun.
1257 1919 1299 1953 m
1315 1915 1347 1945 2.
1379 1912 1491 1945 Burm.

1046 1963 1215 2005 Abierant]
1274 1963 1331 1996 Ne
1367 1963 1444 2005 quis
1478 1961 1708 2005 reprehendat

1004 2013 1204 2055 Phaedrum,
1238 2013 1429 2046 meminisse
1465 2022 1605 2046 necesse
1641 2017 1708 2054 est,

1004 2076 1071 2098 non
1100 2065 1297 2098 claudicare
1321 2064 1518 2098 iambicum.
1570 2064 1710 2107 Quippe

1005 2121 1135 2150 certum
1162 2120 1229 2158 est,
1261 2115 1367 2148 fuisse
1392 2115 1474 2148 olim
1500 2115 1535 2148 in
1564 2115 1709 2148 modulis

1006 2167 1210 2208 syllabarum
1247 2166 1347 2199 aliam
1382 2166 1564 2207 rationem,
1606 2175 1709 2208 quarn

1007 2229 1084 2261 quae
1115 2222 1236 2260 postea
1261 2217 1425 2250 obtinuit.
1478 2216 1708 2250 Penultimam

1007 2269 1097 2302 enim
1112 2269 1309 2309 verborum,
1324 2277 1400 2310 quae
1414 2267 1450 2299 in
1465 2270 1556 2299 erunt
1568 2271 1710 2309 exeunt,

1006 2320 1145 2353 brevem
1160 2318 1383 2361 usurpabant.
1426 2318 1537 2358 Varro
1550 2317 1595 2350 de
1606 2316 1710 2350 vino:

1008 2373 1017 2388 ‘
1032 2370 1111 2402 Hoc
1125 2361 1366 2411 aegritudinem
1382 2368 1424 2400 ad
1441 2367 1645 2400 medendum
1660 2367 1711 2400 in-

1007 2419 1197 2453 venerunt!
1240 2419 1411 2457 Iambicus
1427 2419 1583 2451 trimeter
1593 2423 1662 2460 est,
1672 2422 1711 2451 ut

1008 2476 1045 2504 et
1071 2471 1225 2513 proxime
1249 2470 1452 2512 superiores.
1509 2470 1566 2502 Ita
1586 2469 1712 2501 Teren·

1008 2522 1096 2554 tius:
1122 2523 1132 2540 ‘
1143 2522 1255 2556 Quem
1271 2531 1359 2554 nunc
1374 2520 1483 2553 acturi
1500 2520 1715 2560 sumus,Me·

1007 2573 1132 2606 nandri
1158 2573 1358 2605 Eunuchum
1385 2575 1564 2613 postquam
1585 2570 1713 2603 AEdiles

1010 2623 1190 2656 emerunt!
1244 2623 1336 2655 Item
1362 2622 1549 2662 Virgilius:
1577 2624 1586 2640 ‘
1603 2622 1713 2654 Matri

1009 2675 1111 2716 longa
1137 2673 1256 2706 decem
1279 2673 1434 2705 tulerunt
1458 2669 1596 2704 fastidia
1619 2681 1712 2704 men·

1010 2725 1088 2759 ses!
1140 2725 1251 2757 Item:
1286 2723 1498 2765 ιΟἱηιιψιιί,
1526 2727 1712 2756 steterunt·

1010 2786 1077 2820 que
1102 2775 1237 2822 (ιοιιιιῑβν
1273 2777 1339 2808 &c.
1395 2773 1450 2806 Ad
1476 2783 1578 2816 quem
1599 2774 1712 2807 locun
