1806 3236
203 210 289 254 508

203 316 380 350 mulierem
396 321 599 351 convertere
614 328 652 351 se
662 323 881 362 properasset
889 321 912 354 ?'

246 418 326 451 Rem
333 418 544 461 feminarum]
565 419 686 463 Vides,
698 421 824 463 lector,
834 433 910 466 qum

202 469 248 502 sit
261 470 325 502 hoc
341 471 416 503 loco
429 481 479 503 res
488 470 683 509 feminarum
697 484 708 505 .·
731 474 910 515 speculum

204 519 350 559 scilicet,
365 524 402 552 et
415 520 492 553 aliae
509 521 546 553 id
562 531 669 564 genus
683 533 797 566 nugae,
813 524 909 567 queis

203 576 347 606 utuntur
372 573 594 607 muliercnlae.
644 575 773 608 Tamen
795 576 911 617 Rigal-

204 624 283 665 tins‚
299 624 388 666 quod
410 635 479 657 nna
503 635 635 659 mecum
655 626 840 668 mirabere,
863 628 910 660 al-

202 675 273 707 lato
295 673 528 708 Anacreontis
549 676 759 719 testimonio,
773 687 912 719 persua-

202 727 287 760 dere
302 728 411 769 cupit,
426 728 552 761 debere
575 730 640 762 hoc
659 729 704 762 de
721 730 910 772 pulchritu-

202 777 284 810 dine
299 777 455 820 intelligi.
493 779 594 813 Quod
610 780 712 822 quam
727 780 910 814 ridiculum

201 829 257 871 sit,
271 829 371 861 mitto
386 829 524 870 dicere3
549 839 662 873 neque
683 834 911 873 annotassem‚

203 880 270 913 nisi
284 881 415 913 veritus
436 880 558 923 forem,
572 891 616 914 ne
633 883 722 915 tanti
744 882 810 915 viri
832 893 911 916 auc·

202 930 325 963 toritas
342 930 416 963 aliis
433 931 638 973 imponeret.
666 932 780 966 Faber.
825 934 909 975 Spe-

202 982 328 1015 culum.
352 982 422 1014 Sed
436 982 528 1022 audi,
545 983 653 1025 virgo,
674 983 756 1026 quid
778 984 820 1016 ad
836 984 910 1017 baec

201 1033 452 1066 Naumachius:
486 1033 590 1066 Ἀλλὰ
610 1032 652 1065 σὺ
676 1033 806 1076 κόσμου,
827 1040 910 1078 Παρ-

202 1083 281 1125 θένε,
300 1083 430 1123 τηϋσίου
455 1083 499 1125 μὴ
524 1084 622 1124 δεύεο,
641 1084 719 1126 μηδὲ
744 1085 910 1129 κατόπτρῳ

202 1133 286 1177 Χειρὶ
307 1134 502 1177 διακρίνουσα
519 1135 596 1175 τεὴν
618 1135 755 1178 αι’νγάζεο
777 1137 909 1181 μορφήν.

205 1186 337 1219 Praecla.
377 1187 661 1228 Suppellectilem
685 1188 908 1228 muliebrem;

201 1236 236 1268 id
253 1236 344 1279 qnod
359 1236 403 1268 ad
426 1235 570 1270 feminas
594 1239 757 1279 pertinet.
794 1239 910 1272 Imita-

202 1291 258 1320 tus
271 1287 470 1320 Terentium
485 1287 635 1330 videtur,
649 1289 707 1331 qui
731 1289 781 1321 sic
803 1290 908 1332 loqui-

203 1342 261 1371 tur
285 1339 320 1370 in
341 1338 470 1371 Heaut.
486 1343 554 1371 act.
571 1349 613 1371 11.
638 1349 687 1372 sc.
704 1343 736 1373 3.
764 1339 774 1358 ‘
791 1340 908 1382 Ipsam

203 1388 427 1431 offendimus,'
446 1389 505 1427 ait,
528 1389 538 1408 ‘
556 1390 661 1433 Nulla
677 1391 767 1422 mala
783 1401 820 1423 re
835 1401 909 1424 esse

203 1442 391 1484 expolitam
407 1441 592 1474 muliebri!
625 1442 695 1474 Per
710 1452 781 1475 rem
793 1443 910 1475 mulie-

202 1492 300 1525 brem
316 1492 491 1534 pigmenta
504 1496 542 1524 et
563 1492 599 1524 id
621 1502 727 1534 genus
750 1493 818 1526 alia
839 1493 911 1526 cul-

203 1545 253 1578 tui
265 1549 302 1577 et
313 1545 447 1577 ornatui
460 1544 643 1577 servientia
653 1545 825 1587 intelligit.
847 1545 911 1579 At-

203 1606 272 1639 que
285 1596 352 1628 isto
368 1596 468 1628 modo
490 1596 618 1628 Noster
638 1597 830 1638 speculum,
844 1606 911 1629 rem

203 1647 357 1689 appellat
365 1645 570 1686 seminarum.
592 1646 763 1688 Rigaltius
780 1647 823 1679 de
838 1648 911 1688 pul-

203 1697 397 1730 chritudine
417 1696 565 1738 accepit,
580 1701 704 1730 contra
728 1698 795 1730 loci
816 1708 910 1730 men-

203 1751 289 1787 tem,
303 1757 367 1779 nec
392 1747 547 1779 admittit
572 1757 732 1789 sequens,
752 1749 910 1789 tetigerit.

204 1796 314 1831 Schef.
363 1797 467 1829 Forte
474 1796 674 1835 femininam.
697 1797 817 1830 Heius.
852 1798 910 1831 Sic

202 1850 281 1890 lege
311 1847 403 1890 apud
430 1847 593 1880 Ovidium
619 1847 738 1880 Amor.
770 1857 827 1881 ιιι.
858 1851 910 1880 13.

204 1900 214 1918 ‘
234 1899 339 1931 Arma
361 1907 473 1930 mares
501 1901 677 1938 tractent3
709 1903 747 1930 tu
771 1908 825 1931 res
855 1898 911 1930 de-

205 1959 296 1991 pone
313 1948 427 1981 viriles
439 1947 461 1980 :’
483 1947 542 1980 ubi
557 1948 717 1991 quaedam
733 1948 912 1982 adnotabi-

206 2011 292 2033 mus.
327 2000 443 2033 Burm-

248 2052 330 2084 Rem
336 2050 546 2092 seminarum]
560 2049 741 2083 Anacneon
754 2048 796 2083 εἰς
805 2051 912 2091 γυναῖ-

207 2114 281 2136 καςε
297 2103 368 2135 Τοῖς
382 2099 529 2143 ἀνδράσιν
538 2100 688 2143 φρόνημα.
711 2101 913 2142 Γνναιξὶν.οὗκ

206 2153 251 2187 ἔτ’
267 2152 362 2195 εἶχεν.
383 2151 420 2185 Τί
434 2150 488 2184 οὖν
499 2151 623 2192 δίδωσι;
644 2150 775 2185 κάλλος.
810 2153 889 2193 Rig.
909 2179 912 2183 ,

250 2205 333 2237 Rem
338 2202 549 2243 feminarum]
571 2201 614 2234 Id
630 2209 696 2242 est,
714 2203 912 2244 supellecti-

206 2257 285 2294 lem,
299 2264 344 2287 ne
367 2258 407 2287 tu
429 2254 529 2286 aliam
543 2262 616 2285 rem
630 2252 820 2294 intelligas;
843 2263 912 2296 qua

206 2306 340 2339 scilicet
354 2308 444 2346 sunt,
457 2304 547 2347 quod
562 2302 719 2335 audiunt.
756 2304 843 2335 Rite.

251 2359 293 2389 12
319 2355 475 2397 Carpens]
507 2355 694 2386 Fervorem
722 2355 845 2386 amoris
875 2358 913 2387 et

207 2416 251 2438 ex
263 2415 304 2438 eo
318 2403 574 2437 festinationem
589 2407 700 2436 notat.
723 2403 828 2436 Ovid.
841 2403 911 2436 He-

207 2457 295 2490 roid.
310 2457 376 2498 Ep.
390 2464 431 2488 11.
446 2456 456 2473 ‘
470 2455 503 2487 N
508 2464 552 2486 on
564 2462 666 2495 super
680 2453 832 2496 incubui,
843 2463 912 2487 non

209 2507 327 2541 oscula
341 2505 468 2548 frigida
482 2503 619 2546 carpsi.'
653 2502 760 2543 Sehef.

253 2561 294 2590 13
317 2558 508 2597 Dulcemque
541 2555 576 2587 in
611 2554 714 2587 ambos
746 2554 912 2586 caritatem

204 2607 360 2652 partiens]
389 2606 551 2639 Suaviter
579 2610 616 2638 et
644 2605 823 2648 eleganter
845 2605 914 2637 dic-

210 2663 305 2691 tum:
329 2661 368 2690 ut
397 2657 528 2688 Gunth.
555 2656 615 2688 lib.
641 2664 708 2689 vu.
738 2655 911 2696 Ligurini:

209 2709 220 2726 ⁴
236 2709 387 2742 Dulcem
404 2711 521 2744 tecum
550 2706 717 2748 partimur
742 2707 912 2740 amorem!

211 2759 281 2791 Ubi
299 2758 334 2790 in
362 2757 451 2789 notis
475 2756 559 2788 meis
580 2757 696 2798 docui,
722 2757 913 2790 imitatione

213 2808 371 2848 Caesaris,
392 2806 529 2849 Virgilii
549 2811 588 2839 et
613 2807 714 2840 statii
733 2809 806 2841 haec
821 2808 914 2841 dicta

213 2867 300 2893 esse.
322 2858 379 2891 Sic
395 2861 432 2890 et
444 2858 453 2876 ‘
466 2858 614 2892 Dulcem
630 2859 913 2893 benevolentiam’

666 225 809 258 NOTAE
841 226 1109 262 vAnloRUM
1143 232 1196 263 IN

960 322 1053 357 dicet
1067 323 1157 358 infra
1171 325 1231 360 lib.
1245 335 1303 360 ιιι.
1319 326 1391 361 fab.
1408 330 1461 361 15.
1494 326 1578 364 mit.

1005 376 1196 420 caritatem]
1207 377 1377 412 Tribuens
1391 381 1516 424 cuique
1527 384 1664 424 partem

959 433 1053 458 suam
1062 436 1073 466 ς
1082 427 1271 469 eleganter.
1293 429 1473 463 Quomodo
1483 431 1575 474 apud
1586 432 1665 465 Vir-

958 475 1076 517 gilium
1090 479 1167 511 AEn.
1182 487 1209 512 1.
1222 478 1233 498 ⁴
1249 479 1343 512 Hinc
1357 486 1496 523 portum
1509 482 1613 524 petit,
1627 487 1664 517 et

960 527 1070 559 socios
1086 527 1237 569 partitur
1257 529 1293 562 in
1316 530 1456 565 omnes!
1493 533 1604 566 Porro
1617 533 1664 567 do

960 587 1076 611 amore
1087 579 1227 612 verbum
1242 579 1306 613 hoc
1320 582 1476 624 usurpari
1487 583 1606 617 docuit
1619 593 1665 617 ex

951 629 1097 661 ›Caesare
1111 629 1253 673 aliisque
1268 631 1529 667 Rittersbnsins.
1554 634 1663 675 θέω.

959 680 1069 713 Simili
1083 679 1159 713 fere
1184 691 1287 714 sensu
1312 682 1402 716 dixit
1425 683 1523 717 Pedo
1544 685 1590 718 ad
1610 685 1667 718 Li-

959 730 1070 764 viam:
1093 731 1103 750 ‘
1120 732 1196 764 Nec
1220 736 1281 764 tua
1304 741 1341 764 se
1362 731 1475 774 pietas
1495 733 1665 768 distendit

959 791 1074 815 amore
1089 782 1255 815 duorum!
1291 783 1407 817 Burm.

1004 836 1046 866 14
1071 833 1194 866 Cotidie
1218 833 1339 875 inquit]
1375 834 1442 867 His
1470 835 1667 878 respondet,

959 883 1050 927 quod
1075 883 1110 916 in
1135 883 1289 926 προμυθίῳ
1310 884 1460 927 dixerat,
1486 888 1496 905 ⁸
1511 885 1666 928 Saepete

959 934 1162 967 considera?
1196 935 1381 977 Speculum
1396 935 1485 968 enim
1502 936 1594 978 apud
1607 946 1667 970 ve-

959 990 1051 1020 teres
1066 987 1178 1030 imago
1197 991 1250 1020 est
1269 987 1473 1029 cognitionis
1489 989 1562 1021 sui:
1586 998 1665 1032 quse

959 1037 1123 1079 princeps
1160 1037 1340 1079 sapientias
1384 1048 1465 1081 pars
1508 1039 1669 1074 habetur.

959 1087 1049 1120 Inde
1072 1082 1276 1122 Prudentiae
1298 1099 1383 1129 ,cum
1407 1094 1569 1131 serpente
1588 1100 1668 1133 spe-

959 1139 1074 1170 culum
1099 1139 1310 1182 appingitur.
1355 1140 1431 1173 Etsi
1458 1141 1562 1173 aliam
1590 1141 1666 1184 ejils

959 1189 1119 1232 effigiem,
1155 1200 1221 1223 nec
1257 1191 1483 1233 invenustam,
1524 1192 1666 1226 exbibet

959 1240 1119 1272 Eustath.
1147 1240 1190 1272 de
1217 1240 1370 1274 Ismenes
1386 1245 1422 1274 et
1446 1241 1530 1275 Ism.
1545 1242 1666 1277 Amor.

958 1290 1017 1322 lib.
1041 1299 1083 1322 11.
1117 1290 1217 1323 Facit
1242 1290 1309 1324 huc
1336 1292 1538 1334 symbolum,
1558 1295 1569 1313 ί
1584 1294 1666 1327 Non

958 1341 1222 1383 inspectandum
1257 1341 1302 1374 ad
1342 1342 1518 1375 lucernam
1547 1353 1668 1386 specu-

959 1393 1029 1424 lum
1041 1395 1062 1426 :’
1083 1393 1174 1435 quod
1189 1393 1342 1434 explicat
1367 1394 1432 1427 Lil.
1457 1395 1566 1437 Greg.
1593 1395 1666 1438 Gy-

960 1442 1047 1475 rald.
1069 1441 1170 1475 Adde
1185 1442 1263 1476 Jac.
1279 1452 1303 1475 1.
1317 1445 1370 1476 24.
1386 1447 1420 1476 2.
1442 1445 1576 1478 Praecla.
1612 1446 1667 1479 Si-

960 1493 1054 1525 milia
1066 1492 1118 1525 his
1134 1493 1226 1535 apud
1242 1494 1366 1526 Senec.
1391 1494 1473 1527 Nat.
1489 1494 1622 1529 Quaest.
1633 1505 1667 1539 13
1714 1532 1719 1536 .

961 1554 993 1578 c.
1009 1547 1063 1577 17.
1097 1545 1144 1577 Et
1165 1543 1284 1577 Laiirt.
1300 1544 1361 1576 lib.
1380 1553 1424 1578 ιι.
1447 1545 1492 1578 V.
1509 1542 1667 1580 Fraider.

959 1595 994 1627 in
1009 1594 1218 1628 Anacreont.
1235 1605 1270 1636 p.
1286 1597 1363 1627 268.
1401 1595 1517 1628 Heins-

1006 1645 1132 1678 Cotidie
1155 1645 1277 1687 speculo
1296 1655 1351 1677 vos
1369 1646 1420 1678 uti
1433 1646 1516 1688 volo]
1554 1646 1614 1680 Sic
1630 1651 1667 1680 et

960 1696 1121 1729 Socrates
1133 1700 1348 1738 spectatores
1361 1706 1439 1729 suos
1462 1706 1502 1730 ac
1522 1696 1668 1731 familia-

961 1756 1016 1779 res
1042 1746 1181 1779 volebat
1211 1747 1389 1787 speculum
1415 1747 1536 1780 crebro
1563 1748 1669 1790 inspi-

960 1807 1051 1838 cere,
1063 1797 1207 1829 eandem
1222 1797 1267 1830 ob
1282 1807 1430 1830 causam.
1474 1799 1553 1832 Qua
1567 1798 1612 1831 de
1626 1808 1667 1832 re

960 1847 1010 1880 sic
1024 1846 1190 1889 Apuleius
1205 1847 1239 1879 in
1254 1847 1443 1890 Apologia:
1466 1850 1477 1868 ⁴
1492 1849 1549 1882 An
1564 1853 1666 1893 turpe

961 1897 1152 1938 arbitraris,
1165 1896 1308 1930 formam
1324 1907 1420 1930 suam
1435 1899 1576 1941 speculo
1585 1899 1667 1932 assi-

961 1947 1030 1980 duo
1046 1948 1249 1990 explorare?
1269 1947 1395 1980 Annon
1408 1948 1566 1982 Socrates
1583 1950 1666 1983 Phi-

961 1998 1121 2040 losophus
1147 1999 1239 2031 ultro
1262 1999 1366 2031 etiam
1388 2000 1533 2032 suasisse
1558 1999 1668 2034 fertur

962 2049 1139 2090 discipulis
1169 2048 1250 2090 suis,
1279 2048 1399 2081 crebro
1426 2053 1466 2082 ut
1492 2054 1603 2083 semet
1630 2051 1667 2083 in

961 2100 1101 2142 speculo
1139 2099 1477 2141 contemplarentur?
1521 2099 1580 2132 ubi
1607 2101 1666 2143 qui

963 2160 1078 2183 eorum
1102 2149 1195 2182 soret
1220 2149 1474 2191 pulchritudine
1493 2149 1559 2182 sibi
1574 2159 1666 2183 com-

963 2200 1125 2243 placitus,
1161 2198 1336 2241 impendio
1380 2204 1594 2241 procuraret,
1621 2209 1666 2232 ne

962 2252 1166 2294 dignitatem
1196 2250 1348 2292 corporis
1386 2250 1485 2295 mplis
1517 2249 1668 2283 moribus

962 2302 1212 2335 dedecoraret:
1235 2301 1294 2343 qui
1308 2310 1389 2332 vero
1404 2300 1512 2333 minus
1524 2310 1562 2333 se
1576 2309 1668 2334 com·

961 2351 1191 2386 mendabilem
1218 2350 1329 2383 forma
1357 2354 1509 2392 putaret,
1545 2350 1666 2383 sedulo

962 2412 1102 2445 operam
1117 2402 1228 2444 daret,
1241 2405 1279 2434 ut
1294 2400 1430 2434 virtutis
1444 2401 1544 2433 laude
1556 2400 1668 2442 turpi·

962 2453 1116 2486 tudinem
1132 2455 1279 2495 tegeret.
1324 2450 1424 2483 Adeo
1442 2451 1496 2483 vir
1515 2450 1666 2484 omnium

963 2503 1234 2546 sapientissimus
1249 2501 1391 2543 speculo
1406 2500 1510 2532 etiam
1531 2499 1575 2532 ad
1600 2500 1667 2533 dis-

963 2554 1126 2596 ciplinam
1150 2562 1280 2584 morum
1296 2549 1479 2583 utebatur)
1512 2550 1602 2583 Haec
1617 2550 1666 2583 Α-

963 2603 1118 2645 puleius:
1142 2601 1187 2633 ad
1202 2611 1303 2643 quem
1316 2601 1425 2633 locum
1441 2609 1517 2642 quae
1534 2601 1666 2633 amicus

963 2656 1081 2685 noster
1109 2651 1156 2684 Is.
1187 2651 1405 2684 Casaubonus
1439 2649 1474 2681 in
1499 2650 1570 2682 suis
1600 2651 1665 2683 illis

963 2704 1065 2745 longe
1090 2701 1332 2735 eruditissimis
1355 2699 1501 2733 Scholiis
1516 2701 1667 2744 adscrip-

963 2755 1020 2796 sit,
1035 2763 1102 2787 non
1117 2752 1273 2786 corrado.
1307 2751 1392 2784 Ritt.

1007 2806 1139 2847 Speculo
1162 2813 1215 2836 vos
1237 2802 1287 2834 uti
1312 2801 1395 2842 volo]
1424 2801 1571 2835 Plautus
1584 2801 1666 2844 Epi-

965 2857 1066 2891 dico:
1089 2856 1099 2873 ‘
1116 2853 1195 2888 Non
1208 2853 1275 2887 oris
1290 2852 1414 2894 causa,'
1429 2854 1493 2886 διο.
1531 2853 1664 2887 Seneca
