1806 3236
214 252 301 296 364

211 354 433 391 denominare
449 354 574 388 solent.
595 351 605 372 ‘
621 351 778 387 Aur-uus.-
803 353 846 387 ab
860 361 918 386 au-

210 405 318 450 ribus,
332 409 449 451 quales
462 410 543 440 sunt
554 405 726 441 asinorum
736 405 758 439 ι’
782 406 916 440 Festus.

211 460 255 493 V.
276 460 436 492 'ron-rent.
451 458 495 490 ad
512 457 638 491 Horat.
661 457 732 491 od.
747 466 774 490 ι.
791 460 845 491 12.
866 460 918 491 at-

212 520 278 553 que
300 510 349 543 ita
371 509 535 544 Afranius
560 508 652 551 apud
677 508 835 542 Maerob.
857 507 920 542 lib.

213 571 263 595 vr.
286 572 317 594 c.
338 564 371 593 5.
415 563 424 578 ‘
442 560 532 594 Nam
555 557 646 604 quod
669 560 772 602 vulgo
795 559 920 603 praedi-

213 617 297 644 cant
312 610 425 644 aurito
445 620 501 644 me
522 614 667 653 parente
692 614 827 652 natum,
851 620 922 644 nou

213 662 264 694 ita
291 660 366 694 est!
409 660 536 694 Asinus
562 661 680 704 itaque
709 661 778 694 new?
809 660 923 703 ἐξοχὴν

212 712 336 745 auritus
350 712 488 747 dicitur.
531 712 566 745 Si
593 712 653 755 qui
667 716 747 746 sunt
762 712 820 746 alii
835 713 923 746 auri-

213 763 278 796 bus
301 763 536 806 longiusculis,
561 763 662 796 auriti
687 763 827 806 quidem
853 763 923 797 dici

213 818 370 857 possunt,
381 814 442 848 sed
457 814 578 847 addito
597 824 659 847 suo
670 814 821 849 nomine.
865 814 925 848 Sic

215 865 308 908 apud
333 865 453 907 Virgil.
475 865 607 908 Georg.
622 875 649 899 1.
688 866 699 885 ‘
714 865 926 910 Auritosque

217 917 315 961 sequi
331 915 493 959 lepores?
517 917 603 950 Gud.

259 966 429 1000 Auriculam
446 968 599 1010 Chmore,
615 968 688 1011 εμπ]
709 967 928 1012 Scripserim,

216 1018 267 1051 hic
291 1019 472 1051 auriculam
501 1020 678 1054 Clamorem
700 1021 806 1055 subito
830 1020 926 1054 tollit.

218 1071 337 1104 Asinus
358 1072 539 1104 auriculam
553 1072 622 1105 erit
636 1072 750 1106 dictus
764 1072 929 1114 Phaedro,

220 1122 324 1154 sicuti
360 1123 371 1140 ‘
391 1123 474 1154 luna
500 1122 727 1156 corniculans’
748 1122 929 1156 Ammiano

219 1173 438 1206 Marcellino.
461 1174 584 1207 Maura.
621 1175 682 1207 Bis
696 1175 732 1207 in
747 1175 811 1208 hac
823 1174 929 1216 scrip-

218 1228 299 1257 tura
314 1228 499 1266 peccatum
513 1228 588 1265 est;
612 1234 692 1257 nam
715 1226 856 1258 auricula
877 1234 930 1258 se-

219 1274 367 1307 cundam
379 1275 546 1316 syllabam
558 1275 701 1308 brevem
711 1274 835 1315 habet;
851 1273 933 1306 dein

219 1326 362 1368 illepide
379 1326 518 1358 videtur
533 1325 679 1367 dictum,
705 1325 788 1358 tollit
808 1324 933 1358 auricu-

219 1377 411 1409 laselamore
422 1385 539 1408 summo
553 1376 630 1408 totis
643 1376 773 1409 viribus.
806 1375 933 1418 Itaque

221 1426 416 1460 necessario
432 1425 628 1459 revocanda
642 1430 697 1459 est
718 1430 876 1459 veterum
895 1426 935 1458 li·

220 1476 362 1510 brorum
388 1477 508 1518 lectio,
529 1486 604 1518 quae
631 1477 711 1510 talis
731 1476 821 1510 fuit:
861 1477 936 1509 Cla·

222 1537 340 1560 morem
361 1528 497 1560 subitum
522 1527 605 1560 tollit
620 1528 698 1560 totis
711 1527 841 1560 viribus.
884 1527 938 1560 Ut

221 1577 335 1619 lubet,
349 1578 501 1620 inquies;
534 1577 596 1611 sed
613 1578 696 1621 quid
711 1577 772 1611 fiet
781 1579 828 1618 τῷ
850 1577 936 1611 auri-

224 1626 337 1660 culas?
362 1628 423 1660 Nil
444 1626 591 1661 facilius.
638 1627 732 1660 Nam
757 1628 862 1661 iidem
879 1637 937 1660 ve-

224 1681 319 1710 teres
345 1677 426 1710 libri
440 1677 582 1720 habent,
605 1687 675 1712 non
689 1679 859 1721 auriculas,
874 1677 937 1711 sed

223 1728 402 1761 auritulus.-
441 1729 533 1771 quod
549 1728 631 1771 quid
652 1729 699 1761 sit
713 1728 819 1768 aliud,
835 1738 938 1772 quam

223 1776 407 1811 auritulus?
442 1787 556 1820 neque
582 1778 674 1811 enim
704 1777 846 1811 dubium
872 1783 936 1818 est,

227 1829 311 1872 quin
334 1829 504 1862 Phaedrus
526 1830 750 1871 praegrandes
765 1830 864 1863 aselli
878 1841 938 1863 au-

226 1890 296 1923 res,
322 1880 419 1923 quasi
451 1880 605 1923 lepidum
634 1880 772 1923 aliquod
799 1879 939 1924 χαρίτων

225 1929 422 1973 ἀθυρμάτιον,
438 1931 523 1964 velit
538 1930 784 1974 ὑποκορίζεσθαι.
812 1933 938 1975 Itaque

228 1982 351 2015 eadem
361 1981 474 2014 forma
483 1980 644 2014 effectum
656 1980 761 2015 fuerit
769 1983 941 2025 auritulus,

226 2032 282 2076 (id
311 2037 378 2075 est,
409 2031 557 2075 auritus)
595 2042 663 2075 qua
685 2034 695 2051 ‘
712 2032 939 2075 barbatulus‚'

226 2085 236 2102 ‘
249 2083 468 2125 eruditulus,'
482 2084 492 2103 ‘
509 2083 707 2126 limatulus,'
724 2085 734 2103 ‘
752 2084 940 2127 politulus:

228 2140 266 2168 et
297 2138 464 2168 sexcenta
490 2135 558 2167 alia
594 2134 687 2176 apud
725 2134 941 2176 Ciceronem,

230 2186 415 2227 Catullum,
455 2186 553 2218 alios.
597 2185 772 2218 Meursius
803 2185 941 2229 quidem

229 2236 275 2269 V.
292 2237 332 2269 C.
354 2235 566 2269 existimavit
590 2236 777 2277 legendum
793 2246 871 2269 esse
884 2247 942 2270 au-

228 2286 377 2328 riculam,
390 2284 678 2328 quemadmodum
699 2286 827 2319 dicitur
838 2288 942 2320 corni-

229 2338 346 2370 culans.
389 2336 459 2369 Sed
485 2336 644 2369 criticam
668 2346 736 2369 non
767 2341 864 2370 recte
881 2337 941 2370 ad-

230 2386 370 2420 vocavit
389 2387 525 2420 Doctor
549 2386 609 2420 ille
637 2386 808 2430 quondam
824 2388 941 2422 Histo-

230 2437 291 2470 riae
308 2436 455 2470 Graecae.
499 2436 583 2478 Ejus
599 2437 691 2470 enim
704 2437 941 2479 conjecturam

232 2489 262 2520 si
290 2487 524 2530 admittamus,
546 2491 619 2521 tum
645 2492 779 2521 certum
798 2489 942 2522 exitium

232 2538 359 2581 versui.
384 2538 461 2570 Fab.
507 2538 678 2572 Meursius
693 2539 867 2582 emendat,
890 2540 942 2573 hio

232 2588 421 2627 auriculam,
447 2589 544 2632 quasi
570 2589 629 2633 qui
653 2594 804 2624 motaret
830 2601 940 2624 aures.

235 2640 353 2681 Longe
378 2639 497 2672 melius
527 2640 696 2683 Rigaltius
724 2642 759 2675 in
787 2642 943 2675 editione

234 2689 368 2728 ultima,
380 2689 550 2731 auritulus,
563 2691 662 2732 quasi
682 2701 745 2734 per
753 2692 886 2735 jocum,
901 2696 943 2726 ut

234 2741 243 2757 ‘
260 2740 461 2782 nasutulus‚’
491 2741 501 2759 ‘
524 2741 743 2776 barbatulus:
788 2743 943 2785 Etlegi-

236 2795 294 2823 tur
324 2792 358 2823 iu
379 2792 521 2825 >schedis
557 2793 721 2827 Sereniss.
760 2794 943 2827 Cliristinae

236 2842 406 2886 auriculas,
442 2844 534 2886 quod
572 2844 615 2877 ab
651 2845 807 2878 auritulus
843 2845 942 2879 abest

680 257 825 291 No‘rAE
856 258 1126 293 VARIORUM
1160 259 1211 290 1N

966 354 1136 397 proxime.
1178 354 1268 388 Vide
1291 353 1473 389 Heinsium
1494 355 1539 389 sd
1566 355 1674 394 ovis.

967 405 1086 440 Amor.
1100 414 1145 440 11.
1170 406 1224 439 El.
1237 409 1271 440 2.
1299 416 1349 440 vs.
1365 409 1417 440 15.
1460 406 1573 451 Idem,
1601 409 1676 445 sin

967 456 1144 490 inventum
1171 456 1264 499 apud
1283 456 1486 500 Rigaltium,
1511 469 1585 493 ave
1606 469 1677 494 ase

969 507 1202 550 excogitatum
1212 507 1306 552 (nam
1316 518 1385 543 uon
1395 509 1553 553 indicat),
1566 510 1678 546 Faber

971 569 1105 603 quoque
1119 559 1253 602 probat.
1297 560 1399 595 Quod
1421 561 1450 594 si
1463 562 1620 596 auriculas
1633 571 1681 596 ex

969 611 1119 644 lectione
1130 611 1242 645 veteri
1257 615 1351 644 esset
1359 612 1588 655 retinendum,
1603 613 1680 658 (ne-

972 671 1040 705 que
1061 661 1154 695 euim
1178 660 1298 704 officit,
1323 662 1418 705 quod
1436 663 1682 707 vul'gohabeet

973 712 1159 746 secundam
1180 712 1335 755 brevem,
1347 722 1424 746 cun
1438 713 1507 756 hie,
1520 718 1561 748 ut
1572 715 1609 748 iu
1631 724 1683 748 αι-

972 763 1077 796 uicula
1092 766 1130 796 et
1143 763 1308 796 similibus
1335 763 1445 806 possit
1465 764 1622 808 produci,
1641 767 1684 799 ut

968 815 1044 857 jam
1058 814 1116 847 alii
1137 812 1332 856 notarunt‚)
1352 818 1389 847 et
1400 822 1482 847 mox
1506 815 1684 858 legemur

977 866 1148 907 Clamores,
1172 865 1299 898 omissa
1338 864 1431 898 foret
1473 865 1687 909 conju-cuo,

975 917 1080 959 plane
1095 920 1135 949 ut
1149 916 1183 949 in
1204 916 1322 959 capite
1340 915 1474 949 decimo
1488 915 1690 958 procedo·-

978 971 1028 1009 te,
1043 977 1108 1000 nec
1120 977 1190 1000 non
1205 970 1437 1009 congruerent
1450 966 1579 1000 omnia.
1614 964 1690 999 Aa·

978 1018 1022 1050 de
1039 1027 1174 1061 quoque
1184 1017 1276 1050 infra
1291 1016 1363 1050 fab.
1380 1026 1444 1051 xv.
1458 1017 1549 1051 salet
1557 1017 1689 1061 quippo

979 1070 1112 1103 Noster
1140 1069 1206 1102 hoc
1234 1068 1349 1101 modo.
1381 1068 1486 1109 Sem.
1539 1067 1690 1111 Egregie

980 1119 1257 1162 Hoogstratanus
1284 1122 1402 1152 noster
1429 1118 1620 1152 vindicavit
1631 1127 1691 1152 ve·

980 1181 1054 1204 ram
1082 1172 1268 1204 lectionem
1293 1174 1418 1204 contra
1443 1179 1514 1212 eos,
1538 1169 1599 1213 qui
1620 1169 1694 1203 vin

979 1221 1113 1255 faciunt
1127 1222 1178 1254 rei
1190 1221 1356 1254 metricae.
1387 1220 1445 1254 Sic
1456 1219 1577 1253 auritos
1589 1219 1690 1257 Asel-

980 1274 1033 1306 los
1045 1272 1135 1305 dixit
1150 1276 1187 1305 et
1201 1271 1306 1305 ovid.
1315 1272 1409 1305 Fast.
1423 1273 1565 1305 vum..
1576 1274 1614 1304 et
1633 1268 1691 1312 θὴρ

982 1323 1120 1358 abar-6⁶15
1141 1323 1270 1356 Asinus
1293 1323 1422 1356 dicitur
1448 1321 1484 1355 in
1508 1322 1691 1364 Epigram-

982 1379 1075 1408 mate
1090 1374 1198 1408 Anth.
1213 1374 1365 1417 Graecae,
1379 1373 1439 1407 lib.
1450 1375 1558 1408 uult).
1569 1374 1691 1416 9386.

985 1426 1102 1459 Burm.

1027 1478 1048 1509 ’1
1074 1477 1218 1508 Clamore
1231 1475 1349 1518 subito]
1377 1474 1553 1508 Meursius
1570 1475 1694 1509 Clamo·

985 1536 1051 1560 rem
1077 1526 1185 1558 subito
1218 1525 1316 1567 legit.
1360 1525 1476 1559 Faber
1518 1525 1694 1559 clamorem

985 1575 1134 1610 subitum.
1177 1575 1266 1608 Mihi
1281 1575 1398 1618 placet
1409 1574 1580 1625 iuhmrere
1595 1579 1700 1618 prox-

987 1627 1054 1661 ime
1068 1626 1251 1669 scripturae
1281 1627 1406 1669 veteri,
1421 1636 1463 1660 ae
1482 1627 1600 1670 legere
1622 1627 1697 1660 Cla·

986 1687 1088 1711 mores
1106 1677 1226 1723 ⁴sulu'lo.
1270 1677 1332 1710 Nil
1355 1676 1574 1721 frequentius
1596 1678 1634 1712 in
1656 1678 1698 1712 li·

987 1728 1057 1761 bris
1069 1728 1154 1762 Mes.
1166 1728 1232 1760 hoe
1252 1737 1382 1770 errore,
1406 1738 1450 1761 ex
1474 1728 1697 1765 similitudine

986 1778 1178 1811 literarum.
1203 1778 1282 1811 Hoc
1296 1779 1514 1821 scripseram,
1524 1789 1600 1812 cum
1613 1779 1694 1813 nob.

989 1828 1154 1863 Heinsius
1169 1837 1234 1870 per
1261 1828 1379 1862 literas
1399 1830 1482 1864 mihi
1495 1830 1640 1872 indicat,
1659 1830 1697 1864 in

988 1878 1166 1921 praedictis
1190 1879 1320 1921 reginas
1345 1880 1480 1914 schedis
1503 1881 1595 1922 legi:
1622 1881 1696 1914 cza-

987 1940 1102 1963 morem
1110 1930 1245 1962 subitum
1258 1930 1336 1963 totis
1347 1931 1430 1964 tollit
1443 1931 1584 1967 viribna:
1604 1931 1697 1983 quod

990 1980 1112 2023 probo.
1127 1980 1233 2020 solut:

1035 2033 1211 2065 Clamorem
1237 2032 1356 2075 subito]
1392 2033 1570 2068 cuntoru-
1595 2032 1699 2068 nouo

991 2083 1128 2116 mallem
1156 2092 1236 2115 cum
1263 2083 1438 2126 Remeusi,
1459 2093 1562 2127 quam
1577 2084 1700 2119 Clamo-

991 2142 1057 2165 rem
1069 2128 1207 2165 subitum
1234 2143 1314 2166 cum
1341 2134 1466 2168 Petav.
1509 2133 1635 2177 Subito,
1662 2135 1701 2168 id

993 2187 1059 2225 est,
1072 2183 1272 2227 improviso,
1295 2185 1386 2228 quod
1401 2188 1438 2218 et
1462 2185 1620 2219 Terentii
1634 2194 1701 2220 est.

992 2234 1140 2267 Plautus
1165 2235 1256 2267 dixit
1291 2235 1429 2277 alieubi,
1458 2235 1469 2254 ‘
1486 2235 1530 2269 de
1561 2235 1703 2269 subito-¹

993 2286 1118 2319 Cicero
1145 2285 1156 2304 ‘
1177 2286 1220 2318 de
1246 2286 1416 2329 repente?
1458 2287 1510 2319 Ea
1535 2285 1701 2329 siguifica-

993 2335 1086 2369 tione
1112 2336 1214 2369 subito
1239 2337 1350 2370 utitur
1373 2336 1500 2379 passim
1521 2337 1701 2371 Phaedrus.

992 2387 1051 2420 Sic
1072 2388 1082 2406 ‘
1100 2387 1296 2421 Venantum
1319 2387 1435 2421 subito
1455 2387 1596 2420 vocibus
1619 2395 1702 2420 eon-

994 2437 1136 2471 territus
1149 2438 1172 2471 :'
1195 2442 1233 2472 et
1243 2438 1301 2472 lib.
1316 2447 1368 2471 iv.
1384 2437 1504 2471 faho.
1530 2438 1701 2480 ‘AEsopus

993 2489 1108 2522 media
1123 2489 1239 2522 subito
1260 2489 1296 2522 in
1307 2489 1408 2522 turba
1422 2487 1558 2522 astitit?
1579 2489 1628 2522 Et
1640 2488 1701 2523 tib.

993 2550 1047 2573 ιν.
1073 2539 1142 2574 fab.
1172 2543 1225 2574 17.
1259 2540 1270 2558 ‘
1286 2541 1397 2574 Canes
1425 2538 1558 2572 confusi
1587 2539 1702 2574 subito

995 2590 1088 2634 quod
1107 2590 1222 2623 fuerat
1236 2589 1376 2633 fragor-⁹
1410 2590 1457 2623 Et
1467 2589 1528 2623 lib.
1544 2598 1571 2623 1.
1584 2588 1653 2623 fab.
1667 2593 1701 2623 2.

995 2644 1005 2662 ‘
1023 2642 1167 2675 Missum
1184 2642 1275 2685 quod
1298 2640 1437 2675 subito.’
1472 2640 1548 2674 Lib.
1563 2650 1614 2674 lv.
1627 2640 1699 2676 fab.

994 2695 1050 2726 24.
1071 2694 1081 2711 ‘
1099 2693 1211 2726 Ruina
1226 2702 1372 2726 camerae
1387 2691 1500 2724 subito
1527 2694 1701 2734 oppressit

995 2742 1162 2777 caeteros!
1204 2743 1279 2775 Lib.
1295 2751 1335 2776 u.
1350 2741 1418 2774 fab.
1432 2745 1464 2775 7.
1489 2742 1500 2761 ‘
1516 2742 1638 2775 Subito
1652 2744 1701 2776 la-

995 2798 1111 2826 trones
1126 2803 1170 2826 ex
1195 2793 1328 2825 insidiis
1344 2790 1530 2826 advolant?
1564 2793 1702 2826 Venan-

996 2845 1081 2879 tium
1099 2849 1211 2885 autem
1228 2855 1302 2878 esse
1317 2845 1499 2878 clamorem
1522 2843 1700 2887 ejusmodi,
