1806 3236
349 199 551 234 enatum
586 198 696 232 ran.
727 198 1035 233 AEsoriARUM
1071 200 1166 232 ma.
1199 200 1267 233 ιν.
1298 189 1370 233 17.

125 296 278 342 prodidit.
325 295 483 330 fiaenter
495 305 605 343 rursus
614 295 736 339 aliquid
746 306 785 329 ne
796 296 838 328 ai-

127 348 202 383 suite
227 347 363 390 extant,
392 348 498 381 odore
516 348 646 381 canibus
668 358 765 380 annm
785 347 840 380 sed

126 400 226 435 neu·
250 400 385 443 replent.
406 400 539 434 Meurs.
582 398 646 432 Ait
667 399 838 433 Mem-sius

128 451 250 498 &esse
266 451 458 498 quippiam.
487 451 564 493 Ego
579 460 647 483 non
664 450 839 492 existimo,

127 501 202 546 sed,
231 503 320 537 utin
336 503 427 546 aliis,
451 502 504 535 ita
529 502 584 536 hic
600 502 744 536 brevem
761 511 840 535 esse

126 555 297 601 Nostrum
309 558 408 599 puto.
443 554 609 588 Arbitror
623 558 751 596 autem,
765 563 841 587 ver-

127 614 202 640 sum
214 606 471 651 praecedentem
486 617 555 640 non
566 617 643 640 cum
659 606 842 649 superiori,

125 667 248 692 verum
260 658 327 692 boe
342 658 523 702 proposito
539 667 614 691 esse
627 657 841 700 conjungen-

125 708 222 752 dum,
243 709 383 743 sublata
397 709 625 743 distinctione
641 709 787 751 majore,
801 711 842 741 ut

126 761 174 795 sit
208 771 349 795 sensus:
386 761 466 795 ideo
503 771 573 795 non
611 760 842 804 respondisse,

127 813 223 858 quis,
234 814 399 857 occupati
413 814 450 847 in
465 813 653 858 quaerenda
667 822 761 854 esca,
784 821 843 844 vo-

127 874 205 898 cem
220 865 360 900 citantis
374 875 444 899 non
462 864 705 899 observarant.
753 864 843 896 Cita-

126 919 178 950 tos
191 922 308 951 antem
321 917 481 962 intelligo
504 917 638 951 solenni
655 926 742 949 voce
754 925 842 958 prae·

127 967 224 1002 conis
238 969 418 1010 Mercurii,
444 969 678 1013 exemploque
693 967 841 1012 quodam

126 1019 256 1053 veteris
271 1021 374 1063 aulae,
399 1021 428 1054 si
443 1021 630 1054 convenire
644 1020 776 1053 vellent
791 1028 842 1051 re-

128 1079 220 1114 gem,
233 1075 274 1105 ut
284 1080 376 1105 nunc
388 1070 558 1106 facerent.
595 1072 681 1105 Eam
698 1080 767 1104 non
782 1080 840 1103 au-

128 1122 292 1157 diverant
305 1133 423 1167 canes,
452 1124 612 1157 absentes
633 1123 777 1167 quippe,
800 1132 842 1156 ac

127 1175 180 1210 sie
194 1176 371 1220 occupati,
384 1179 425 1209 ut
440 1176 523 1210 dixi.
569 1174 749 1218 Asconius,
758 1175 843 1207 Ver-

127 1226 207 1260 rina
221 1236 301 1270 cap.
325 1230 358 1260 1.
378 1226 505 1270 ‘Apud
520 1230 671 1268 veteres,
693 1230 731 1260 et
749 1225 842 1269 judi-

127 1286 202 1322 ees,
212 1281 252 1312 et
264 1279 330 1321 rei,
343 1282 576 1321 accusatores,
586 1282 624 1312 et
639 1276 842 1311 defensores

130 1339 152 1364 a
172 1339 259 1365 voce
291 1330 464 1374 preconis
487 1328 707 1364 citabantur!
740 1328 844 1362 Adde

130 1383 319 1428 Apuleium
344 1382 444 1419 Asin.
465 1382 526 1417 lib.
540 1392 578 1417 x.
622 1382 742 1415 Habes
757 1381 842 1415 cita-

130 1435 238 1471 tionis
252 1436 356 1479 buJus
369 1434 512 1479 aliquod
535 1431 734 1477 exemplum
751 1433 844 1477 apud

131 1487 321 1523 laudunum
335 1487 372 1520 in
383 1486 447 1520 Bis
461 1486 651 1527 Accusata,
676 1484 737 1518 ubi
748 1485 845 1518 Mer-

133 1539 249 1574 curius
273 1549 296 1573 a
317 1539 408 1574 Jove
436 1538 579 1572 emissus
594 1538 724 1570 elamat
737 1535 846 1569 Athe-

131 1591 208 1626 nis:
230 1590 383 1625 ‘Audite
409 1589 571 1635 populus,
596 1587 710 1622 forum
738 1592 845 1631 atque

124 1642 309 1686 Judieium,
323 1642 414 1686 quod
429 1641 516 1676 felix
537 1639 762 1683 faustumque
786 1639 844 1680 sit,

132 1693 376 1729 constituimus
390 1693 508 1735 hodie,
520 1692 648 1726 mensis
662 1690 846 1724 Februarii

133 1745 194 1780 die
221 1746 381 1791 septima.
425 1746 632 1789 Quicunque
659 1745 766 1788 igitur
786 1753 843 1778 ac-

131 1798 246 1833 tiones
269 1797 443 1836 detulere,
478 1797 515 1831 in
536 1797 652 1830 vicum
677 1794 845 1829 Martium

132 1849 323 1884 veniunto.’
365 1849 472 1892 Schef.
567 1849 675 1882 Forte
714 1848 846 1882 citatis.

132 1900 258 1936 Heius.
302 1901 385 1936 Nou
396 1900 569 1944 intelligo,
593 1899 676 1944 quid
690 1899 757 1932 ista
771 1908 847 1933 cor·

133 1952 292 1986 rectione
316 1951 403 1986 velit
431 1951 607 1985 Heinsius.
652 1951 758 1984 Citati
772 1960 850 1984 rec-

134 2003 206 2038 tius
219 2007 287 2047 est,
309 2007 351 2037 ut
371 2013 417 2037 ex
438 2003 609 2037 Cicerone
635 2001 764 2036 docent
784 2001 851 2034 viri

135 2054 242 2092 docti,
286 2055 386 2088 Idem
411 2055 515 2089 Verr.
540 2063 584 2088 11.
607 2056 661 2087 17.
683 2053 851 2088 ‘Judices

135 2106 240 2141 citari
260 2105 392 2151 J’ubet.'
439 2105 567 2140 Iisdem
594 2105 710 2139 verbis
739 2106 776 2138 in
791 2105 850 2139 de-

134 2159 232 2193 lectu
269 2157 413 2193 militari
449 2167 531 2191 usus
571 2160 628 2190 est
667 2156 848 2190 maximus.

180 2261 286 2296 Citati
299 2271 362 2300 non
374 2261 576 2306 respondent]
612 2259 693 2293 Hoc
709 2268 847 2303 qnoque

136 2314 266 2349 dieitur
281 2324 326 2348 ex
349 2313 507 2348 formulis
534 2316 572 2346 et
602 2311 715 2345 verbis
732 2310 846 2354 juris:

135 2365 315 2400 ‘citatum
341 2364 575 2408 respondere,’
596 2364 653 2396 vel
674 2363 684 2381 ⁸
699 2372 767 2398 uon
795 2371 848 2395 re-

136 2416 333 2461 spondere,’
360 2417 433 2450 scil.
454 2415 499 2449 ad
514 2425 635 2450 vocem
650 2414 843 2458 praeconis:

136 2469 199 2504 lib.
207 2479 293 2504 vm.
316 2469 361 2503 D.
376 2469 422 2502 de
437 2469 481 2502 In
495 2468 623 2511 integr.
638 2467 770 2501 restit.:
786 2466 847 2500 lib.

137 2529 286 2554 mvn.
318 2520 364 2555 D.
379 2519 424 2553 de
435 2518 597 2563 judiciisz
613 2518 676 2552 lib.
687 2526 724 2552 x.
743 2518 792 2552 Ι).
802 2517 847 2551 de

137 2572 234 2617 publ.
251 2571 362 2616 Judic.
386 2572 483 2605 Geli.
509 2570 571 2604 lib.
585 2579 627 2603 11.
643 2572 675 2604 1.
717 2568 847 2603 Ascon.

135 2620 296 2659 Pedian.
319 2623 355 2656 in
379 2622 518 2656 Verria.
544 2631 604 2656 m.
628 2621 772 2655 Sueton.
793 2621 849 2654 'ri-

137 2675 256 2709 beriot
292 2674 498 2710 Quintilian.
520 2673 580 2707 lib.
607 2682 658 2706 vx.
684 2676 716 2705 5.
760 2672 848 2707 Quae

141 2726 221 2759 loca
235 2724 419 2768 diligenter
430 2723 680 2758 animadvertit
702 2723 760 2756 Fr.
776 2723 848 2757 Du-

140 2786 265 2812 areuus
278 2777 418 2820 Disput.
433 2786 460 2809 1.
476 2779 509 2810 7.
531 2776 618 2809 Rite.

182 2832 206 2863 ⁹
229 2827 309 2872 130⁸]
344 2828 505 2862 Heinsius
532 2827 670 2871 legebat
698 2827 793 2870 Reos,
807 2837 849 2861 eo

1512 189 1601 234 621

888 305 1006 339 sensu,
1020 306 1087 341 quo
1102 296 1151 330 sie
1163 290 1602 341 appellantur,quicunque

889 357 1027 381 causam
1044 347 1179 382 dicunt.
1205 348 1298 382 Vide
1315 348 1458 382 Festum
1474 352 1512 382 et
1527 349 1603 383 No-

888 400 982 434 nium
997 410 1040 433 ea
1054 410 1149 434 voce.
1172 399 1282 440 Schef.

934 453 1103 496 urbatus]
1148 453 1251 488 Quod
1285 457 1356 487 tam
1383 453 1601 499 negligentes

889 505 1038 540 fuissent
1049 505 1164 548 officii,
1174 515 1239 539 nec
1250 510 1527 549 exspectassent,
1542 510 1604 539 aut

890 559 1120 592 attendissent
1136 563 1274 602 tempus
1286 559 1460 601 idoneum,
1475 558 1536 592 sed
1553 568 1605 593 re-

890 612 981 656 quiri
994 612 1198 646 debuissent
1214 623 1235 645 a
1250 612 1438 646 Mercurio.
1460 611 1568 653 Schefi

935 666 977 696 10
999 663 1133 706 Magni]
1169 663 1356 706 Proprium
1371 662 1466 695 Jovis
1479 669 1606 706 cogno-

890 719 1056 747 mentum.
1115 714 1244 758 Itaque
1272 724 1372 747 mox:
1399 715 1534 748 ‘Vetat
1556 714 1606 748 di·

890 765 983 799 mitti
997 775 1140 809 magnus
1151 766 1228 799 illos
1239 766 1262 801 J
1267 765 1407 809 upiter.’
1434 765 1603 809 Propert-

891 825 932 850 11.
955 817 1131 850 ‘Scribam
1154 827 1241 860 ego:
1266 818 1338 851 Per
1362 827 1525 860 magnum
1551 825 1617 851 est·

891 867 986 901 salva
1006 869 1124 911 puella
1147 868 1300 902 Jovem.'
1344 868 1434 902 Ped.
1463 868 1608 912 Albino·

890 929 1000 952 vanus
1016 920 1060 953 ad
1073 920 1227 954 Liviam:
1251 921 1262 939 ‘
1276 920 1351 953 Nos
1367 920 1495 953 erimus
1510 930 1606 964 mag-

891 981 936 1004 no
962 971 1110 1005 maxima
1133 982 1218 1006 cura
1239 971 1342 1006 Jovi!
1385 973 1434 1005 Et
1458 972 1620 1006 iterum:>

889 1024 900 1042 ‘
913 1023 995 1057 Nec.
1006 1024 1117 1056 minor
1129 1028 1184 1057 est
1198 1024 1313 1066 magni
1339 1024 1486 1067 conjuge
1507 1025 1610 1067 jussa

891 1074 1014 1109 Jovis.'
1058 1076 1202 1109 Terent.
1232 1075 1386 1118 Adelph.
1415 1085 1467 1110 ιν.
1497 1085 1545 1110 se.
1575 1078 1608 1110 6.

891 1126 962 1160 ‘Te
989 1137 1068 1162 cum
1093 1132 1154 1161 tua
1180 1127 1433 1160 monstratione
1463 1136 1609 1170 magnus

893 1179 1018 1222 perdat
1038 1178 1201 1222 Jupiteff
1249 1178 1296 1211 Et
1322 1177 1372 1211 sie
1399 1178 1519 1211 Graeci
1545 1187 1610 1211 εω-

893 1230 1045 1273 pissime.
1090 1229 1236 1264 Scilicet
1249 1233 1289 1262 ut
1310 1229 1404 1263 Juno
1430 1229 1440 1248 ‘
1453 1228 1609 1271 Magna,'

893 1282 944 1316 sic
973 1286 1011 1316 et
1038 1282 1183 1325 Jupiter
1211 1280 1471 1324 appellabatur.
1516 1279 1609 1313 Vide

893 1333 1027 1367 dietum
1049 1331 1273 1376 Propertium
1298 1331 1354 1365 El.
1370 1339 1411 1363 11.
1426 1333 1480 1364 32.
1504 1334 1542 1363 et
1553 1333 1610 1364 34.

894 1384 1072 1428 Gyraldus
1100 1384 1166 1417 hoc
1195 1382 1325 1416 omisit.
1348 1380 1456 1421 Schef.
1503 1381 1609 1416 Ovid.

894 1434 974 1469 Art.
991 1435 1071 1470 Am.
1086 1445 1112 1468 1.
1129 1437 1207 1468 ⁷13.
1230 1435 1240 1453 ‘
1251 1433 1396 1476 Jupiter
1411 1432 1456 1466 ad
1472 1436 1610 1466 veteres

895 1489 1045 1531 supplex
1084 1486 1258 1520 Heroides
1291 1485 1390 1526 ibat;
1433 1484 1612 1527 Corripuit

895 1548 1056 1582 magnum
1070 1538 1167 1571 nulla
1191 1536 1309 1580 puella
1323 1535 1450 1571 Jovem
1463 1534 1486 1568 ς’
1510 1539 1548 1568 et
1562 1534 1613 1569 ita

894 1590 1035 1624 millies.

940 1645 980 1675 11
1009 1641 1123 1675 Totam
1137 1639 1298 1682 timentes]
1333 1637 1426 1672 Vide
1451 1636 1612 1672 Martini.

896 1692 1003 1736 Epig.
1019 1701 1088 1726 xxx.
1103 1695 1159 1725 78.
1183 1692 1268 1724 Nev.

940 1743 1101 1777 Timentes
1113 1741 1338 1784 concacarunt]
1359 1742 1613 1775 Laxamentum

894 1795 1027 1829 ventris
1042 1795 1230 1828 comitatur
1245 1792 1509 1836 timorem‚quia
1522 1801 1615 1825 mus·

896 1847 978 1890 culi,
1001 1846 1127 1891 quibus
1151 1845 1406 1880 claudebantur
1431 1844 1623 1877 retrimen·.

897 1905 1012 1934 torum
1051 1903 1201 1942 meatus,
1229 1898 1397 1942 fugientis
1423 1898 1613 1932 introrsum

899 1951 1023 1985 animae
1038 1951 1173 1985 virtute
1188 1950 1319 1984 deserti
1330 1951 1450 1984 laxant
1464 1950 1614 1993 vincula,

900 2002 1022 2046 quibus
1035 2002 1244 2036 retrimenta
1257 2012 1368 2045 usque
1389 2002 1434 2034 ad
1447 2001 1613 2044 digestio-

899 2054 954 2087 nis
991 2054 1292 2097 opportunitatem
1329 2052 1613 2087 continebantur.

900 2106 958 2139 Sic
975 2105 1084 2139 Lucio
1099 2104 1238 2138 rabioso
1249 2114 1373 2138 canum
1389 2105 1614 2139 circumstan-

899 2157 987 2190 tium
1004 2158 1133 2190 latratu
1146 2156 1249 2189 nimis
1275 2155 1425 2189 attonito
1448 2159 1486 2189 et
1510 2155 1613 2190 simul

899 2209 1020 2242 dolore
1043 2209 1222 2251 plagarum
1238 2208 1334 2240 alvus
1357 2210 1473 2240 artata
1496 2211 1534 2240 et
1561 2207 1614 2240 lu-

898 2260 998 2294 brico
1026 2259 1122 2293 fluxu
1154 2259 1284 2301 saucia,
1320 2258 1403 2292 fimo
1432 2258 1613 2293 fistulatim

898 2321 1054 2353 excusso,
1083 2309 1262 2354 suppetias
1288 2309 1386 2343 tulit:
1418 2310 1535 2344 Miles.
1558 2320 1614 2344 lv.

897 2362 1078 2399 Juvenalis
1092 2363 1170 2395 Sat.
1182 2370 1261 2395 ΧΠ.
1277 2361 1288 2380 ‘
1300 2360 1350 2394 Et
1362 2361 1536 2404 trepidum
1548 2362 1614 2395 sol·

897 2419 984 2448 vunt
998 2414 1063 2448 tibi
1080 2423 1211 2447 cornua
1225 2417 1384 2446 ventrem
1411 2412 1499 2446 Cum
1513 2412 1611 2446 lituis

897 2465 1038 2500 audita.'
1082 2465 1165 2499 Vid.
1191 2463 1351 2498 Macrob.
1381 2463 1457 2498 Sat.
1471 2473 1536 2497 vu.
1559 2467 1612 2498 11.

899 2518 991 2552 Geli.
1006 2526 1087 2551 xxx.
1102 2520 1134 2551 4.
1168 2516 1316 2550 Aristot.
1341 2514 1516 2549 Problem.
1551 2515 1612 2550 Sic

898 2569 1071 2604 Martialis
1086 2568 1130 2601 de
1154 2568 1317 2601 AEthonte
1333 2566 1455 2610 Epigr.
1471 2566 1531 2601 lib.
1543 2576 1612 2601 xn-

899 2623 954 2655 78.
977 2621 988 2639 ‘
1003 2619 1124 2653 Multis
1139 2619 1220 2652 dum
1236 2618 1399 2662 precibus
1412 2618 1538 2653 Jovem
1557 2628 1610 2652 sa·

899 2672 1003 2714 lutat,
1016 2671 1121 2704 Stans
1134 2680 1282 2704 summos
1298 2669 1479 2712 resupinus
1501 2671 1611 2714 usque

899 2724 936 2758 in
949 2733 1096 2767 ungnes,
1123 2722 1248 2756 AEthon
1265 2722 1301 2755 iu
1317 2721 1489 2765 Capitolio
1504 2731 1610 2765 pepe·

900 2775 978 2809 dit!
1001 2775 1081 2815 Rig-

945 2830 985 2861 12
1023 2827 1148 2860 Vadunt
1177 2824 1286 2867 joras]
1331 2825 1438 2860 Mart.
1476 2826 1486 2844 ‘
1501 2825 1610 2866 Uxor,
