1806 3236
418 190 620 228 PHAEDRJ
654 189 763 223 ΕΔΒ.
795 189 1100 224 AESOPIARUM
1139 192 1236 224 LIB·
1268 193 1301 225 1.
1335 181 1403 225 15.

215 285 371 330 ibidus]
391 286 565 321 Meursius
576 288 708 321 mavult
720 287 860 321 tumidus
871 299 883 327 ;

167 348 237 374 nou
264 341 383 372 rector
419 337 551 372 timidus
579 338 722 382 proprie
753 338 883 372 dicitur

168 398 285 425 sonex·
313 387 439 423 Horat.
477 389 521 422 de
561 388 640 423 Art.
671 389 774 423 Poet.
805 392 883 423 170.

164 440 176 461 ⁴
194 438 344 490 Quaerit,
366 444 404 474 et
426 440 579 474 inventis
595 441 701 475 miser
717 441 887 484 abstinet,

167 495 206 527 et
220 492 323 526 timet
339 491 415 525 uti?
449 491 539 525 Gud.

209 542 333 586 Senex]
356 542 426 576 Ms.
442 542 550 577 Senes,
580 543 674 577 Gud.

209 599 233 631 6
245 596 408 630 Μῶα
419 597 643 642 asinofugere]
658 598 741 641 Pro,
753 597 884 642 fugam,

167 647 297 683 Graeca
322 648 589 683 consuetudine.
639 649 792 683 Consule
818 650 887 684 Mi-

165 711 310 736 nervam
323 701 547 736 Sanctianam
562 702 623 737 lib.
636 712 695 738 ιιι.
709 706 744 738 6.
776 703 884 744 Sobes-

167 753 228 788 Ita
251 763 371 788 omnes
409 753 605 796 editiones;
653 755 738 789 mihi
768 760 886 789 autem

166 816 373 850 persuasum
386 811 456 850 est,
477 807 665 842 Phaedrum
680 809 860 852 scripsisse
875 820 885 842 ε

166 857 605 902 Μώιέωόιιιιιιίιςοης
626 861 887 895 imitaturenim

167 909 352 953 Virgilium
389 920 501 954 suum,
536 913 598 956 qui
634 913 755 947 eodem
785 913 888 948 modo

169 961 248 996 En.
263 970 302 996 x.
315 965 350 996 9.
373 965 384 982 ‘
400 963 489 998 Quis
504 968 620 998 metus
635 969 698 999 aut
717 966 794 1008 hos,
815 965 889 998 Aut

167 1015 246 1057 hos,
258 1024 355 1049 arms
364 1015 476 1060 sequi,
494 1015 699 1061 ferrumque
712 1018 888 1052 lacessere

169 1065 311 1109 suasit?
354 1067 404 1100 nt
429 1077 498 1101 non
521 1068 714 1102 audiendus
736 1069 889 1111 Servius,

167 1116 230 1161 qui
242 1116 455 1152 muueris
478 1128 554 1152 esse
568 1124 685 1163 putat,
704 1120 761 1153 hos
774 1120 905 1163 sunsit„

168 1167 231 1203 Ita
259 1169 355 1203 euim
380 1174 523 1204 veteres
543 1170 753 1215 {requenter
780 1171 890 1204 locuti

168 1223 277 1261 sunu
297 1219 373 1254 sive
395 1220 587 1255 infinitivus
611 1222 889 1266 seqnatur,-sive

169 1270 367 1306 omittatur.
413 1272 473 1306 Sic
486 1273 580 1316 apud
594 1273 759 1307 Ovidium
775 1273 890 1317 Epist.

168 1331 265 1358 xvn.
289 1326 366 1358 185.
390 1333 436 1357 ex
452 1323 587 1358 duobus
603 1324 798 1367 codicibus,
825 1326 890 1359 Re-

168 1375 227 1418 gio
255 1378 294 1409 et
323 1375 534 1417 oxoniensi,
573 1376 716 1419 legitur,
742 1376 752 1395 ‘
776 1377 891 1411 Quam

169 1426 263 1460 male
279 1426 483 1469 persuades,
506 1427 640 1461 utinam
656 1428 746 1462 bene
763 1438 891 1471 cogere

170 1488 295 1522 posses
308 1477 331 1511 ε’
354 1482 393 1512 et
405 1478 514 1512 Trist.
529 1488 570 1512 ιι.
585 1482 663 1513 814.
684 1480 790 1512 etiam
806 1481 891 1514 Mss.

169 1530 181 1548 ‘
191 1529 308 1564 eum
314 1539 412 1564 meus
425 1539 631 1573 quemquam
642 1531 768 1564 suadet
776 1540 893 1564 amare

170 1581 260 1615 liber
270 1580 296 1615 ξ’.
319 1581 445 1624 Virgil.
463 1581 544 1614 AEn.
562 1590 598 1614 x.
626 1583 705 1615 366.
732 1591 776 1615 ex
801 1582 894 1615 codi-

172 1632 289 1674 cibus,
310 1632 323 1652 ‘
338 1631 476 1675 Aspera
496 1642 582 1675 quos
603 1637 732 1666 natura
752 1634 821 1667 loci
842 1634 894 1667 di·

171 1683 316 1719 mittere
341 1683 484 1726 quando
510 1683 630 1717 Suasit
656 1684 787 1728 equos-⁹
833 1685 893 1719 Sic

173 1734 269 1777 apud
294 1733 456 1768 Curtium
481 1734 541 1768 lib.
557 1744 624 1768 vu.
647 1738 701 1769 11.
726 1737 736 1755 ⁴
754 1737 894 1779 cephas

174 1785 343 1819 admissus
373 1785 522 1820 suadere
549 1787 660 1830 eoepit
688 1787 891 1822 ArIsmazen

173 1842 310 1880 petram
337 1836 500 1879 tradere?
532 1837 699 1872 libentius
729 1838 894 1881 legerem,

173 1888 253 1932 quia
266 1888 304 1922 in
318 1888 406 1922 Μαι.
420 1898 501 1922 mox
519 1890 690 1933 sequitur,
705 1890 715 1909 ‘
733 1890 893 1924 Gratiam

173 1939 268 1982 regis
291 1939 466 1982 initurus,'
493 1939 554 1974 ubi
579 1951 658 1976 cum
685 1941 822 1975 Sebisio
845 1943 894 1975 le-

134 2022 135 2027 ,
174 1989 324 2032 gendum
350 1989 519 2024 initurum.
573 1991 633 2024 Sic
656 1992 895 2026 Tertullianus

175 2041 222 2074 de
247 2042 347 2076 cultu
368 2042 603 2075 Foeminarum
628 2042 689 2076 lib.
703 2052 732 2076 x.
762 2046 795 2077 1.
817 2044 827 2063 ‘
843 2044 894 2076 Tu

177 2102 228 2134 es,
241 2102 322 2136 quae
337 2101 418 2125 eum
442 2093 597 2135 suasisti,
617 2103 722 2136 quem
738 2094 895 2127 diabolus

177 2142 325 2189 aggredi
349 2153 421 2176 non
448 2143 582 2177 valuit!
639 2144 698 2178 Ita
727 2145 820 2178 enim
846 2145 896 2179 ibi

176 2194 247 2237 legi
261 2193 392 2228 debere
417 2198 515 2228 recte
538 2194 673 2229 monuit
699 2195 823 2229 Barth.
851 2195 896 2228 ad

178 2246 361 2280 claudian.
411 2246 554 2281 Consul.
584 2246 688 2282 Mall.
718 2257 790 2281 ver.
817 2250 896 2281 212.

178 2298 319 2342 Apulei.
335 2298 398 2333 lib.
412 2299 501 2332 ιιιι
517 2299 620 2332 Tunc
645 2309 792 2332 uxorem
819 2300 894 2342 ejus

179 2350 289 2383 tacite
303 2349 406 2391 suasi,
417 2359 458 2383 ac
469 2349 618 2394 denique
630 2350 783 2393 persuasi
800 2360 895 2384 sece-

179 2401 264 2436 dere
279 2401 459 2447 paululum
471 2401 494 2437 :¹
516 2402 567 2436 ita
589 2403 681 2437 enim
698 2402 895 2447 legendum.

1563 181 1651 227 383

934 287 1067 322 Eadem
1115 290 1377 324 constructione
1423 290 1652 333 compositum

932 341 1122 382 persuadere
1148 350 1244 384 saepe
1270 340 1457 384 reperitur.
1500 341 1559 375 Sic
1585 342 1654 374 En-

935 392 1011 425 nius
1027 392 1120 434 apud
1135 392 1293 426 Servium
1319 392 1363 425 ad
1387 393 1520 426 dictum
1535 393 1653 427 locum

933 442 1095 486 Virgilii:
1133 444 1144 461 ‘
1159 444 1245 478 Quis
1262 447 1299 477 te
1323 444 1497 488 persuasit
1514 444 1539 477 ?'
1585 444 1654 478 Pe-

936 499 1026 528 tron.
1052 503 1154 529 nvi.
1184 496 1194 514 ‘
1210 495 1340 539 Aliqua
1365 496 1423 529 die
1452 501 1487 529 te
1514 506 1655 539 persua-

936 546 1037 579 deam
1049 546 1070 580 :'
1092 550 1130 580 et
1156 556 1233 590 cap.
1249 550 1303 581 72.
1326 548 1336 566 ‘
1353 548 1555 582 Persuadeo
1578 548 1655 581 hos-

936 597 1047 641 pitem
1073 598 1254 632 nostrum?
1303 599 1428 641 Fugere
1456 604 1574 632 autem
1597 599 1654 632 hie

937 651 1086 694 positum
1102 655 1158 685 est
1172 661 1250 694 pro,
1267 650 1474 695 fugiendum
1490 661 1566 685 esse
1581 664 1592 694 3
1608 651 1653 685 de

937 713 1007 746 qua
1032 702 1208 736 locutione
1236 703 1317 736 vide
1342 704 1397 737 cl.
1425 704 1582 738 Gronov.
1610 704 1656 737 ad

938 754 1014 788 Liv.
1031 763 1074 788 11.
1089 758 1123 788 5.
1168 755 1227 788 Sic
1249 755 1379 790 Justin.
1395 766 1438 789 11.
1467 759 1520 791 11.
1541 757 1552 775 ‘
1569 757 1655 790 Per-

938 806 1031 839 suasi
1046 806 1158 840 mori.'
1180 807 1297 841 Burni.

984 859 1038 891 Ne
1064 862 1188 901 possent
1217 858 1305 901 oapi]
1341 859 1399 892 Ne
1428 863 1654 902 caperentur.

940 909 1016 944 Cic.
1032 909 1110 943 Cat.
1134 919 1160 943 ι.
1195 910 1205 929 ‘
1223 911 1351 944 Nonne
1377 911 1570 954 impetrare
1595 912 1657 945 de-

940 961 1035 1002 beat,
1050 971 1129 995 cum
1143 962 1213 994 vim
1228 972 1296 995 non
1321 962 1487 996 adhibere
1512 963 1622 1006 possit
1633 962 1657 995 ?’

939 1012 1049 1053 Schef.
1095 1013 1154 1047 De
1180 1013 1246 1047 hac
1268 1014 1446 1048 locutione
1471 1014 1552 1047 vide
1578 1014 1657 1048 Pri-

939 1075 1051 1098 caeum
1067 1064 1112 1097 ad
1135 1066 1240 1098 Lucae
1263 1066 1375 1099 Evan.
1393 1074 1471 1098 xvt.
1495 1068 1528 1100 2.
1552 1070 1590 1099 et
1613 1065 1659 1098 ad

940 1114 1082 1158 Apuleii
1097 1115 1215 1150 Miles.
1230 1116 1291 1149 lib.
1306 1126 1349 1150 11.
1375 1127 1412 1159 p.
1430 1120 1505 1151 129.
1532 1122 1569 1152 et
1594 1117 1657 1151 lib.

939 1175 992 1200 lx.
1009 1177 1044 1209 p.
1059 1169 1136 1200 570.
1152 1171 1191 1200 et
1205 1167 1368 1201 Torrent.
1386 1167 1429 1200 ad
1447 1167 1573 1202 Horat.
1589 1163 1657 1201 Od.

940 1227 999 1251 ru.
1025 1221 1058 1251 3.
1074 1220 1130 1252 43.
1145 1221 1205 1261 qui
1228 1218 1352 1252 Poetis
1372 1219 1460 1252 hanc
1477 1224 1659 1261 venustam

939 1269 1106 1312 loquendi
1134 1268 1318 1303 formulam
1350 1271 1515 1304 usitatam
1546 1276 1659 1305 notat.

941 1319 1044 1353 Adde
1072 1320 1226 1354 Gronov.
1259 1321 1303 1354 ad
1335 1321 1409 1354 Liv.
1434 1331 1572 1356 xxxin.
1603 1326 1658 1356 13.

942 1373 1082 1406 Passer.
1100 1373 1145 1406 ad
1173 1374 1337 1416 Propert.
1361 1384 1395 1416 p.
1412 1377 1489 1407 425.
1507 1374 1659 1407 Tennul.

943 1425 986 1459 ad
1002 1425 1161 1458 Frontin.
1176 1435 1202 1459 1.
1221 1429 1255 1458 7.
1268 1429 1301 1459 7.
1323 1426 1440 1459 Burm.

988 1477 1041 1510 Ne
1054 1478 1176 1520 possint
1191 1477 1278 1519 capi]
1301 1477 1345 1510 Id
1357 1482 1423 1518 est,
1435 1487 1479 1510 ne
1492 1487 1659 1521 caperen-

944 1531 1014 1561 tur.
1057 1527 1116 1561 Sic
1141 1527 1235 1561 infra
1256 1527 1320 1561 lib.
1346 1537 1373 1560 1.
1400 1528 1474 1561 fab.
1496 1532 1552 1562 23.
1576 1531 1586 1548 ‘
1602 1528 1660 1562 An

945 1579 1025 1612 cibo
1043 1578 1153 1620 possit
1168 1578 1273 1622 capi!
1310 1579 1423 1612 Plane
1438 1584 1478 1612 ut
1493 1579 1661 1613 Afranius

945 1630 1039 1674 apud
1055 1631 1208 1664 Nonium
1223 1641 1232 1663 z
1254 1631 1265 1649 ‘
1282 1631 1329 1664 Ni
1345 1636 1489 1673 possent
1505 1631 1660 1664 homines

944 1681 1182 1715 delinimentis
1197 1682 1276 1724 capi
1287 1681 1310 1715 ς’
1333 1692 1410 1725 pro,
1425 1682 1472 1715 Ni
1494 1692 1661 1725 caperen-

945 1739 1014 1768 tur.
1058 1735 1151 1768 Vide
1174 1735 1318 1778 Scoppii
1343 1735 1454 1767 nostri
1470 1735 1661 1768 Verisimil.

944 1785 1006 1819 lib.
1021 1794 1064 1819 11.
1084 1788 1139 1820 20.
1156 1790 1195 1819 et
1215 1786 1298 1819 Gul.
1313 1787 1459 1819 Canter.
1474 1787 1564 1820 Nov.
1577 1787 1662 1820 leet.

944 1836 1005 1871 lib.
1022 1846 1065 1869 ιι.
1080 1839 1112 1870 2.
1142 1838 1232 1870 Ritt.

989 1891 1009 1921 7
1032 1887 1081 1921 At
1095 1888 1164 1931 ille]
1200 1889 1297 1931 Lege
1320 1888 1376 1922 Aa
1398 1889 1466 1931 illa,
1490 1894 1529 1922 ut
1555 1900 1662 1932 supra

944 1940 1018 1973 fab.
1037 1943 1088 1973 13.
1114 1940 1341 1982 correximus,
1365 1941 1422 1973 vel
1447 1939 1495 1973 Ae
1517 1940 1581 1980 illi,
1606 1942 1661 1973 vel

946 1992 1036 2025 Huic
1063 1993 1131 2034 ille,
1161 1996 1201 2025 ut
1229 1988 1331 2034 infra,
1361 1992 1424 2024 lib.
1448 2001 1491 2025 ιι.
1520 1991 1659 2025 fab.32.

945 2044 956 2062 ‘
974 2043 1040 2076 Cui
1054 2042 1212 2084 placidus
1229 2042 1313 2076 ille.'
1338 2042 1454 2075 Heius.

990 2097 1011 2126 8
1037 2093 1193 2136 Clitellas]
1217 2093 1455 2126 Instrumenta
1477 2094 1604 2136 lignea,
1627 2094 1661 2127 in

946 2144 1070 2187 quibus
1086 2144 1261 2187 eolligatae
1276 2145 1420 2178 sarcinas
1438 2145 1663 2188 imponuntur

946 2195 1051 2228 asinis
1079 2196 1135 2228 vel
1159 2195 1270 2238 equis,
1296 2196 1400 2228 Festo
1426 2200 1530 2229 teste.
1576 2197 1663 2229 Dixi

946 2247 992 2280 de
1007 2247 1060 2280 his
1076 2247 1180 2280 latius
1197 2244 1354 2289 inopere
1366 2247 1536 2289 peculiari
1551 2247 1596 2280 de
1610 2248 1661 2280 Re

947 2298 1134 2331 vehiculari
1150 2298 1209 2331 lib.
1225 2308 1265 2331 11.
1281 2301 1313 2331 2.
1338 2298 1448 2338 Schef.

992 2349 1155 2392 Clitellas]
1171 2350 1286 2384 Gloss.
1301 2350 1311 2368 ‘
1326 2349 1482 2385 Cliteuae:
1505 2349 1661 2392 &witred
