<?xml version="1.0" encoding="UTF-8"?>
<!DOCTYPE html PUBLIC "-//W3C//DTD XHTML 1.0 Transitional//EN"
    "http://www.w3.org/TR/xhtml1/DTD/xhtml1-transitional.dtd">
<html xmlns="http://www.w3.org/1999/xhtml" xml:lang="en" lang="en">
 <head>
  <title>
</title>
<meta http-equiv="Content-Type" content="text/html;charset=utf-8" />
  <meta name='ocr-system' content='tesseract 3.04.00' />
  <meta name='ocr-capabilities' content='ocr_page ocr_carea ocr_par ocr_line ocrx_word'/>
</head>
<body>
  <div class='ocr_page' id='page_1' title='image "./fabualeaesopiae00phaeuoft_0341.png"; bbox 0 0 1806 3236; ppageno 0'>
   <div class='ocr_carea' id='block_1_1' title="bbox 409 210 1365 254">
    <p class='ocr_par' dir='ltr' id='par_1_1' title="bbox 409 210 1365 254">
     <span class='ocr_line' id='line_1_1' title="bbox 409 210 1365 254; baseline 0 -2"><span class='ocrx_word' id='word_1_1' title='bbox 409 220 612 253; x_wconf 81' lang='lat' dir='ltr'>PHAEDRI</span> <span class='ocrx_word' id='word_1_2' title='bbox 649 220 756 252; x_wconf 65' lang='grc' dir='ltr'><strong>ΕΑΒ.</strong></span> <span class='ocrx_word' id='word_1_3' title='bbox 789 220 1093 254; x_wconf 77' lang='lat' dir='ltr'><strong>AESOPIARUM</strong></span> <span class='ocrx_word' id='word_1_4' title='bbox 1132 221 1227 252; x_wconf 73' lang='lat' dir='ltr'><strong>[AB.</strong></span> <span class='ocrx_word' id='word_1_5' title='bbox 1263 221 1291 252; x_wconf 91' lang='lat'><strong>1.</strong></span> <span class='ocrx_word' id='word_1_6' title='bbox 1322 210 1365 253; x_wconf 71' lang='lat'><strong>2.</strong></span> 
     </span>
    </p>
   </div>
   <div class='ocr_carea' id='block_1_2' title="bbox 145 318 862 412">
    <p class='ocr_par' dir='ltr' id='par_1_2' title="bbox 145 318 862 412">
     <span class='ocr_line' id='line_1_2' title="bbox 145 318 860 361; baseline -0.001 -9"><span class='ocrx_word' id='word_1_7' title='bbox 145 318 246 360; x_wconf 72' lang='lat' dir='ltr'><strong>libro-</strong></span> <span class='ocrx_word' id='word_1_8' title='bbox 259 320 405 361; x_wconf 65' lang='lat' dir='ltr'><strong>ptam</strong></span> <span class='ocrx_word' id='word_1_9' title='bbox 430 318 594 361; x_wconf 79' lang='lat' dir='ltr'><strong>exempla</strong></span> <span class='ocrx_word' id='word_1_10' title='bbox 613 322 715 359; x_wconf 87' lang='lat' dir='ltr'><strong>sunt·</strong></span> <span class='ocrx_word' id='word_1_11' title='bbox 736 318 798 352; x_wconf 88' lang='lat' dir='ltr'><strong>sed</strong></span> <span class='ocrx_word' id='word_1_12' title='bbox 825 318 860 351; x_wconf 85' lang='lat' dir='ltr'><strong>in</strong></span> 
     </span>
     <span class='ocr_line' id='line_1_3' title="bbox 146 367 862 412; baseline -0.003 -9"><span class='ocrx_word' id='word_1_13' title='bbox 146 367 490 412; x_wconf 64' lang='lat' dir='ltr'><strong>mumpirata?</strong></span> <span class='ocrx_word' id='word_1_14' title='bbox 531 368 732 411; x_wconf 70' lang='lat' dir='ltr'><strong>Gmpimtoe</strong></span> <span class='ocrx_word' id='word_1_15' title='bbox 744 372 862 402; x_wconf 87' lang='lat' dir='ltr'><strong>autem</strong></span> 
     </span>
    </p>
   </div>
   <div class='ocr_carea' id='block_1_3' title="bbox 143 419 883 464">
    <p class='ocr_par' dir='ltr' id='par_1_3' title="bbox 143 419 883 464">
     <span class='ocr_line' id='line_1_4' title="bbox 143 419 883 464; baseline 0.001 -11"><span class='ocrx_word' id='word_1_16' title='bbox 143 423 265 464; x_wconf 58' lang='lat' dir='ltr'><strong>pom,</strong></span> <span class='ocrx_word' id='word_1_17' title='bbox 285 429 354 454; x_wconf 89' lang='lat' dir='ltr'><strong>non</strong></span> <span class='ocrx_word' id='word_1_18' title='bbox 367 419 414 454; x_wconf 79' lang='lat' dir='ltr'><strong>de</strong></span> <span class='ocrx_word' id='word_1_19' title='bbox 435 420 644 463; x_wconf 84' lang='lat' dir='ltr'><strong>conjunctis,</strong></span> <span class='ocrx_word' id='word_1_20' title='bbox 667 419 729 453; x_wconf 85' lang='lat' dir='ltr'><strong>sed</strong></span> <span class='ocrx_word' id='word_1_21' title='bbox 743 420 862 454; x_wconf 87' lang='lat' dir='ltr'><strong>divisis</strong></span> <span class='ocrx_word' id='word_1_22' title='bbox 880 423 883 427; x_wconf 81' lang='grc'><strong>’</strong></span> 
     </span>
    </p>
   </div>
   <div class='ocr_carea' id='block_1_4' title="bbox 136 470 862 2832">
    <p class='ocr_par' dir='ltr' id='par_1_4' title="bbox 139 470 862 1907">
     <span class='ocr_line' id='line_1_5' title="bbox 143 470 862 515; baseline 0 -9"><span class='ocrx_word' id='word_1_23' title='bbox 143 475 227 506; x_wconf 79' lang='lat' dir='ltr'><strong>sunt</strong></span> <span class='ocrx_word' id='word_1_24' title='bbox 236 470 486 513; x_wconf 77' lang='lat' dir='ltr'><strong>intelligendae,</strong></span> <span class='ocrx_word' id='word_1_25' title='bbox 501 480 568 504; x_wconf 90' lang='lat' dir='ltr'><strong>nec</strong></span> <span class='ocrx_word' id='word_1_26' title='bbox 582 472 674 505; x_wconf 86' lang='lat' dir='ltr'><strong>enim</strong></span> <span class='ocrx_word' id='word_1_27' title='bbox 686 472 862 515; x_wconf 78' lang='lat' dir='ltr'><strong>conspira-</strong></span> 
     </span>
     <span class='ocr_line' id='line_1_6' title="bbox 145 521 862 565; baseline 0.003 -10"><span class='ocrx_word' id='word_1_28' title='bbox 145 521 231 561; x_wconf 68' lang='lat' dir='ltr'><strong>bant</strong></span> <span class='ocrx_word' id='word_1_29' title='bbox 243 521 336 559; x_wconf 80' lang='lat' dir='ltr'><strong>inter</strong></span> <span class='ocrx_word' id='word_1_30' title='bbox 346 531 399 564; x_wconf 79' lang='lat' dir='ltr'><strong>so,</strong></span> <span class='ocrx_word' id='word_1_31' title='bbox 411 522 473 556; x_wconf 81' lang='lat' dir='ltr'><strong>sed</strong></span> <span class='ocrx_word' id='word_1_32' title='bbox 493 522 661 556; x_wconf 83' lang='lat' dir='ltr'><strong>adversus</strong></span> <span class='ocrx_word' id='word_1_33' title='bbox 671 533 715 557; x_wconf 88' lang='lat' dir='ltr'><strong>se</strong></span> <span class='ocrx_word' id='word_1_34' title='bbox 728 528 862 565; x_wconf 84' lang='lat' dir='ltr'><strong>mutuo,</strong></span> 
     </span>
     <span class='ocr_line' id='line_1_7' title="bbox 144 572 861 618; baseline 0 -10"><span class='ocrx_word' id='word_1_35' title='bbox 144 583 210 618; x_wconf 63' lang='lat' dir='ltr'><strong>pqr</strong></span> <span class='ocrx_word' id='word_1_36' title='bbox 237 572 421 609; x_wconf 75' lang='lat' dir='ltr'><strong>factiones.</strong></span> <span class='ocrx_word' id='word_1_37' title='bbox 471 574 623 607; x_wconf 78' lang='lat' dir='ltr'>Sensus</span> <span class='ocrx_word' id='word_1_38' title='bbox 614 599 624 608; x_wconf 92' lang='lat'><strong>.</strong></span> <span class='ocrx_word' id='word_1_39' title='bbox 658 575 750 608; x_wconf 88' lang='lat' dir='ltr'><strong>Dum</strong></span> <span class='ocrx_word' id='word_1_40' title='bbox 777 585 861 608; x_wconf 90' lang='lat' dir='ltr'><strong>una-</strong></span> 
     </span>
     <span class='ocr_line' id='line_1_8' title="bbox 145 623 861 669; baseline 0.001 -11"><span class='ocrx_word' id='word_1_41' title='bbox 145 634 301 669; x_wconf 63' lang='lat' dir='ltr'><strong>quoque.</strong></span> <span class='ocrx_word' id='word_1_42' title='bbox 317 623 428 659; x_wconf 77' lang='lat' dir='ltr'><strong>factio</strong></span> <span class='ocrx_word' id='word_1_43' title='bbox 452 630 572 668; x_wconf 88' lang='lat' dir='ltr'><strong>partes</strong></span> <span class='ocrx_word' id='word_1_44' title='bbox 595 625 661 658; x_wconf 90' lang='lat' dir='ltr'><strong>sibi</strong></span> <span class='ocrx_word' id='word_1_45' title='bbox 690 626 861 669; x_wconf 82' lang='lat' dir='ltr'><strong>adsociat,</strong></span> 
     </span>
     <span class='ocr_line' id='line_1_9' title="bbox 143 674 860 720; baseline 0.003 -10"><span class='ocrx_word' id='word_1_46' title='bbox 143 679 183 710; x_wconf 81' lang='lat' dir='ltr'><strong>et</strong></span> <span class='ocrx_word' id='word_1_47' title='bbox 192 674 330 710; x_wconf 77' lang='lat' dir='ltr'><strong>firmare</strong></span> <span class='ocrx_word' id='word_1_48' title='bbox 341 686 404 710; x_wconf 79' lang='lat' dir='ltr'><strong>sua</strong></span> <span class='ocrx_word' id='word_1_49' title='bbox 415 676 581 710; x_wconf 86' lang='lat' dir='ltr'><strong>adversus</strong></span> <span class='ocrx_word' id='word_1_50' title='bbox 594 678 738 710; x_wconf 86' lang='lat' dir='ltr'><strong>alteram</strong></span> <span class='ocrx_word' id='word_1_51' title='bbox 749 683 860 720; x_wconf 88' lang='lat' dir='ltr'><strong>parat,</strong></span> 
     </span>
     <span class='ocr_line' id='line_1_10' title="bbox 144 725 860 770; baseline 0.004 -10"><span class='ocrx_word' id='word_1_52' title='bbox 144 725 352 761; x_wconf 71' lang='lat' dir='ltr'><strong>Pitistratus</strong></span> <span class='ocrx_word' id='word_1_53' title='bbox 384 727 420 760; x_wconf 89' lang='lat' dir='ltr'><strong>id</strong></span> <span class='ocrx_word' id='word_1_54' title='bbox 449 728 535 770; x_wconf 82' lang='lat' dir='ltr'><strong>egit.</strong></span> <span class='ocrx_word' id='word_1_55' title='bbox 593 729 719 762; x_wconf 89' lang='lat' dir='ltr'><strong>Mallet</strong></span> <span class='ocrx_word' id='word_1_56' title='bbox 744 733 860 763; x_wconf 89' lang='lat' dir='ltr'><strong>tamen</strong></span> 
     </span>
     <span class='ocr_line' id='line_1_11' title="bbox 145 777 859 822; baseline 0 -8"><span class='ocrx_word' id='word_1_57' title='bbox 145 777 400 814; x_wconf 68' lang='lat' dir='ltr'><strong>eruditissimus</strong></span> <span class='ocrx_word' id='word_1_58' title='bbox 428 778 639 822; x_wconf 73' lang='lat' dir='ltr'>Gronovius,</span> <span class='ocrx_word' id='word_1_59' title='bbox 667 780 758 814; x_wconf 78' lang='lat' dir='ltr'><strong>Hinc</strong></span> <span class='ocrx_word' id='word_1_60' title='bbox 787 791 859 814; x_wconf 75' lang='lat' dir='ltr'><strong>con-</strong></span> 
     </span>
     <span class='ocr_line' id='line_1_12' title="bbox 142 828 861 875; baseline 0.007 -13"><span class='ocrx_word' id='word_1_61' title='bbox 142 828 434 871; x_wconf 71' lang='lat' dir='ltr'><strong>apirataefaetionis</strong></span> <span class='ocrx_word' id='word_1_62' title='bbox 441 830 601 872; x_wconf 66' lang='lat' dir='ltr'><strong>partibus,</strong></span> <span class='ocrx_word' id='word_1_63' title='bbox 612 831 738 875; x_wconf 77' lang='lat' dir='ltr'><strong>legere,</strong></span> <span class='ocrx_word' id='word_1_64' title='bbox 745 837 784 866; x_wconf 90' lang='lat' dir='ltr'><strong>ut</strong></span> <span class='ocrx_word' id='word_1_65' title='bbox 797 842 861 875; x_wconf 89' lang='lat' dir='ltr'><strong>per</strong></span> 
     </span>
     <span class='ocr_line' id='line_1_13' title="bbox 145 879 859 924; baseline 0.007 -13"><span class='ocrx_word' id='word_1_66' title='bbox 145 879 265 915; x_wconf 75' lang='lat' dir='ltr'><strong>literas</strong></span> <span class='ocrx_word' id='word_1_67' title='bbox 284 879 506 924; x_wconf 69' lang='lat' dir='ltr'><strong>significavit.</strong></span> <span class='ocrx_word' id='word_1_68' title='bbox 530 882 653 924; x_wconf 69' lang='lat' dir='ltr'><strong>Scheff.</strong></span> <span class='ocrx_word' id='word_1_69' title='bbox 700 884 859 918; x_wconf 85' lang='lat' dir='ltr'><strong>Justiuus</strong></span> 
     </span>
     <span class='ocr_line' id='line_1_14' title="bbox 144 932 859 981; baseline 0.004 -17"><span class='ocrx_word' id='word_1_70' title='bbox 144 940 206 964; x_wconf 80' lang='grc' dir='ltr'><strong>ιιι.</strong></span> <span class='ocrx_word' id='word_1_71' title='bbox 230 941 262 965; x_wconf 87' lang='lat' dir='ltr'><strong>c.</strong></span> <span class='ocrx_word' id='word_1_72' title='bbox 276 935 310 966; x_wconf 81' lang='lat'><strong>5.</strong></span> <span class='ocrx_word' id='word_1_73' title='bbox 340 932 351 950; x_wconf 92' lang='lat'>‘</span> <span class='ocrx_word' id='word_1_74' title='bbox 366 941 409 967; x_wconf 83' lang='lat' dir='ltr'><strong>eo</strong></span> <span class='ocrx_word' id='word_1_75' title='bbox 436 933 668 976; x_wconf 68' lang='lat' dir='ltr'><strong>campis-atius</strong></span> <span class='ocrx_word' id='word_1_76' title='bbox 686 934 740 981; x_wconf 28' lang='lat' dir='ltr'><strong>*ad</strong></span> <span class='ocrx_word' id='word_1_77' title='bbox 764 945 859 967; x_wconf 89' lang='lat' dir='ltr'><strong>arma</strong></span> 
     </span>
     <span class='ocr_line' id='line_1_15' title="bbox 144 983 858 1021; baseline 0.004 -5"><span class='ocrx_word' id='word_1_78' title='bbox 144 983 321 1021; x_wconf 39' lang='lat' dir='ltr'><strong>currunt-&#39;7</strong></span> <span class='ocrx_word' id='word_1_79' title='bbox 338 984 410 1019; x_wconf 84' lang='lat' dir='ltr'><strong>Qui</strong></span> <span class='ocrx_word' id='word_1_80' title='bbox 421 985 518 1018; x_wconf 84' lang='lat' dir='ltr'><strong>locus</strong></span> <span class='ocrx_word' id='word_1_81' title='bbox 530 986 620 1018; x_wconf 87' lang='lat' dir='ltr'><strong>male</strong></span> <span class='ocrx_word' id='word_1_82' title='bbox 633 985 736 1018; x_wconf 83' lang='lat' dir='ltr'><strong>variis</strong></span> <span class='ocrx_word' id='word_1_83' title='bbox 747 986 858 1019; x_wconf 86' lang='lat' dir='ltr'><strong>modis</strong></span> 
     </span>
     <span class='ocr_line' id='line_1_16' title="bbox 144 1036 858 1071; baseline 0.003 -2"><span class='ocrx_word' id='word_1_84' title='bbox 144 1039 316 1070; x_wconf 79' lang='lat' dir='ltr'><strong>tentatur.</strong></span> <span class='ocrx_word' id='word_1_85' title='bbox 350 1036 448 1070; x_wconf 86' lang='lat' dir='ltr'><strong>Suet.</strong></span> <span class='ocrx_word' id='word_1_86' title='bbox 470 1036 561 1070; x_wconf 82' lang='lat' dir='ltr'><strong>Caes.</strong></span> <span class='ocrx_word' id='word_1_87' title='bbox 574 1039 629 1070; x_wconf 86' lang='grc'><strong>82.</strong></span> <span class='ocrx_word' id='word_1_88' title='bbox 667 1039 677 1056; x_wconf 80' lang='lat'><strong>⁴</strong></span> <span class='ocrx_word' id='word_1_89' title='bbox 694 1037 858 1071; x_wconf 83' lang='lat' dir='ltr'><strong>Assiden-</strong></span> 
     </span>
     <span class='ocr_line' id='line_1_17' title="bbox 143 1087 856 1130; baseline 0.006 -11"><span class='ocrx_word' id='word_1_90' title='bbox 143 1090 216 1120; x_wconf 84' lang='lat' dir='ltr'><strong>tem</strong></span> <span class='ocrx_word' id='word_1_91' title='bbox 229 1087 424 1130; x_wconf 68' lang='lat' dir='ltr'>conspirati</span> <span class='ocrx_word' id='word_1_92' title='bbox 445 1088 564 1130; x_wconf 80' lang='lat' dir='ltr'><strong>specie</strong></span> <span class='ocrx_word' id='word_1_93' title='bbox 585 1087 690 1122; x_wconf 85' lang='lat' dir='ltr'><strong>officii</strong></span> <span class='ocrx_word' id='word_1_94' title='bbox 711 1089 856 1123; x_wconf 84' lang='lat' dir='ltr'><strong>circum·</strong></span> 
     </span>
     <span class='ocr_line' id='line_1_18' title="bbox 145 1137 856 1183; baseline 0.006 -13"><span class='ocrx_word' id='word_1_95' title='bbox 145 1137 300 1172; x_wconf 58' lang='lat' dir='ltr'><strong>steten-2²</strong></span> <span class='ocrx_word' id='word_1_96' title='bbox 349 1137 473 1182; x_wconf 77' lang='lat' dir='ltr'><strong>Dictys</strong></span> <span class='ocrx_word' id='word_1_97' title='bbox 505 1139 697 1183; x_wconf 88' lang='lat' dir='ltr'><strong>Cretensis,</strong></span> <span class='ocrx_word' id='word_1_98' title='bbox 719 1141 780 1174; x_wconf 89' lang='lat' dir='ltr'><strong>lib.</strong></span> <span class='ocrx_word' id='word_1_99' title='bbox 803 1151 856 1176; x_wconf 78' lang='lat' dir='ltr'><strong>vx.</strong></span> 
     </span>
     <span class='ocr_line' id='line_1_19' title="bbox 141 1188 856 1237; baseline 0.011 -16"><span class='ocrx_word' id='word_1_100' title='bbox 141 1188 297 1237; x_wconf 57' lang='lat' dir='ltr'><strong>Pltaqae</strong></span> <span class='ocrx_word' id='word_1_101' title='bbox 333 1191 526 1234; x_wconf 76' lang='lat' dir='ltr'><strong>conspirati</strong></span> <span class='ocrx_word' id='word_1_102' title='bbox 563 1193 657 1227; x_wconf 82' lang='lat' dir='ltr'><strong>iuter</strong></span> <span class='ocrx_word' id='word_1_103' title='bbox 703 1204 741 1228; x_wconf 84' lang='lat' dir='ltr'><strong>se</strong></span> <span class='ocrx_word' id='word_1_104' title='bbox 777 1205 856 1228; x_wconf 91' lang='lat' dir='ltr'><strong>cum</strong></span> 
     </span>
     <span class='ocr_line' id='line_1_20' title="bbox 140 1242 856 1285; baseline 0.01 -12"><span class='ocrx_word' id='word_1_105' title='bbox 140 1249 270 1284; x_wconf 73' lang='lat' dir='ltr'><strong>magna</strong></span> <span class='ocrx_word' id='word_1_106' title='bbox 281 1250 384 1278; x_wconf 76' lang='lat' dir='ltr'><strong>manu</strong></span> <span class='ocrx_word' id='word_1_107' title='bbox 405 1242 574 1285; x_wconf 79' lang='lat' dir='ltr'><strong>Mycenas</strong></span> <span class='ocrx_word' id='word_1_108' title='bbox 597 1245 761 1279; x_wconf 63' lang='lat' dir='ltr'><strong>veniunt?</strong></span> <span class='ocrx_word' id='word_1_109' title='bbox 797 1247 856 1280; x_wconf 89' lang='lat' dir='ltr'><strong>Sic</strong></span> 
     </span>
     <span class='ocr_line' id='line_1_21' title="bbox 141 1292 857 1338; baseline 0.01 -12"><span class='ocrx_word' id='word_1_110' title='bbox 141 1292 187 1326; x_wconf 80' lang='lat' dir='ltr'><strong>V.</strong></span> <span class='ocrx_word' id='word_1_111' title='bbox 198 1292 239 1327; x_wconf 84' lang='lat' dir='ltr'><strong>C.</strong></span> <span class='ocrx_word' id='word_1_112' title='bbox 250 1302 319 1327; x_wconf 87' lang='lat' dir='ltr'><strong>non</strong></span> <span class='ocrx_word' id='word_1_113' title='bbox 329 1295 521 1338; x_wconf 69' lang='lat' dir='ltr'><strong>conspirato.</strong></span> <span class='ocrx_word' id='word_1_114' title='bbox 537 1297 660 1331; x_wconf 79' lang='lat' dir='ltr'><strong>Heius.</strong></span> <span class='ocrx_word' id='word_1_115' title='bbox 695 1299 857 1333; x_wconf 88' lang='lat' dir='ltr'><strong>Claudia·</strong></span> 
     </span>
     <span class='ocr_line' id='line_1_22' title="bbox 141 1344 857 1394; baseline 0.011 -18"><span class='ocrx_word' id='word_1_116' title='bbox 141 1352 207 1376; x_wconf 83' lang='lat' dir='ltr'><strong>nus</strong></span> <span class='ocrx_word' id='word_1_117' title='bbox 219 1344 314 1379; x_wconf 83' lang='lat' dir='ltr'><strong>Bell.</strong></span> <span class='ocrx_word' id='word_1_118' title='bbox 327 1345 402 1380; x_wconf 84' lang='lat' dir='ltr'><strong>Gil.</strong></span> <span class='ocrx_word' id='word_1_119' title='bbox 415 1349 491 1381; x_wconf 73' lang='lat'><strong>318.</strong></span> <span class='ocrx_word' id='word_1_120' title='bbox 507 1352 547 1382; x_wconf 91' lang='lat' dir='ltr'><strong>ut</strong></span> <span class='ocrx_word' id='word_1_121' title='bbox 561 1348 598 1381; x_wconf 87' lang='lat' dir='ltr'><strong>iu</strong></span> <span class='ocrx_word' id='word_1_122' title='bbox 613 1349 699 1383; x_wconf 70' lang='lat' dir='ltr'><strong>Mus.</strong></span> <span class='ocrx_word' id='word_1_123' title='bbox 714 1350 857 1394; x_wconf 85' lang='lat' dir='ltr'><strong>legitur,</strong></span> 
     </span>
     <span class='ocr_line' id='line_1_23' title="bbox 141 1394 855 1447; baseline 0.01 -17"><span class='ocrx_word' id='word_1_124' title='bbox 141 1395 152 1414; x_wconf 91' lang='lat'>‘</span> <span class='ocrx_word' id='word_1_125' title='bbox 166 1394 241 1431; x_wconf 77' lang='lat' dir='ltr'><strong>Vei</strong></span> <span class='ocrx_word' id='word_1_126' title='bbox 263 1397 470 1441; x_wconf 69' lang='lat' dir='ltr'><strong>conspiratis</strong></span> <span class='ocrx_word' id='word_1_127' title='bbox 488 1400 624 1443; x_wconf 65' lang='lat' dir='ltr'><strong>&gt;opibus</strong></span> <span class='ocrx_word' id='word_1_128' title='bbox 643 1401 855 1447; x_wconf 89' lang='lat' dir='ltr'><strong>junctosque</strong></span> 
     </span>
     <span class='ocr_line' id='line_1_24' title="bbox 140 1447 855 1490; baseline 0.011 -9"><span class='ocrx_word' id='word_1_129' title='bbox 140 1447 328 1483; x_wconf 77' lang='lat' dir='ltr'><strong>tulissent..’</strong></span> <span class='ocrx_word' id='word_1_130' title='bbox 393 1449 509 1486; x_wconf 84' lang='lat' dir='ltr'><strong>Amm.</strong></span> <span class='ocrx_word' id='word_1_131' title='bbox 538 1452 685 1486; x_wconf 80' lang='lat' dir='ltr'><strong>Marcel.</strong></span> <span class='ocrx_word' id='word_1_132' title='bbox 723 1463 786 1489; x_wconf 86' lang='lat' dir='ltr'><strong>xv.</strong></span> <span class='ocrx_word' id='word_1_133' title='bbox 822 1458 855 1490; x_wconf 78' lang='lat'><strong>4.</strong></span> 
     </span>
     <span class='ocr_line' id='line_1_25' title="bbox 141 1499 855 1546; baseline 0.004 -10"><span class='ocrx_word' id='word_1_134' title='bbox 141 1499 153 1517; x_wconf 90' lang='lat'>‘</span> <span class='ocrx_word' id='word_1_135' title='bbox 169 1508 289 1541; x_wconf 77' lang='lat' dir='ltr'><strong>omnes</strong></span> <span class='ocrx_word' id='word_1_136' title='bbox 323 1510 402 1535; x_wconf 77' lang='lat' dir='ltr'><strong>suos</strong></span> <span class='ocrx_word' id='word_1_137' title='bbox 439 1503 649 1546; x_wconf 72' lang='lat' dir='ltr'><strong>conspiratis</strong></span> <span class='ocrx_word' id='word_1_138' title='bbox 683 1506 855 1540; x_wconf 88' lang='lat' dir='ltr'><strong>mentibus</strong></span> 
     </span>
     <span class='ocr_line' id='line_1_26' title="bbox 141 1550 857 1596; baseline 0.008 -12"><span class='ocrx_word' id='word_1_139' title='bbox 141 1550 280 1593; x_wconf 74' lang='lat' dir='ltr'><strong>ciebant</strong></span> <span class='ocrx_word' id='word_1_140' title='bbox 319 1552 381 1586; x_wconf 51' lang='lat' dir='ltr'><strong>ad&gt;</strong></span> <span class='ocrx_word' id='word_1_141' title='bbox 401 1554 576 1596; x_wconf 60' lang='lat' dir='ltr'><strong>pugnam?</strong></span> <span class='ocrx_word' id='word_1_142' title='bbox 606 1563 688 1588; x_wconf 85' lang='lat' dir='ltr'><strong>xxr.</strong></span> <span class='ocrx_word' id='word_1_143' title='bbox 714 1560 747 1589; x_wconf 86' lang='lat'><strong>5.</strong></span> <span class='ocrx_word' id='word_1_144' title='bbox 787 1557 798 1574; x_wconf 91' lang='lat'>‘</span> <span class='ocrx_word' id='word_1_145' title='bbox 818 1557 857 1590; x_wconf 87' lang='lat' dir='ltr'><strong>in</strong></span> 
     </span>
     <span class='ocr_line' id='line_1_27' title="bbox 142 1602 857 1651; baseline 0.007 -15"><span class='ocrx_word' id='word_1_146' title='bbox 142 1602 337 1639; x_wconf 67' lang='lat' dir='ltr'>crebritate</span> <span class='ocrx_word' id='word_1_147' title='bbox 357 1603 528 1638; x_wconf 84' lang='lat' dir='ltr'><strong>bellorum</strong></span> <span class='ocrx_word' id='word_1_148' title='bbox 546 1611 670 1640; x_wconf 86' lang='lat' dir='ltr'><strong>contra</strong></span> <span class='ocrx_word' id='word_1_149' title='bbox 680 1608 857 1651; x_wconf 88' lang='lat' dir='ltr'><strong>conspira-</strong></span> 
     </span>
     <span class='ocr_line' id='line_1_28' title="bbox 141 1655 858 1700; baseline 0.007 -12"><span class='ocrx_word' id='word_1_150' title='bbox 141 1659 198 1688; x_wconf 80' lang='lat' dir='ltr'><strong>tas</strong></span> <span class='ocrx_word' id='word_1_151' title='bbox 219 1655 376 1699; x_wconf 71' lang='lat' dir='ltr'><strong>gentium</strong></span> <span class='ocrx_word' id='word_1_152' title='bbox 405 1656 524 1700; x_wconf 81' lang='lat' dir='ltr'><strong>copias</strong></span> <span class='ocrx_word' id='word_1_153' title='bbox 551 1658 790 1693; x_wconf 88' lang='lat' dir='ltr'><strong>consideratus</strong></span> <span class='ocrx_word' id='word_1_154' title='bbox 819 1665 858 1694; x_wconf 91' lang='lat' dir='ltr'><strong>et</strong></span> 
     </span>
     <span class='ocr_line' id='line_1_29' title="bbox 141 1705 857 1754; baseline 0.01 -15"><span class='ocrx_word' id='word_1_155' title='bbox 141 1705 290 1745; x_wconf 58' lang='lat' dir='ltr'><strong>cautus?</strong></span> <span class='ocrx_word' id='word_1_156' title='bbox 321 1707 453 1747; x_wconf 78' lang='lat' dir='ltr'><strong>Tertul.</strong></span> <span class='ocrx_word' id='word_1_157' title='bbox 472 1708 520 1741; x_wconf 83' lang='lat' dir='ltr'><strong>de</strong></span> <span class='ocrx_word' id='word_1_158' title='bbox 534 1709 698 1753; x_wconf 88' lang='lat' dir='ltr'><strong>Spectac.</strong></span> <span class='ocrx_word' id='word_1_159' title='bbox 713 1721 791 1754; x_wconf 85' lang='lat' dir='ltr'><strong>cap.</strong></span> <span class='ocrx_word' id='word_1_160' title='bbox 803 1715 857 1746; x_wconf 85' lang='lat'><strong>1⁰.</strong></span> 
     </span>
     <span class='ocr_line' id='line_1_30' title="bbox 139 1756 858 1804; baseline 0.008 -13"><span class='ocrx_word' id='word_1_161' title='bbox 139 1757 152 1776; x_wconf 89' lang='lat'>‘</span> <span class='ocrx_word' id='word_1_162' title='bbox 169 1756 238 1793; x_wconf 85' lang='lat' dir='ltr'><strong>duo</strong></span> <span class='ocrx_word' id='word_1_163' title='bbox 271 1757 340 1793; x_wconf 78' lang='lat' dir='ltr'><strong>ista</strong></span> <span class='ocrx_word' id='word_1_164' title='bbox 374 1758 560 1795; x_wconf 65' lang='lat' dir='ltr'><strong>Damonis</strong></span> <span class='ocrx_word' id='word_1_165' title='bbox 587 1762 787 1804; x_wconf 86' lang='lat' dir='ltr'><strong>conspirata</strong></span> <span class='ocrx_word' id='word_1_166' title='bbox 819 1768 858 1797; x_wconf 92' lang='lat' dir='ltr'><strong>et</strong></span> 
     </span>
     <span class='ocr_line' id='line_1_31' title="bbox 139 1809 856 1855; baseline 0.006 -12"><span class='ocrx_word' id='word_1_167' title='bbox 139 1809 324 1852; x_wconf 77' lang='lat' dir='ltr'><strong>conjurata</strong></span> <span class='ocrx_word' id='word_1_168' title='bbox 335 1809 430 1844; x_wconf 87' lang='lat' dir='ltr'><strong>inter</strong></span> <span class='ocrx_word' id='word_1_169' title='bbox 446 1821 484 1844; x_wconf 82' lang='lat' dir='ltr'><strong>se</strong></span> <span class='ocrx_word' id='word_1_170' title='bbox 505 1816 600 1855; x_wconf 88' lang='lat' dir='ltr'><strong>sunt,</strong></span> <span class='ocrx_word' id='word_1_171' title='bbox 623 1812 805 1847; x_wconf 75' lang='lat' dir='ltr'><strong>ebrietatis</strong></span> <span class='ocrx_word' id='word_1_172' title='bbox 819 1819 856 1848; x_wconf 88' lang='lat' dir='ltr'><strong>et</strong></span> 
     </span>
     <span class='ocr_line' id='line_1_32' title="bbox 139 1859 649 1907; baseline 0 -14"><span class='ocrx_word' id='word_1_173' title='bbox 139 1859 312 1905; x_wconf 65' lang='lat' dir='ltr'><strong>libidinfn:</strong></span> <span class='ocrx_word' id='word_1_174' title='bbox 337 1862 458 1904; x_wconf 64' lang='lat' dir='ltr'><strong>Bm.</strong></span> <span class='ocrx_word' id='word_1_175' title='bbox 568 1888 572 1893; x_wconf 88' lang='lat'><strong>.</strong></span> <span class='ocrx_word' id='word_1_176' title='bbox 647 1905 649 1907; x_wconf 17' lang='lat' dir='ltr'>v</span> 
     </span>
    </p>

    <p class='ocr_par' dir='ltr' id='par_1_5' title="bbox 138 1912 855 2307">
     <span class='ocr_line' id='line_1_33' title="bbox 185 1912 855 1959; baseline 0.006 -13"><span class='ocrx_word' id='word_1_177' title='bbox 185 1912 571 1956; x_wconf 61' lang='lat' dir='ltr'><strong>conspiratum-tionum</strong></span> <span class='ocrx_word' id='word_1_178' title='bbox 579 1916 744 1959; x_wconf 76' lang='lat' dir='ltr'><strong>partibus]</strong></span> <span class='ocrx_word' id='word_1_179' title='bbox 773 1918 855 1950; x_wconf 77' lang='lat' dir='ltr'><strong>Con-</strong></span> 
     </span>
     <span class='ocr_line' id='line_1_34' title="bbox 138 1963 855 2010; baseline 0.007 -13"><span class='ocrx_word' id='word_1_180' title='bbox 138 1963 284 2007; x_wconf 61' lang='lat' dir='ltr'><strong>spiratis,</strong></span> <span class='ocrx_word' id='word_1_181' title='bbox 307 1966 422 1999; x_wconf 81' lang='lat' dir='ltr'><strong>active</strong></span> <span class='ocrx_word' id='word_1_182' title='bbox 431 1966 572 2009; x_wconf 77' lang='lat' dir='ltr'><strong>accipe,</strong></span> <span class='ocrx_word' id='word_1_183' title='bbox 587 1977 665 2010; x_wconf 86' lang='lat' dir='ltr'><strong>pro,</strong></span> <span class='ocrx_word' id='word_1_184' title='bbox 678 1977 758 2001; x_wconf 89' lang='lat' dir='ltr'><strong>cum</strong></span> <span class='ocrx_word' id='word_1_185' title='bbox 774 1978 855 2002; x_wconf 89' lang='lat' dir='ltr'><strong>con-</strong></span> 
     </span>
     <span class='ocr_line' id='line_1_35' title="bbox 139 2016 855 2062; baseline 0.006 -13"><span class='ocrx_word' id='word_1_186' title='bbox 139 2016 329 2059; x_wconf 67' lang='lat' dir='ltr'><strong>spirassent</strong></span> <span class='ocrx_word' id='word_1_187' title='bbox 348 2022 479 2061; x_wconf 85' lang='lat' dir='ltr'><strong>partes.</strong></span> <span class='ocrx_word' id='word_1_188' title='bbox 521 2018 580 2052; x_wconf 91' lang='lat' dir='ltr'><strong>Sic</strong></span> <span class='ocrx_word' id='word_1_189' title='bbox 594 2023 718 2062; x_wconf 73' lang='lat' dir='ltr'><strong>metu,</strong></span> <span class='ocrx_word' id='word_1_190' title='bbox 735 2030 798 2062; x_wconf 89' lang='lat' dir='ltr'><strong>pro</strong></span> <span class='ocrx_word' id='word_1_191' title='bbox 813 2029 855 2054; x_wconf 88' lang='lat' dir='ltr'><strong>eo</strong></span> 
     </span>
     <span class='ocr_line' id='line_1_36' title="bbox 140 2067 855 2112; baseline 0.006 -13"><span class='ocrx_word' id='word_1_192' title='bbox 140 2067 201 2110; x_wconf 91' lang='lat' dir='ltr'><strong>qni</strong></span> <span class='ocrx_word' id='word_1_193' title='bbox 216 2067 335 2101; x_wconf 80' lang='lat' dir='ltr'><strong>venit:</strong></span> <span class='ocrx_word' id='word_1_194' title='bbox 354 2077 509 2110; x_wconf 71' lang='lat' dir='ltr'><strong>mmm,</strong></span> <span class='ocrx_word' id='word_1_195' title='bbox 534 2069 569 2101; x_wconf 92' lang='lat' dir='ltr'><strong>id</strong></span> <span class='ocrx_word' id='word_1_196' title='bbox 592 2074 658 2108; x_wconf 84' lang='lat' dir='ltr'><strong>est,</strong></span> <span class='ocrx_word' id='word_1_197' title='bbox 681 2080 759 2112; x_wconf 80' lang='lat' dir='ltr'><strong>quae</strong></span> <span class='ocrx_word' id='word_1_198' title='bbox 779 2080 855 2103; x_wconf 86' lang='lat' dir='ltr'><strong>suc-</strong></span> 
     </span>
     <span class='ocr_line' id='line_1_37' title="bbox 141 2118 855 2163; baseline 0.006 -12"><span class='ocrx_word' id='word_1_199' title='bbox 141 2122 343 2159; x_wconf 76' lang='lat' dir='ltr'><strong>cesserunt3</strong></span> <span class='ocrx_word' id='word_1_200' title='bbox 377 2118 543 2160; x_wconf 72' lang='lat' dir='ltr'><strong>discum,</strong></span> <span class='ocrx_word' id='word_1_201' title='bbox 579 2119 654 2163; x_wconf 82' lang='lat' dir='ltr'><strong>qui&#39;</strong></span> <span class='ocrx_word' id='word_1_202' title='bbox 674 2120 855 2162; x_wconf 74' lang='lat' dir='ltr'><strong>discessit3</strong></span> 
     </span>
     <span class='ocr_line' id='line_1_38' title="bbox 138 2172 855 2215; baseline 0.006 -12"><span class='ocrx_word' id='word_1_203' title='bbox 138 2174 325 2213; x_wconf 65' lang='lat' dir='ltr'><strong>antecessus,</strong></span> <span class='ocrx_word' id='word_1_204' title='bbox 344 2180 409 2213; x_wconf 89' lang='lat' dir='ltr'><strong>pro</strong></span> <span class='ocrx_word' id='word_1_205' title='bbox 432 2181 475 2205; x_wconf 92' lang='lat' dir='ltr'><strong>eo</strong></span> <span class='ocrx_word' id='word_1_206' title='bbox 493 2172 554 2215; x_wconf 87' lang='lat' dir='ltr'><strong>qui</strong></span> <span class='ocrx_word' id='word_1_207' title='bbox 575 2173 775 2214; x_wconf 71' lang='lat' dir='ltr'><strong>antecessit,</strong></span> <span class='ocrx_word' id='word_1_208' title='bbox 789 2176 855 2207; x_wconf 60' lang='lat' dir='ltr'><strong>&amp;tn</strong></span> 
     </span>
     <span class='ocr_line' id='line_1_39' title="bbox 140 2221 854 2267; baseline 0.006 -13"><span class='ocrx_word' id='word_1_209' title='bbox 140 2221 231 2261; x_wconf 69' lang='lat' dir='ltr'><strong>Vide</strong></span> <span class='ocrx_word' id='word_1_210' title='bbox 242 2221 429 2257; x_wconf 84' lang='lat' dir='ltr'><strong>Verisimil.</strong></span> <span class='ocrx_word' id='word_1_211' title='bbox 450 2222 495 2258; x_wconf 83' lang='lat' dir='ltr'><strong>G.</strong></span> <span class='ocrx_word' id='word_1_212' title='bbox 510 2223 676 2267; x_wconf 84' lang='lat' dir='ltr'><strong>Schoppii</strong></span> <span class='ocrx_word' id='word_1_213' title='bbox 690 2224 748 2258; x_wconf 88' lang='lat' dir='ltr'><strong>lib.</strong></span> <span class='ocrx_word' id='word_1_214' title='bbox 764 2234 806 2258; x_wconf 85' lang='grc' dir='ltr'><strong>ιι.</strong></span> <span class='ocrx_word' id='word_1_215' title='bbox 821 2228 854 2258; x_wconf 87' lang='grc'><strong>2.</strong></span> 
     </span>
     <span class='ocr_line' id='line_1_40' title="bbox 142 2273 232 2307; baseline -0.022 0"><span class='ocrx_word' id='word_1_216' title='bbox 142 2273 232 2307; x_wconf 71' lang='lat' dir='ltr'><strong>Rite.</strong></span> 
     </span>
    </p>

    <p class='ocr_par' dir='ltr' id='par_1_6' title="bbox 136 2325 855 2832">
     <span class='ocr_line' id='line_1_41' title="bbox 185 2325 855 2371; baseline 0.007 -14"><span class='ocrx_word' id='word_1_217' title='bbox 185 2325 387 2368; x_wconf 73' lang='lat' dir='ltr'><strong>conspiratis</strong></span> <span class='ocrx_word' id='word_1_218' title='bbox 389 2325 571 2366; x_wconf 75' lang='lat' dir='ltr'><strong>factionum</strong></span> <span class='ocrx_word' id='word_1_219' title='bbox 586 2328 747 2371; x_wconf 74' lang='lat' dir='ltr'><strong>portibus]</strong></span> <span class='ocrx_word' id='word_1_220' title='bbox 778 2329 855 2362; x_wconf 87' lang='lat' dir='ltr'><strong>Viri</strong></span> 
     </span>
     <span class='ocr_line' id='line_1_42' title="bbox 138 2375 855 2423; baseline 0.003 -11"><span class='ocrx_word' id='word_1_221' title='bbox 138 2375 234 2416; x_wconf 71' lang='lat' dir='ltr'><strong>docti</strong></span> <span class='ocrx_word' id='word_1_222' title='bbox 247 2377 430 2419; x_wconf 84' lang='lat' dir='ltr'><strong>explicant</strong></span> <span class='ocrx_word' id='word_1_223' title='bbox 443 2378 499 2412; x_wconf 84' lang='lat' dir='ltr'><strong>hic</strong></span> <span class='ocrx_word' id='word_1_224' title='bbox 511 2379 684 2422; x_wconf 70' lang='lat' dir='ltr'><strong>conspirati</strong></span> <span class='ocrx_word' id='word_1_225' title='bbox 699 2381 757 2423; x_wconf 85' lang='lat' dir='ltr'><strong>qui</strong></span> <span class='ocrx_word' id='word_1_226' title='bbox 774 2391 855 2414; x_wconf 89' lang='lat' dir='ltr'><strong>con-</strong></span> 
     </span>
     <span class='ocr_line' id='line_1_43' title="bbox 138 2428 855 2473; baseline 0.004 -12"><span class='ocrx_word' id='word_1_227' title='bbox 138 2428 371 2470; x_wconf 75' lang='lat' dir='ltr'><strong>spiraverant:</strong></span> <span class='ocrx_word' id='word_1_228' title='bbox 385 2428 478 2472; x_wconf 86' lang='lat' dir='ltr'><strong>quod</strong></span> <span class='ocrx_word' id='word_1_229' title='bbox 489 2430 558 2462; x_wconf 88' lang='lat' dir='ltr'><strong>etsi</strong></span> <span class='ocrx_word' id='word_1_230' title='bbox 570 2430 741 2465; x_wconf 80' lang='lat' dir='ltr'><strong>Latinitas</strong></span> <span class='ocrx_word' id='word_1_231' title='bbox 751 2430 855 2473; x_wconf 84' lang='lat' dir='ltr'><strong>ferat,</strong></span> 
     </span>
     <span class='ocr_line' id='line_1_44' title="bbox 138 2479 855 2523; baseline 0.006 -11"><span class='ocrx_word' id='word_1_232' title='bbox 138 2484 176 2513; x_wconf 88' lang='lat' dir='ltr'><strong>et</strong></span> <span class='ocrx_word' id='word_1_233' title='bbox 207 2479 283 2514; x_wconf 82' lang='lat' dir='ltr'><strong>aliis</strong></span> <span class='ocrx_word' id='word_1_234' title='bbox 302 2479 338 2512; x_wconf 91' lang='lat' dir='ltr'><strong>in</strong></span> <span class='ocrx_word' id='word_1_235' title='bbox 364 2480 452 2513; x_wconf 88' lang='lat' dir='ltr'><strong>locis</strong></span> <span class='ocrx_word' id='word_1_236' title='bbox 476 2481 681 2523; x_wconf 86' lang='lat' dir='ltr'><strong>concedam,</strong></span> <span class='ocrx_word' id='word_1_237' title='bbox 704 2482 761 2516; x_wconf 85' lang='lat' dir='ltr'><strong>hic</strong></span> <span class='ocrx_word' id='word_1_238' title='bbox 786 2492 855 2516; x_wconf 90' lang='lat' dir='ltr'><strong>non</strong></span> 
     </span>
     <span class='ocr_line' id='line_1_45' title="bbox 138 2531 855 2577; baseline 0.006 -12"><span class='ocrx_word' id='word_1_239' title='bbox 138 2531 244 2566; x_wconf 80' lang='lat' dir='ltr'><strong>habet</strong></span> <span class='ocrx_word' id='word_1_240' title='bbox 269 2532 396 2565; x_wconf 89' lang='lat' dir='ltr'><strong>locum.</strong></span> <span class='ocrx_word' id='word_1_241' title='bbox 458 2533 649 2576; x_wconf 72' lang='lat' dir='ltr'><strong>conspirare</strong></span> <span class='ocrx_word' id='word_1_242' title='bbox 679 2533 715 2566; x_wconf 89' lang='lat' dir='ltr'><strong>in</strong></span> <span class='ocrx_word' id='word_1_243' title='bbox 745 2535 855 2577; x_wconf 86' lang='lat' dir='ltr'><strong>prima</strong></span> 
     </span>
     <span class='ocr_line' id='line_1_46' title="bbox 138 2583 854 2629; baseline 0.004 -12"><span class='ocrx_word' id='word_1_244' title='bbox 138 2583 279 2618; x_wconf 85' lang='lat' dir='ltr'><strong>notione</strong></span> <span class='ocrx_word' id='word_1_245' title='bbox 309 2583 494 2627; x_wconf 78' lang='lat' dir='ltr'><strong>significat,</strong></span> <span class='ocrx_word' id='word_1_246' title='bbox 526 2589 568 2618; x_wconf 88' lang='lat' dir='ltr'><strong>ut</strong></span> <span class='ocrx_word' id='word_1_247' title='bbox 601 2585 678 2628; x_wconf 85' lang='lat' dir='ltr'><strong>ejus</strong></span> <span class='ocrx_word' id='word_1_248' title='bbox 708 2586 854 2629; x_wconf 81' lang='lat' dir='ltr'><strong>simplex</strong></span> 
     </span>
     <span class='ocr_line' id='line_1_47' title="bbox 136 2633 854 2678; baseline 0.007 -11"><span class='ocrx_word' id='word_1_249' title='bbox 136 2633 383 2677; x_wconf 47' lang='lat' dir='ltr'><strong>amq-flare,</strong></span> <span class='ocrx_word' id='word_1_250' title='bbox 396 2634 561 2678; x_wconf 88' lang='lat' dir='ltr'><strong>conflare,</strong></span> <span class='ocrx_word' id='word_1_251' title='bbox 580 2642 618 2670; x_wconf 88' lang='lat' dir='ltr'><strong>et</strong></span> <span class='ocrx_word' id='word_1_252' title='bbox 633 2641 689 2670; x_wconf 88' lang='lat' dir='ltr'><strong>est</strong></span> <span class='ocrx_word' id='word_1_253' title='bbox 708 2638 854 2672; x_wconf 79' lang='lat' dir='ltr'><strong>verbum</strong></span> 
     </span>
     <span class='ocr_line' id='line_1_48' title="bbox 139 2685 855 2732; baseline 0.008 -13"><span class='ocrx_word' id='word_1_254' title='bbox 139 2685 303 2722; x_wconf 77' lang='lat' dir='ltr'><strong>activum.</strong></span> <span class='ocrx_word' id='word_1_255' title='bbox 351 2687 411 2721; x_wconf 90' lang='lat' dir='ltr'><strong>Sic</strong></span> <span class='ocrx_word' id='word_1_256' title='bbox 438 2687 533 2730; x_wconf 88' lang='lat' dir='ltr'><strong>apud</strong></span> <span class='ocrx_word' id='word_1_257' title='bbox 561 2688 659 2732; x_wconf 77' lang='lat' dir='ltr'><strong>virg.</strong></span> <span class='ocrx_word' id='word_1_258' title='bbox 683 2689 762 2723; x_wconf 83' lang='lat' dir='ltr'><strong>AEn.</strong></span> <span class='ocrx_word' id='word_1_259' title='bbox 786 2699 855 2725; x_wconf 82' lang='lat' dir='ltr'><strong>vu.</strong></span> 
     </span>
     <span class='ocr_line' id='line_1_49' title="bbox 138 2736 854 2782; baseline 0.006 -12"><span class='ocrx_word' id='word_1_260' title='bbox 138 2738 149 2756; x_wconf 90' lang='lat'>‘</span> <span class='ocrx_word' id='word_1_261' title='bbox 163 2736 334 2781; x_wconf 73' lang='lat' dir='ltr'><strong>AEreaque</strong></span> <span class='ocrx_word' id='word_1_262' title='bbox 348 2747 487 2771; x_wconf 78' lang='lat' dir='ltr'><strong>assensu</strong></span> <span class='ocrx_word' id='word_1_263' title='bbox 508 2740 710 2782; x_wconf 84' lang='lat' dir='ltr'><strong>conspirant</strong></span> <span class='ocrx_word' id='word_1_264' title='bbox 725 2750 854 2774; x_wconf 85' lang='lat' dir='ltr'><strong>cornua</strong></span> 
     </span>
     <span class='ocr_line' id='line_1_50' title="bbox 140 2787 853 2832; baseline 0.006 -11"><span class='ocrx_word' id='word_1_265' title='bbox 140 2787 267 2822; x_wconf 74' lang='lat' dir='ltr'><strong>rauco-⁹</strong></span> <span class='ocrx_word' id='word_1_266' title='bbox 303 2788 373 2822; x_wconf 87' lang='lat' dir='ltr'><strong>Ubi</strong></span> <span class='ocrx_word' id='word_1_267' title='bbox 393 2789 535 2822; x_wconf 78' lang='lat' dir='ltr'><strong>Servius</strong></span> <span class='ocrx_word' id='word_1_268' title='bbox 558 2794 668 2832; x_wconf 87' lang='lat' dir='ltr'><strong>notat,</strong></span> <span class='ocrx_word' id='word_1_269' title='bbox 688 2792 699 2810; x_wconf 89' lang='lat'>‘</span> <span class='ocrx_word' id='word_1_270' title='bbox 716 2801 794 2824; x_wconf 86' lang='lat' dir='ltr'><strong>nam</strong></span> <span class='ocrx_word' id='word_1_271' title='bbox 816 2796 853 2825; x_wconf 85' lang='lat' dir='ltr'><strong>et</strong></span> 
     </span>
    </p>
   </div>
   <div class='ocr_carea' id='block_1_5' title="bbox 83 2839 852 2882">
    <p class='ocr_par' dir='ltr' id='par_1_7' title="bbox 83 2839 852 2882">
     <span class='ocr_line' id='line_1_51' title="bbox 83 2839 852 2882; baseline 0.003 -9"><span class='ocrx_word' id='word_1_272' title='bbox 83 2844 92 2854; x_wconf 78' lang='grc'><em>’</em></span> <span class='ocrx_word' id='word_1_273' title='bbox 141 2840 234 2874; x_wconf 81' lang='lat' dir='ltr'><strong>tubae</strong></span> <span class='ocrx_word' id='word_1_274' title='bbox 260 2839 359 2873; x_wconf 82' lang='lat' dir='ltr'><strong>simul</strong></span> <span class='ocrx_word' id='word_1_275' title='bbox 387 2839 619 2882; x_wconf 83' lang='lat' dir='ltr'><strong>inflabantur,’</strong></span> <span class='ocrx_word' id='word_1_276' title='bbox 658 2843 707 2877; x_wconf 83' lang='lat' dir='ltr'><strong>ita</strong></span> <span class='ocrx_word' id='word_1_277' title='bbox 738 2848 774 2876; x_wconf 92' lang='lat' dir='ltr'><strong>ut</strong></span> <span class='ocrx_word' id='word_1_278' title='bbox 809 2853 852 2876; x_wconf 84' lang='lat' dir='ltr'><strong>ex</strong></span> 
     </span>
    </p>
   </div>
   <div class='ocr_carea' id='block_1_6' title="bbox 1541 209 1629 254">
    <p class='ocr_par' dir='ltr' id='par_1_8' title="bbox 1541 209 1629 254">
     <span class='ocr_line' id='line_1_52' title="bbox 1541 209 1629 254; baseline 0 0"><span class='ocrx_word' id='word_1_279' title='bbox 1541 209 1629 254; x_wconf 78' lang='lat'><strong>329</strong></span> 
     </span>
    </p>
   </div>
   <div class='ocr_carea' id='block_1_7' title="bbox 906 318 1631 1856">
    <p class='ocr_par' dir='ltr' id='par_1_9' title="bbox 906 318 1631 1856">
     <span class='ocr_line' id='line_1_53' title="bbox 915 318 1631 361; baseline -0.003 -9"><span class='ocrx_word' id='word_1_280' title='bbox 915 323 1033 352; x_wconf 86' lang='lat' dir='ltr'><strong>mente</strong></span> <span class='ocrx_word' id='word_1_281' title='bbox 1063 318 1176 352; x_wconf 87' lang='lat' dir='ltr'><strong>Servii</strong></span> <span class='ocrx_word' id='word_1_282' title='bbox 1212 318 1392 361; x_wconf 76' lang='lat' dir='ltr'><strong>conspirare</strong></span> <span class='ocrx_word' id='word_1_283' title='bbox 1417 327 1533 351; x_wconf 80' lang='lat' dir='ltr'><strong>cornua</strong></span> <span class='ocrx_word' id='word_1_284' title='bbox 1563 322 1631 360; x_wconf 82' lang='lat' dir='ltr'><strong>est,</strong></span> 
     </span>
     <span class='ocr_line' id='line_1_54' title="bbox 915 369 1628 412; baseline -0.001 -9"><span class='ocrx_word' id='word_1_285' title='bbox 915 370 1016 403; x_wconf 85' lang='lat' dir='ltr'><strong>tubas</strong></span> <span class='ocrx_word' id='word_1_286' title='bbox 1043 370 1142 406; x_wconf 78' lang='lat' dir='ltr'><strong>simul</strong></span> <span class='ocrx_word' id='word_1_287' title='bbox 1180 369 1312 403; x_wconf 85' lang='lat' dir='ltr'><strong>inflare.</strong></span> <span class='ocrx_word' id='word_1_288' title='bbox 1370 369 1430 403; x_wconf 84' lang='lat' dir='ltr'><strong>Ita</strong></span> <span class='ocrx_word' id='word_1_289' title='bbox 1463 370 1537 403; x_wconf 87' lang='lat' dir='ltr'><strong>Cic.</strong></span> <span class='ocrx_word' id='word_1_290' title='bbox 1565 379 1628 412; x_wconf 89' lang='lat' dir='ltr'><strong>pro</strong></span> 
     </span>
     <span class='ocr_line' id='line_1_55' title="bbox 912 421 1629 465; baseline -0.004 -9"><span class='ocrx_word' id='word_1_291' title='bbox 912 423 1030 464; x_wconf 77' lang='lat' dir='ltr'><strong>Ligar.</strong></span> <span class='ocrx_word' id='word_1_292' title='bbox 1067 423 1078 442; x_wconf 80' lang='lat'><strong>⁴</strong></span> <span class='ocrx_word' id='word_1_293' title='bbox 1093 422 1180 457; x_wconf 82' lang='lat' dir='ltr'><strong>Quis</strong></span> <span class='ocrx_word' id='word_1_294' title='bbox 1196 426 1263 463; x_wconf 87' lang='lat' dir='ltr'><strong>est,</strong></span> <span class='ocrx_word' id='word_1_295' title='bbox 1276 421 1334 465; x_wconf 89' lang='lat' dir='ltr'><strong>qui</strong></span> <span class='ocrx_word' id='word_1_296' title='bbox 1350 422 1472 454; x_wconf 86' lang='lat' dir='ltr'><strong>horum</strong></span> <span class='ocrx_word' id='word_1_297' title='bbox 1486 430 1629 454; x_wconf 82' lang='lat' dir='ltr'><strong>consen-</strong></span> 
     </span>
     <span class='ocr_line' id='line_1_56' title="bbox 913 471 1627 516; baseline -0.004 -9"><span class='ocrx_word' id='word_1_298' title='bbox 913 484 988 507; x_wconf 84' lang='lat' dir='ltr'><strong>sum</strong></span> <span class='ocrx_word' id='word_1_299' title='bbox 1002 473 1262 516; x_wconf 82' lang='lat' dir='ltr'><strong>conspirantem</strong></span> <span class='ocrx_word' id='word_1_300' title='bbox 1280 477 1317 506; x_wconf 93' lang='lat' dir='ltr'><strong>et</strong></span> <span class='ocrx_word' id='word_1_301' title='bbox 1333 482 1422 515; x_wconf 83' lang='lat' dir='ltr'><strong>pene</strong></span> <span class='ocrx_word' id='word_1_302' title='bbox 1442 471 1627 506; x_wconf 85' lang='lat' dir='ltr'><strong>conflatum</strong></span> 
     </span>
     <span class='ocr_line' id='line_1_57' title="bbox 911 522 1629 568; baseline -0.003 -10"><span class='ocrx_word' id='word_1_303' title='bbox 911 525 977 559; x_wconf 87' lang='lat' dir='ltr'><strong>hac</strong></span> <span class='ocrx_word' id='word_1_304' title='bbox 1006 534 1118 568; x_wconf 83' lang='lat' dir='ltr'><strong>prope</strong></span> <span class='ocrx_word' id='word_1_305' title='bbox 1145 524 1346 568; x_wconf 81' lang='lat' dir='ltr'><strong>aequalitate</strong></span> <span class='ocrx_word' id='word_1_306' title='bbox 1373 522 1530 558; x_wconf 83' lang='lat' dir='ltr'><strong>fraterna</strong></span> <span class='ocrx_word' id='word_1_307' title='bbox 1560 533 1629 557; x_wconf 88' lang='lat' dir='ltr'><strong>non</strong></span> 
     </span>
     <span class='ocr_line' id='line_1_58' title="bbox 911 575 1628 617; baseline -0.003 -8"><span class='ocrx_word' id='word_1_308' title='bbox 911 576 1048 610; x_wconf 84' lang='lat' dir='ltr'><strong>noverit</strong></span> <span class='ocrx_word' id='word_1_309' title='bbox 1060 575 1084 608; x_wconf 86' lang='lat'><strong>?&#39;</strong></span> <span class='ocrx_word' id='word_1_310' title='bbox 1111 575 1253 610; x_wconf 86' lang='lat' dir='ltr'><strong>Deinde</strong></span> <span class='ocrx_word' id='word_1_311' title='bbox 1267 576 1295 608; x_wconf 89' lang='lat' dir='ltr'><strong>si</strong></span> <span class='ocrx_word' id='word_1_312' title='bbox 1307 576 1457 609; x_wconf 84' lang='lat' dir='ltr'><strong>activum</strong></span> <span class='ocrx_word' id='word_1_313' title='bbox 1468 580 1522 608; x_wconf 87' lang='lat' dir='ltr'><strong>est</strong></span> <span class='ocrx_word' id='word_1_314' title='bbox 1530 577 1628 617; x_wconf 78' lang='lat' dir='ltr'><strong>spiro,</strong></span> 
     </span>
     <span class='ocr_line' id='line_1_59' title="bbox 912 626 1628 670; baseline 0 -10"><span class='ocrx_word' id='word_1_315' title='bbox 912 632 952 660; x_wconf 90' lang='lat' dir='ltr'><strong>ut</strong></span> <span class='ocrx_word' id='word_1_316' title='bbox 978 627 1072 670; x_wconf 86' lang='lat' dir='ltr'><strong>apud</strong></span> <span class='ocrx_word' id='word_1_317' title='bbox 1097 627 1225 669; x_wconf 83' lang='lat' dir='ltr'><strong>Virgil.</strong></span> <span class='ocrx_word' id='word_1_318' title='bbox 1273 627 1284 646; x_wconf 81' lang='lat'><strong>⁴</strong></span> <span class='ocrx_word' id='word_1_319' title='bbox 1305 626 1469 659; x_wconf 88' lang='lat' dir='ltr'><strong>Divinum</strong></span> <span class='ocrx_word' id='word_1_320' title='bbox 1495 627 1628 661; x_wconf 83' lang='lat' dir='ltr'><strong>vertice</strong></span> 
     </span>
     <span class='ocr_line' id='line_1_60' title="bbox 911 677 1628 722; baseline -0.001 -10"><span class='ocrx_word' id='word_1_321' title='bbox 911 678 1054 712; x_wconf 89' lang='lat' dir='ltr'><strong>odorem</strong></span> <span class='ocrx_word' id='word_1_322' title='bbox 1065 679 1255 722; x_wconf 74' lang='lat' dir='ltr'><strong>Spin-avere</strong></span> <span class='ocrx_word' id='word_1_323' title='bbox 1270 677 1291 711; x_wconf 89' lang='lat'><strong>:&#39;</strong></span> <span class='ocrx_word' id='word_1_324' title='bbox 1313 678 1437 711; x_wconf 82' lang='lat' dir='ltr'><strong>Horat.</strong></span> <span class='ocrx_word' id='word_1_325' title='bbox 1447 678 1560 711; x_wconf 86' lang='lat' dir='ltr'><strong>Carm.</strong></span> <span class='ocrx_word' id='word_1_326' title='bbox 1570 686 1628 711; x_wconf 85' lang='lat' dir='ltr'><strong>m.</strong></span> 
     </span>
     <span class='ocr_line' id='line_1_61' title="bbox 911 730 1628 773; baseline -0.004 -7"><span class='ocrx_word' id='word_1_327' title='bbox 911 731 1038 766; x_wconf 80' lang='lat' dir='ltr'><strong>‘Quod</strong></span> <span class='ocrx_word' id='word_1_328' title='bbox 1068 731 1163 773; x_wconf 87' lang='lat' dir='ltr'><strong>spiro</strong></span> <span class='ocrx_word' id='word_1_329' title='bbox 1185 735 1222 764; x_wconf 91' lang='lat' dir='ltr'><strong>et</strong></span> <span class='ocrx_word' id='word_1_330' title='bbox 1249 731 1386 773; x_wconf 91' lang='lat' dir='ltr'><strong>placeo,</strong></span> <span class='ocrx_word' id='word_1_331' title='bbox 1411 735 1509 763; x_wconf 88' lang='lat' dir='ltr'><strong>tuum</strong></span> <span class='ocrx_word' id='word_1_332' title='bbox 1535 734 1589 763; x_wconf 87' lang='lat' dir='ltr'><strong>est</strong></span> <span class='ocrx_word' id='word_1_333' title='bbox 1604 730 1628 763; x_wconf 86' lang='lat'><strong>:&#39;</strong></span> 
     </span>
     <span class='ocr_line' id='line_1_62' title="bbox 911 781 1629 825; baseline -0.001 -10"><span class='ocrx_word' id='word_1_334' title='bbox 911 782 1018 825; x_wconf 86' lang='lat' dir='ltr'><strong>Apul.</strong></span> <span class='ocrx_word' id='word_1_335' title='bbox 1055 783 1202 816; x_wconf 82' lang='lat' dir='ltr'><strong>Metam.</strong></span> <span class='ocrx_word' id='word_1_336' title='bbox 1238 786 1270 816; x_wconf 82' lang='lat'><strong>⁵.</strong></span> <span class='ocrx_word' id='word_1_337' title='bbox 1320 782 1331 800; x_wconf 86' lang='lat'>‘</span> <span class='ocrx_word' id='word_1_338' title='bbox 1360 783 1476 816; x_wconf 88' lang='lat' dir='ltr'><strong>Deam</strong></span> <span class='ocrx_word' id='word_1_339' title='bbox 1516 781 1629 824; x_wconf 88' lang='lat' dir='ltr'><strong>spirat</strong></span> 
     </span>
     <span class='ocr_line' id='line_1_63' title="bbox 910 833 1629 876; baseline -0.003 -9"><span class='ocrx_word' id='word_1_340' title='bbox 910 834 1067 867; x_wconf 88' lang='lat' dir='ltr'><strong>mulier:&#39;</strong></span> <span class='ocrx_word' id='word_1_341' title='bbox 1104 834 1271 876; x_wconf 86' lang='lat' dir='ltr'><strong>Propert.</strong></span> <span class='ocrx_word' id='word_1_342' title='bbox 1305 833 1315 852; x_wconf 92' lang='lat'>‘</span> <span class='ocrx_word' id='word_1_343' title='bbox 1331 834 1399 868; x_wconf 84' lang='lat' dir='ltr'><strong>Qui</strong></span> <span class='ocrx_word' id='word_1_344' title='bbox 1417 843 1509 867; x_wconf 88' lang='lat' dir='ltr'><strong>nunc</strong></span> <span class='ocrx_word' id='word_1_345' title='bbox 1534 843 1629 876; x_wconf 82' lang='lat' dir='ltr'><strong>mag·</strong></span> 
     </span>
     <span class='ocr_line' id='line_1_64' title="bbox 909 884 1629 928; baseline 0 -10"><span class='ocrx_word' id='word_1_346' title='bbox 909 895 991 918; x_wconf 88' lang='lat' dir='ltr'><strong>num</strong></span> <span class='ocrx_word' id='word_1_347' title='bbox 1012 885 1182 928; x_wconf 86' lang='lat' dir='ltr'><strong>spiramus</strong></span> <span class='ocrx_word' id='word_1_348' title='bbox 1204 889 1360 918; x_wconf 85' lang='lat' dir='ltr'><strong>amantes</strong></span> <span class='ocrx_word' id='word_1_349' title='bbox 1373 884 1396 925; x_wconf 91' lang='lat'><strong>;’</strong></span> <span class='ocrx_word' id='word_1_350' title='bbox 1423 884 1473 918; x_wconf 84' lang='lat' dir='ltr'><strong>sic</strong></span> <span class='ocrx_word' id='word_1_351' title='bbox 1498 890 1629 918; x_wconf 84' lang='lat' dir='ltr'><strong>caetera</strong></span> 
     </span>
     <span class='ocr_line' id='line_1_65' title="bbox 910 937 1628 980; baseline 0.001 -11"><span class='ocrx_word' id='word_1_352' title='bbox 910 937 987 979; x_wconf 79' lang='lat' dir='ltr'><strong>ejus</strong></span> <span class='ocrx_word' id='word_1_353' title='bbox 997 938 1188 980; x_wconf 88' lang='lat' dir='ltr'><strong>composita</strong></span> <span class='ocrx_word' id='word_1_354' title='bbox 1201 938 1317 971; x_wconf 86' lang='lat' dir='ltr'><strong>activa</strong></span> <span class='ocrx_word' id='word_1_355' title='bbox 1329 941 1424 978; x_wconf 86' lang='lat' dir='ltr'><strong>suut,</strong></span> <span class='ocrx_word' id='word_1_356' title='bbox 1434 942 1472 970; x_wconf 89' lang='lat' dir='ltr'><strong>ut</strong></span> <span class='ocrx_word' id='word_1_357' title='bbox 1483 937 1628 979; x_wconf 77' lang='lat' dir='ltr'><strong>exspiro:</strong></span> 
     </span>
     <span class='ocr_line' id='line_1_66' title="bbox 910 987 1629 1031; baseline 0 -10"><span class='ocrx_word' id='word_1_358' title='bbox 910 987 1044 1021; x_wconf 85' lang='lat' dir='ltr'><strong>Arnob.</strong></span> <span class='ocrx_word' id='word_1_359' title='bbox 1061 988 1119 1022; x_wconf 87' lang='lat' dir='ltr'><strong>lib.</strong></span> <span class='ocrx_word' id='word_1_360' title='bbox 1136 998 1162 1021; x_wconf 91' lang='lat'><strong>1.</strong></span> <span class='ocrx_word' id='word_1_361' title='bbox 1187 990 1196 1008; x_wconf 74' lang='lat'>⁶</span> <span class='ocrx_word' id='word_1_362' title='bbox 1215 989 1305 1021; x_wconf 84' lang='lat' dir='ltr'><strong>Suas</strong></span> <span class='ocrx_word' id='word_1_363' title='bbox 1321 988 1453 1020; x_wconf 88' lang='lat' dir='ltr'><strong>animas</strong></span> <span class='ocrx_word' id='word_1_364' title='bbox 1474 988 1629 1031; x_wconf 80' lang='lat' dir='ltr'><strong>exspira-</strong></span> 
     </span>
     <span class='ocr_line' id='line_1_67' title="bbox 910 1039 1629 1082; baseline 0.001 -10"><span class='ocrx_word' id='word_1_365' title='bbox 910 1049 992 1073; x_wconf 82' lang='lat' dir='ltr'><strong>vere</strong></span> <span class='ocrx_word' id='word_1_366' title='bbox 1016 1040 1147 1073; x_wconf 87' lang='lat' dir='ltr'><strong>venti:’</strong></span> <span class='ocrx_word' id='word_1_367' title='bbox 1182 1041 1323 1082; x_wconf 77' lang='lat' dir='ltr'><strong>inspiro.-</strong></span> <span class='ocrx_word' id='word_1_368' title='bbox 1358 1040 1482 1082; x_wconf 84' lang='lat' dir='ltr'><strong>Virgil.</strong></span> <span class='ocrx_word' id='word_1_369' title='bbox 1516 1040 1526 1058; x_wconf 93' lang='lat'>‘</span> <span class='ocrx_word' id='word_1_370' title='bbox 1558 1039 1629 1073; x_wconf 88' lang='lat' dir='ltr'><strong>Oc·</strong></span> 
     </span>
     <span class='ocr_line' id='line_1_68' title="bbox 909 1091 1629 1134; baseline -0.001 -10"><span class='ocrx_word' id='word_1_371' title='bbox 909 1092 1040 1125; x_wconf 89' lang='lat' dir='ltr'><strong>cultum</strong></span> <span class='ocrx_word' id='word_1_372' title='bbox 1088 1091 1236 1134; x_wconf 84' lang='lat' dir='ltr'><strong>inspires</strong></span> <span class='ocrx_word' id='word_1_373' title='bbox 1288 1091 1402 1133; x_wconf 82' lang='lat' dir='ltr'><strong>ignem</strong></span> <span class='ocrx_word' id='word_1_374' title='bbox 1418 1091 1439 1124; x_wconf 86' lang='lat'><strong>:’</strong></span> <span class='ocrx_word' id='word_1_375' title='bbox 1483 1091 1629 1133; x_wconf 78' lang='lat' dir='ltr'><strong>Statius,</strong></span> 
     </span>
     <span class='ocr_line' id='line_1_69' title="bbox 907 1141 1629 1185; baseline -0.001 -9"><span class='ocrx_word' id='word_1_376' title='bbox 907 1143 918 1160; x_wconf 91' lang='lat'>‘</span> <span class='ocrx_word' id='word_1_377' title='bbox 940 1143 1101 1176; x_wconf 84' lang='lat' dir='ltr'><strong>Tacitum</strong></span> <span class='ocrx_word' id='word_1_378' title='bbox 1131 1142 1278 1185; x_wconf 84' lang='lat' dir='ltr'><strong>inspirat</strong></span> <span class='ocrx_word' id='word_1_379' title='bbox 1315 1151 1467 1175; x_wconf 88' lang='lat' dir='ltr'><strong>amorem</strong></span> <span class='ocrx_word' id='word_1_380' title='bbox 1481 1141 1503 1175; x_wconf 90' lang='lat'><strong>:&#39;</strong></span> <span class='ocrx_word' id='word_1_381' title='bbox 1535 1142 1629 1175; x_wconf 91' lang='lat' dir='ltr'><strong>unde</strong></span> 
     </span>
     <span class='ocr_line' id='line_1_70' title="bbox 908 1193 1627 1237; baseline 0.001 -11"><span class='ocrx_word' id='word_1_382' title='bbox 908 1193 918 1211; x_wconf 76' lang='lat'>⁸</span> <span class='ocrx_word' id='word_1_383' title='bbox 946 1193 1183 1236; x_wconf 87' lang='lat' dir='ltr'><strong>inspirantur,&#39;</strong></span> <span class='ocrx_word' id='word_1_384' title='bbox 1241 1193 1333 1237; x_wconf 86' lang='lat' dir='ltr'><strong>apud</strong></span> <span class='ocrx_word' id='word_1_385' title='bbox 1387 1193 1627 1236; x_wconf 84' lang='lat' dir='ltr'><strong>Columellam,</strong></span> 
     </span>
     <span class='ocr_line' id='line_1_71' title="bbox 908 1245 1626 1288; baseline 0.003 -10"><span class='ocrx_word' id='word_1_386' title='bbox 908 1245 918 1264; x_wconf 87' lang='lat'>‘</span> <span class='ocrx_word' id='word_1_387' title='bbox 944 1245 1101 1288; x_wconf 85' lang='lat' dir='ltr'><strong>granaria</strong></span> <span class='ocrx_word' id='word_1_388' title='bbox 1138 1245 1355 1288; x_wconf 85' lang='lat' dir='ltr'><strong>aquilonibus</strong></span> <span class='ocrx_word' id='word_1_389' title='bbox 1370 1245 1393 1278; x_wconf 84' lang='lat'><strong>:’</strong></span> <span class='ocrx_word' id='word_1_390' title='bbox 1427 1250 1464 1278; x_wconf 92' lang='lat' dir='ltr'><strong>et</strong></span> <span class='ocrx_word' id='word_1_391' title='bbox 1494 1245 1626 1280; x_wconf 85' lang='lat' dir='ltr'><strong>Auson.</strong></span> 
     </span>
     <span class='ocr_line' id='line_1_72' title="bbox 908 1297 1626 1340; baseline 0.004 -11"><span class='ocrx_word' id='word_1_392' title='bbox 908 1297 1021 1340; x_wconf 87' lang='lat' dir='ltr'><strong>Epist.</strong></span> <span class='ocrx_word' id='word_1_393' title='bbox 1043 1300 1097 1331; x_wconf 84' lang='grc'><strong>22.</strong></span> <span class='ocrx_word' id='word_1_394' title='bbox 1140 1298 1152 1316; x_wconf 82' lang='lat'><em>⁴</em></span> <span class='ocrx_word' id='word_1_395' title='bbox 1176 1298 1354 1340; x_wconf 87' lang='lat' dir='ltr'><strong>Inspirata</strong></span> <span class='ocrx_word' id='word_1_396' title='bbox 1369 1297 1496 1330; x_wconf 74' lang='lat' dir='ltr'><strong>deliine</strong></span> <span class='ocrx_word' id='word_1_397' title='bbox 1521 1304 1626 1332; x_wconf 82' lang='lat' dir='ltr'><strong>vento</strong></span> 
     </span>
     <span class='ocr_line' id='line_1_73' title="bbox 907 1349 1624 1391; baseline 0.001 -9"><span class='ocrx_word' id='word_1_398' title='bbox 907 1350 1065 1382; x_wconf 87' lang='lat' dir='ltr'><strong>cantavit</strong></span> <span class='ocrx_word' id='word_1_399' title='bbox 1093 1349 1257 1382; x_wconf 83' lang='lat' dir='ltr'><strong>arundo:’</strong></span> <span class='ocrx_word' id='word_1_400' title='bbox 1287 1349 1438 1391; x_wconf 77' lang='lat' dir='ltr'><strong>adspiro:</strong></span> <span class='ocrx_word' id='word_1_401' title='bbox 1473 1350 1624 1384; x_wconf 84' lang='lat' dir='ltr'><strong>Quintil.</strong></span> 
     </span>
     <span class='ocr_line' id='line_1_74' title="bbox 909 1400 1627 1444; baseline 0.001 -10"><span class='ocrx_word' id='word_1_402' title='bbox 909 1400 1094 1444; x_wconf 85' lang='lat' dir='ltr'><strong>‘Adspirat</strong></span> <span class='ocrx_word' id='word_1_403' title='bbox 1105 1402 1203 1434; x_wconf 91' lang='lat' dir='ltr'><strong>Deus</strong></span> <span class='ocrx_word' id='word_1_404' title='bbox 1217 1406 1368 1434; x_wconf 84' lang='lat' dir='ltr'><strong>mentem</strong></span> <span class='ocrx_word' id='word_1_405' title='bbox 1379 1405 1440 1434; x_wconf 88' lang='lat' dir='ltr'><strong>aut</strong></span> <span class='ocrx_word' id='word_1_406' title='bbox 1451 1401 1627 1444; x_wconf 83' lang='lat' dir='ltr'><strong>ingenium</strong></span> 
     </span>
     <span class='ocr_line' id='line_1_75' title="bbox 906 1452 1623 1496; baseline 0.001 -11"><span class='ocrx_word' id='word_1_407' title='bbox 906 1453 1132 1488; x_wconf 63' lang='lat' dir='ltr'><strong>hominibus?</strong></span> <span class='ocrx_word' id='word_1_408' title='bbox 1160 1453 1260 1495; x_wconf 77' lang='lat' dir='ltr'><strong>Vin-g.</strong></span> <span class='ocrx_word' id='word_1_409' title='bbox 1295 1452 1486 1496; x_wconf 88' lang='lat' dir='ltr'><strong>‘Adspirat</strong></span> <span class='ocrx_word' id='word_1_410' title='bbox 1511 1453 1623 1495; x_wconf 77' lang='lat' dir='ltr'><strong>primo</strong></span> 
     </span>
     <span class='ocr_line' id='line_1_76' title="bbox 907 1504 1624 1546; baseline 0.001 -9"><span class='ocrx_word' id='word_1_411' title='bbox 907 1505 1046 1538; x_wconf 83' lang='lat' dir='ltr'><strong>fortuna</strong></span> <span class='ocrx_word' id='word_1_412' title='bbox 1068 1504 1204 1546; x_wconf 87' lang='lat' dir='ltr'><strong>labori‚’</strong></span> <span class='ocrx_word' id='word_1_413' title='bbox 1231 1504 1380 1538; x_wconf 86' lang='lat' dir='ltr'><strong>subaudi</strong></span> <span class='ocrx_word' id='word_1_414' title='bbox 1401 1514 1458 1538; x_wconf 77' lang='lat' dir='ltr'><strong>se.-</strong></span> <span class='ocrx_word' id='word_1_415' title='bbox 1479 1504 1624 1546; x_wconf 71' lang='lat' dir='ltr'><strong>respiro.-</strong></span> 
     </span>
     <span class='ocr_line' id='line_1_77' title="bbox 908 1554 1627 1597; baseline -0.003 -8"><span class='ocrx_word' id='word_1_416' title='bbox 908 1556 1033 1589; x_wconf 87' lang='lat' dir='ltr'><strong>Cicero</strong></span> <span class='ocrx_word' id='word_1_417' title='bbox 1045 1555 1090 1588; x_wconf 89' lang='lat' dir='ltr'><strong>de</strong></span> <span class='ocrx_word' id='word_1_418' title='bbox 1105 1556 1187 1589; x_wconf 82' lang='lat' dir='ltr'><strong>Nat.</strong></span> <span class='ocrx_word' id='word_1_419' title='bbox 1198 1556 1308 1588; x_wconf 87' lang='lat' dir='ltr'><strong>Deor.</strong></span> <span class='ocrx_word' id='word_1_420' title='bbox 1324 1558 1334 1574; x_wconf 90' lang='lat'>‘</span> <span class='ocrx_word' id='word_1_421' title='bbox 1349 1554 1483 1597; x_wconf 88' lang='lat' dir='ltr'><strong>Aspera</strong></span> <span class='ocrx_word' id='word_1_422' title='bbox 1496 1555 1627 1588; x_wconf 81' lang='lat' dir='ltr'><strong>arteria</strong></span> 
     </span>
     <span class='ocr_line' id='line_1_78' title="bbox 908 1606 1626 1650; baseline -0.004 -9"><span class='ocrx_word' id='word_1_423' title='bbox 908 1608 1040 1650; x_wconf 87' lang='lat' dir='ltr'><strong>excipit</strong></span> <span class='ocrx_word' id='word_1_424' title='bbox 1056 1607 1205 1640; x_wconf 84' lang='lat' dir='ltr'><strong>animam</strong></span> <span class='ocrx_word' id='word_1_425' title='bbox 1228 1616 1354 1648; x_wconf 90' lang='lat' dir='ltr'><strong>meam,</strong></span> <span class='ocrx_word' id='word_1_426' title='bbox 1375 1606 1588 1650; x_wconf 82' lang='lat' dir='ltr'><strong>eandemque</strong></span> <span class='ocrx_word' id='word_1_427' title='bbox 1605 1617 1626 1638; x_wconf 90' lang='lat' dir='ltr'><strong>a</strong></span> 
     </span>
     <span class='ocr_line' id='line_1_79' title="bbox 909 1657 1624 1702; baseline -0.003 -10"><span class='ocrx_word' id='word_1_428' title='bbox 909 1659 1128 1702; x_wconf 88' lang='lat' dir='ltr'><strong>pulmonibus</strong></span> <span class='ocrx_word' id='word_1_429' title='bbox 1140 1658 1292 1701; x_wconf 86' lang='lat' dir='ltr'><strong>respirat</strong></span> <span class='ocrx_word' id='word_1_430' title='bbox 1303 1667 1344 1690; x_wconf 90' lang='lat' dir='ltr'><strong>ac</strong></span> <span class='ocrx_word' id='word_1_431' title='bbox 1357 1657 1473 1690; x_wconf 85' lang='lat' dir='ltr'><strong>reddit</strong></span> <span class='ocrx_word' id='word_1_432' title='bbox 1485 1658 1506 1690; x_wconf 73' lang='grc' dir='ltr'><strong>ι’</strong></span> <span class='ocrx_word' id='word_1_433' title='bbox 1531 1658 1624 1691; x_wconf 88' lang='lat' dir='ltr'><strong>Stat.</strong></span> 
     </span>
     <span class='ocr_line' id='line_1_80' title="bbox 907 1709 1624 1753; baseline -0.003 -9"><span class='ocrx_word' id='word_1_434' title='bbox 907 1713 918 1731; x_wconf 91' lang='lat'>‘</span> <span class='ocrx_word' id='word_1_435' title='bbox 942 1711 1051 1744; x_wconf 90' lang='lat' dir='ltr'><strong>Palus</strong></span> <span class='ocrx_word' id='word_1_436' title='bbox 1087 1711 1239 1753; x_wconf 82' lang='lat' dir='ltr'><strong>respirat</strong></span> <span class='ocrx_word' id='word_1_437' title='bbox 1277 1710 1469 1753; x_wconf 88' lang='lat' dir='ltr'><strong>spatiosum</strong></span> <span class='ocrx_word' id='word_1_438' title='bbox 1508 1709 1624 1743; x_wconf 67' lang='lat' dir='ltr'><strong>aeraz&#39;</strong></span> 
     </span>
     <span class='ocr_line' id='line_1_81' title="bbox 906 1760 1626 1805; baseline -0.001 -9"><span class='ocrx_word' id='word_1_439' title='bbox 906 1763 1049 1805; x_wconf 79' lang='lat' dir='ltr'><strong>suspiro.-</strong></span> <span class='ocrx_word' id='word_1_440' title='bbox 1095 1762 1221 1795; x_wconf 88' lang='lat' dir='ltr'><strong>Tibull.</strong></span> <span class='ocrx_word' id='word_1_441' title='bbox 1278 1762 1289 1780; x_wconf 80' lang='lat'><strong><em>⁴</em></strong></span> <span class='ocrx_word' id='word_1_442' title='bbox 1330 1760 1430 1794; x_wconf 83' lang='lat' dir='ltr'><strong>Alios</strong></span> <span class='ocrx_word' id='word_1_443' title='bbox 1471 1761 1626 1804; x_wconf 84' lang='lat' dir='ltr'><strong>suspirat</strong></span> 
     </span>
     <span class='ocr_line' id='line_1_82' title="bbox 906 1812 1625 1856; baseline -0.003 -8"><span class='ocrx_word' id='word_1_444' title='bbox 906 1813 1073 1848; x_wconf 77' lang='lat' dir='ltr'><strong>amoresz&#39;</strong></span> <span class='ocrx_word' id='word_1_445' title='bbox 1106 1815 1237 1847; x_wconf 89' lang='lat' dir='ltr'><strong>Lucan.</strong></span> <span class='ocrx_word' id='word_1_446' title='bbox 1274 1814 1284 1831; x_wconf 92' lang='lat'>‘</span> <span class='ocrx_word' id='word_1_447' title='bbox 1310 1813 1490 1856; x_wconf 86' lang='lat' dir='ltr'><strong>Suspirare</strong></span> <span class='ocrx_word' id='word_1_448' title='bbox 1517 1812 1625 1846; x_wconf 89' lang='lat' dir='ltr'><strong>nebu-</strong></span> 
     </span>
    </p>
   </div>
   <div class='ocr_carea' id='block_1_8' title="bbox 906 1865 1678 1909">
    <p class='ocr_par' dir='ltr' id='par_1_10' title="bbox 906 1865 1678 1909">
     <span class='ocr_line' id='line_1_83' title="bbox 906 1865 1678 1909; baseline -0.003 -10"><span class='ocrx_word' id='word_1_449' title='bbox 906 1866 957 1900; x_wconf 84' lang='lat' dir='ltr'><strong>las</strong></span> <span class='ocrx_word' id='word_1_450' title='bbox 970 1865 992 1907; x_wconf 77' lang='lat'><strong>3¹</strong></span> <span class='ocrx_word' id='word_1_451' title='bbox 1015 1865 1135 1909; x_wconf 86' lang='lat' dir='ltr'><strong>quidni</strong></span> <span class='ocrx_word' id='word_1_452' title='bbox 1151 1875 1234 1907; x_wconf 87' lang='lat' dir='ltr'><strong>ergo</strong></span> <span class='ocrx_word' id='word_1_453' title='bbox 1251 1866 1358 1899; x_wconf 90' lang='lat' dir='ltr'><strong>etiam</strong></span> <span class='ocrx_word' id='word_1_454' title='bbox 1379 1865 1570 1907; x_wconf 77' lang='lat' dir='ltr'><strong>conspirare,</strong></span> <span class='ocrx_word' id='word_1_455' title='bbox 1585 1869 1626 1897; x_wconf 87' lang='lat' dir='ltr'><strong>ut</strong></span> <span class='ocrx_word' id='word_1_456' title='bbox 1675 1865 1678 1867; x_wconf 71' lang='grc'><strong>’</strong></span> 
     </span>
    </p>
   </div>
   <div class='ocr_carea' id='block_1_9' title="bbox 903 1915 1625 2886">
    <p class='ocr_par' dir='ltr' id='par_1_11' title="bbox 903 1915 1625 2886">
     <span class='ocr_line' id='line_1_84' title="bbox 906 1915 1625 1959; baseline -0.003 -10"><span class='ocrx_word' id='word_1_457' title='bbox 906 1927 951 1949; x_wconf 84' lang='lat' dir='ltr'><strong>ex</strong></span> <span class='ocrx_word' id='word_1_458' title='bbox 976 1916 1126 1959; x_wconf 83' lang='lat' dir='ltr'><strong>Virgilio</strong></span> <span class='ocrx_word' id='word_1_459' title='bbox 1157 1920 1195 1948; x_wconf 90' lang='lat' dir='ltr'><strong>et</strong></span> <span class='ocrx_word' id='word_1_460' title='bbox 1231 1915 1403 1949; x_wconf 87' lang='lat' dir='ltr'><strong>Cicerone</strong></span> <span class='ocrx_word' id='word_1_461' title='bbox 1433 1915 1625 1948; x_wconf 88' lang='lat' dir='ltr'><strong>docuimus.</strong></span> 
     </span>
     <span class='ocr_line' id='line_1_85' title="bbox 907 1967 1625 2009; baseline -0.003 -7"><span class='ocrx_word' id='word_1_462' title='bbox 907 1969 996 2002; x_wconf 89' lang='lat' dir='ltr'><strong>Sunt</strong></span> <span class='ocrx_word' id='word_1_463' title='bbox 1018 1977 1101 2001; x_wconf 88' lang='lat' dir='ltr'><strong>vero</strong></span> <span class='ocrx_word' id='word_1_464' title='bbox 1125 1968 1200 2000; x_wconf 85' lang='lat' dir='ltr'><strong>haec</strong></span> <span class='ocrx_word' id='word_1_465' title='bbox 1222 1967 1341 2009; x_wconf 85' lang='lat' dir='ltr'><strong>verba,</strong></span> <span class='ocrx_word' id='word_1_466' title='bbox 1357 1972 1398 2000; x_wconf 87' lang='lat' dir='ltr'><strong>ut</strong></span> <span class='ocrx_word' id='word_1_467' title='bbox 1421 1967 1625 2000; x_wconf 68' lang='lat' dir='ltr'><strong>Graecorum</strong></span> 
     </span>
     <span class='ocr_line' id='line_1_86' title="bbox 904 2018 1625 2063; baseline -0.006 -9"><span class='ocrx_word' id='word_1_468' title='bbox 904 2019 999 2062; x_wconf 78' lang='grc' dir='ltr'><strong><em>μέσα,</em></strong></span> <span class='ocrx_word' id='word_1_469' title='bbox 1014 2020 1106 2063; x_wconf 89' lang='lat' dir='ltr'><strong>quod</strong></span> <span class='ocrx_word' id='word_1_470' title='bbox 1132 2029 1209 2052; x_wconf 91' lang='lat' dir='ltr'><strong>cum</strong></span> <span class='ocrx_word' id='word_1_471' title='bbox 1227 2019 1343 2052; x_wconf 89' lang='lat' dir='ltr'><strong>Latini</strong></span> <span class='ocrx_word' id='word_1_472' title='bbox 1366 2028 1436 2051; x_wconf 91' lang='lat' dir='ltr'><strong>non</strong></span> <span class='ocrx_word' id='word_1_473' title='bbox 1460 2018 1625 2060; x_wconf 87' lang='lat' dir='ltr'><strong>habeant,</strong></span> 
     </span>
     <span class='ocr_line' id='line_1_87' title="bbox 906 2070 1624 2114; baseline 0 -11"><span class='ocrx_word' id='word_1_474' title='bbox 906 2072 1036 2114; x_wconf 81' lang='lat' dir='ltr'><strong>ubique</strong></span> <span class='ocrx_word' id='word_1_475' title='bbox 1061 2074 1177 2103; x_wconf 84' lang='lat' dir='ltr'><strong>tamen</strong></span> <span class='ocrx_word' id='word_1_476' title='bbox 1193 2070 1388 2112; x_wconf 85' lang='lat' dir='ltr'><strong>exprimere</strong></span> <span class='ocrx_word' id='word_1_477' title='bbox 1411 2073 1624 2112; x_wconf 83' lang='lat' dir='ltr'><strong>sategerunt.</strong></span> 
     </span>
     <span class='ocr_line' id='line_1_88' title="bbox 906 2121 1623 2165; baseline -0.001 -9"><span class='ocrx_word' id='word_1_478' title='bbox 906 2123 1009 2156; x_wconf 89' lang='lat' dir='ltr'><strong>Unde</strong></span> <span class='ocrx_word' id='word_1_479' title='bbox 1022 2123 1164 2165; x_wconf 79' lang='lat' dir='ltr'><strong>copulor,</strong></span> <span class='ocrx_word' id='word_1_480' title='bbox 1176 2123 1322 2160; x_wconf 75' lang='lat' dir='ltr'><strong>vnulctor.</strong></span> <span class='ocrx_word' id='word_1_481' title='bbox 1342 2121 1501 2163; x_wconf 79' lang='lat' dir='ltr'><strong>objurgor,</strong></span> <span class='ocrx_word' id='word_1_482' title='bbox 1512 2122 1623 2163; x_wconf 82' lang='lat' dir='ltr'><strong>juror,</strong></span> 
     </span>
     <span class='ocr_line' id='line_1_89' title="bbox 903 2173 1624 2216; baseline -0.001 -9"><span class='ocrx_word' id='word_1_483' title='bbox 903 2183 1102 2216; x_wconf 71' lang='lat' dir='ltr'><strong>prov-tempor,</strong></span> <span class='ocrx_word' id='word_1_484' title='bbox 1113 2178 1151 2206; x_wconf 92' lang='lat' dir='ltr'><strong>et</strong></span> <span class='ocrx_word' id='word_1_485' title='bbox 1161 2178 1329 2206; x_wconf 86' lang='lat' dir='ltr'><strong>sexcenta</strong></span> <span class='ocrx_word' id='word_1_486' title='bbox 1339 2173 1407 2206; x_wconf 88' lang='lat' dir='ltr'><strong>alia</strong></span> <span class='ocrx_word' id='word_1_487' title='bbox 1417 2173 1624 2216; x_wconf 83' lang='lat' dir='ltr'><strong>promiscue,</strong></span> 
     </span>
     <span class='ocr_line' id='line_1_90' title="bbox 906 2225 1625 2267; baseline 0 -10"><span class='ocrx_word' id='word_1_488' title='bbox 906 2234 998 2258; x_wconf 90' lang='lat' dir='ltr'><strong>nunc</strong></span> <span class='ocrx_word' id='word_1_489' title='bbox 1014 2225 1229 2267; x_wconf 68' lang='grc' dir='ltr'><strong>ἐνεργητικῶς,</strong></span> <span class='ocrx_word' id='word_1_490' title='bbox 1240 2234 1331 2257; x_wconf 90' lang='lat' dir='ltr'><strong>nunc</strong></span> <span class='ocrx_word' id='word_1_491' title='bbox 1343 2227 1518 2264; x_wconf 76' lang='grc' dir='ltr'>παθητικῶς</span> <span class='ocrx_word' id='word_1_492' title='bbox 1529 2235 1625 2257; x_wconf 85' lang='lat' dir='ltr'><strong>usur·</strong></span> 
     </span>
     <span class='ocr_line' id='line_1_91' title="bbox 907 2277 1624 2320; baseline 0 -10"><span class='ocrx_word' id='word_1_493' title='bbox 907 2286 1058 2319; x_wconf 81' lang='lat' dir='ltr'><strong>pavere,¹</strong></span> <span class='ocrx_word' id='word_1_494' title='bbox 1077 2277 1199 2311; x_wconf 87' lang='lat' dir='ltr'><strong>eadem</strong></span> <span class='ocrx_word' id='word_1_495' title='bbox 1228 2277 1374 2318; x_wconf 86' lang='lat' dir='ltr'><strong>ratione,</strong></span> <span class='ocrx_word' id='word_1_496' title='bbox 1398 2286 1474 2320; x_wconf 55' lang='lat' dir='ltr'><strong>qua*</strong></span> <span class='ocrx_word' id='word_1_497' title='bbox 1489 2277 1624 2310; x_wconf 80' lang='lat' dir='ltr'><strong>Graecis</strong></span> 
     </span>
     <span class='ocr_line' id='line_1_92' title="bbox 906 2327 1624 2370; baseline 0 -9"><span class='ocrx_word' id='word_1_498' title='bbox 906 2328 1103 2361; x_wconf 84' lang='lat' dir='ltr'><strong>desinentia</strong></span> <span class='ocrx_word' id='word_1_499' title='bbox 1127 2328 1163 2360; x_wconf 91' lang='lat' dir='ltr'><strong>in</strong></span> <span class='ocrx_word' id='word_1_500' title='bbox 1178 2340 1250 2368; x_wconf 83' lang='grc' dir='ltr'>ομαι</span> <span class='ocrx_word' id='word_1_501' title='bbox 1265 2327 1391 2370; x_wconf 87' lang='lat' dir='ltr'><strong>agendi</strong></span> <span class='ocrx_word' id='word_1_502' title='bbox 1406 2332 1443 2361; x_wconf 86' lang='lat' dir='ltr'><strong>et</strong></span> <span class='ocrx_word' id='word_1_503' title='bbox 1465 2327 1624 2370; x_wconf 85' lang='lat' dir='ltr'><strong>patiendi</strong></span> 
     </span>
     <span class='ocr_line' id='line_1_93' title="bbox 906 2377 1623 2420; baseline 0 -8"><span class='ocrx_word' id='word_1_504' title='bbox 906 2379 941 2412; x_wconf 82' lang='grc' dir='ltr'><strong>ἐν</strong></span> <span class='ocrx_word' id='word_1_505' title='bbox 967 2381 1015 2420; x_wconf 72' lang='grc' dir='ltr'><strong>τῷ·</strong></span> <span class='ocrx_word' id='word_1_506' title='bbox 1049 2377 1136 2420; x_wconf 80' lang='grc' dir='ltr'>μέσῳ</span> <span class='ocrx_word' id='word_1_507' title='bbox 1168 2379 1295 2411; x_wconf 89' lang='lat' dir='ltr'><strong>habent</strong></span> <span class='ocrx_word' id='word_1_508' title='bbox 1319 2377 1623 2420; x_wconf 85' lang='lat' dir='ltr'><strong>significationem.</strong></span> 
     </span>
     <span class='ocr_line' id='line_1_94' title="bbox 905 2429 1624 2472; baseline -0.004 -8"><span class='ocrx_word' id='word_1_509' title='bbox 905 2430 1067 2464; x_wconf 89' lang='lat' dir='ltr'><strong>Indidem</strong></span> <span class='ocrx_word' id='word_1_510' title='bbox 1082 2434 1162 2462; x_wconf 88' lang='lat' dir='ltr'><strong>sunt</strong></span> <span class='ocrx_word' id='word_1_511' title='bbox 1179 2429 1365 2472; x_wconf 83' lang='lat' dir='ltr'><strong>participia</strong></span> <span class='ocrx_word' id='word_1_512' title='bbox 1383 2429 1463 2470; x_wconf 89' lang='lat' dir='ltr'><strong>ista,</strong></span> <span class='ocrx_word' id='word_1_513' title='bbox 1488 2429 1533 2462; x_wconf 88' lang='lat' dir='ltr'><strong>de</strong></span> <span class='ocrx_word' id='word_1_514' title='bbox 1549 2430 1624 2472; x_wconf 90' lang='lat' dir='ltr'><strong>qui-</strong></span> 
     </span>
     <span class='ocr_line' id='line_1_95' title="bbox 908 2481 1622 2525; baseline -0.001 -9"><span class='ocrx_word' id='word_1_515' title='bbox 908 2482 969 2516; x_wconf 89' lang='lat' dir='ltr'><strong>bus</strong></span> <span class='ocrx_word' id='word_1_516' title='bbox 982 2492 1074 2516; x_wconf 89' lang='lat' dir='ltr'><strong>nunc</strong></span> <span class='ocrx_word' id='word_1_517' title='bbox 1088 2483 1234 2525; x_wconf 83' lang='lat' dir='ltr'><strong>agimus,</strong></span> <span class='ocrx_word' id='word_1_518' title='bbox 1245 2491 1337 2524; x_wconf 79' lang='lat' dir='ltr'><strong>quae,</strong></span> <span class='ocrx_word' id='word_1_519' title='bbox 1352 2481 1437 2514; x_wconf 88' lang='lat' dir='ltr'><strong>licet</strong></span> <span class='ocrx_word' id='word_1_520' title='bbox 1449 2482 1622 2523; x_wconf 85' lang='lat' dir='ltr'><strong>passivam</strong></span> 
     </span>
     <span class='ocr_line' id='line_1_96' title="bbox 905 2533 1623 2575; baseline -0.004 -6"><span class='ocrx_word' id='word_1_521' title='bbox 905 2535 1055 2568; x_wconf 85' lang='lat' dir='ltr'><strong>habeant</strong></span> <span class='ocrx_word' id='word_1_522' title='bbox 1070 2533 1365 2575; x_wconf 87' lang='lat' dir='ltr'><strong>terminationem,</strong></span> <span class='ocrx_word' id='word_1_523' title='bbox 1380 2533 1496 2566; x_wconf 85' lang='lat' dir='ltr'><strong>activa</strong></span> <span class='ocrx_word' id='word_1_524' title='bbox 1507 2537 1623 2566; x_wconf 83' lang='lat' dir='ltr'><strong>tamen</strong></span> 
     </span>
     <span class='ocr_line' id='line_1_97' title="bbox 905 2583 1622 2629; baseline -0.003 -10"><span class='ocrx_word' id='word_1_525' title='bbox 905 2591 998 2629; x_wconf 87' lang='lat' dir='ltr'><strong>sunt,</strong></span> <span class='ocrx_word' id='word_1_526' title='bbox 1018 2590 1056 2619; x_wconf 88' lang='lat' dir='ltr'><strong>ut</strong></span> <span class='ocrx_word' id='word_1_527' title='bbox 1081 2585 1200 2619; x_wconf 83' lang='lat' dir='ltr'><strong>Graeci</strong></span> <span class='ocrx_word' id='word_1_528' title='bbox 1221 2585 1257 2616; x_wconf 91' lang='lat' dir='ltr'><strong>in</strong></span> <span class='ocrx_word' id='word_1_529' title='bbox 1285 2583 1477 2627; x_wconf 88' lang='lat' dir='ltr'><strong>participiis</strong></span> <span class='ocrx_word' id='word_1_530' title='bbox 1498 2583 1622 2617; x_wconf 85' lang='lat' dir='ltr'><strong>mediis</strong></span> 
     </span>
     <span class='ocr_line' id='line_1_98' title="bbox 906 2634 1622 2680; baseline -0.001 -10"><span class='ocrx_word' id='word_1_531' title='bbox 906 2637 1101 2680; x_wconf 83' lang='lat' dir='ltr'><strong>perfectum</strong></span> <span class='ocrx_word' id='word_1_532' title='bbox 1127 2641 1164 2670; x_wconf 90' lang='lat' dir='ltr'><strong>et</strong></span> <span class='ocrx_word' id='word_1_533' title='bbox 1186 2634 1563 2678; x_wconf 84' lang='lat' dir='ltr'><strong>plusquamperfectum</strong></span> <span class='ocrx_word' id='word_1_534' title='bbox 1580 2640 1622 2669; x_wconf 80' lang='lat' dir='ltr'><strong>et</strong></span> 
     </span>
     <span class='ocr_line' id='line_1_99' title="bbox 905 2686 1618 2722; baseline 0 -1"><span class='ocrx_word' id='word_1_535' title='bbox 905 2688 1088 2721; x_wconf 73' lang='lat' dir='ltr'><strong>Aoi-istum</strong></span> <span class='ocrx_word' id='word_1_536' title='bbox 1126 2691 1157 2720; x_wconf 92' lang='lat'><strong>1.</strong></span> <span class='ocrx_word' id='word_1_537' title='bbox 1182 2692 1219 2719; x_wconf 93' lang='lat' dir='ltr'><strong>et</strong></span> <span class='ocrx_word' id='word_1_538' title='bbox 1243 2689 1276 2719; x_wconf 88' lang='grc'><strong>2.</strong></span> <span class='ocrx_word' id='word_1_539' title='bbox 1323 2686 1498 2720; x_wconf 86' lang='lat' dir='ltr'><strong>adhibent.</strong></span> <span class='ocrx_word' id='word_1_540' title='bbox 1557 2686 1618 2722; x_wconf 86' lang='lat' dir='ltr'><strong>Sic</strong></span> 
     </span>
     <span class='ocr_line' id='line_1_100' title="bbox 905 2738 1620 2781; baseline -0.003 -8"><span class='ocrx_word' id='word_1_541' title='bbox 905 2740 1023 2774; x_wconf 81' lang='lat' dir='ltr'><strong>Valer.</strong></span> <span class='ocrx_word' id='word_1_542' title='bbox 1047 2740 1145 2774; x_wconf 84' lang='lat' dir='ltr'><strong>Max.</strong></span> <span class='ocrx_word' id='word_1_543' title='bbox 1162 2748 1213 2771; x_wconf 80' lang='lat' dir='ltr'><strong>xv.</strong></span> <span class='ocrx_word' id='word_1_544' title='bbox 1229 2748 1261 2771; x_wconf 90' lang='lat' dir='ltr'><strong>c.</strong></span> <span class='ocrx_word' id='word_1_545' title='bbox 1276 2741 1306 2770; x_wconf 92' lang='lat'><strong>1.</strong></span> <span class='ocrx_word' id='word_1_546' title='bbox 1328 2739 1358 2780; x_wconf 77' lang='lat'><strong>§.</strong></span> <span class='ocrx_word' id='word_1_547' title='bbox 1374 2741 1407 2771; x_wconf 86' lang='grc'><strong>7.</strong></span> <span class='ocrx_word' id='word_1_548' title='bbox 1439 2738 1448 2756; x_wconf 90' lang='lat'>‘</span> <span class='ocrx_word' id='word_1_549' title='bbox 1465 2738 1620 2781; x_wconf 80' lang='lat' dir='ltr'><strong>Utraque</strong></span> 
     </span>
     <span class='ocr_line' id='line_1_101' title="bbox 905 2789 1618 2833; baseline -0.004 -9"><span class='ocrx_word' id='word_1_550' title='bbox 905 2795 1008 2833; x_wconf 85' lang='lat' dir='ltr'><strong>parte</strong></span> <span class='ocrx_word' id='word_1_551' title='bbox 1030 2792 1213 2833; x_wconf 85' lang='lat' dir='ltr'><strong>perorata,’</strong></span> <span class='ocrx_word' id='word_1_552' title='bbox 1239 2789 1274 2822; x_wconf 89' lang='lat' dir='ltr'><strong>id</strong></span> <span class='ocrx_word' id='word_1_553' title='bbox 1297 2794 1363 2830; x_wconf 86' lang='lat' dir='ltr'><strong>est,</strong></span> <span class='ocrx_word' id='word_1_554' title='bbox 1378 2799 1456 2822; x_wconf 90' lang='lat' dir='ltr'><strong>cum</strong></span> <span class='ocrx_word' id='word_1_555' title='bbox 1473 2794 1618 2833; x_wconf 82' lang='lat' dir='ltr'><strong>utraque</strong></span> 
     </span>
     <span class='ocr_line' id='line_1_102' title="bbox 906 2840 1617 2886; baseline 0 -10"><span class='ocrx_word' id='word_1_556' title='bbox 906 2852 985 2886; x_wconf 83' lang='lat' dir='ltr'><strong>pars</strong></span> <span class='ocrx_word' id='word_1_557' title='bbox 1010 2845 1221 2886; x_wconf 84' lang='lat' dir='ltr'><strong>perorasset.</strong></span> <span class='ocrx_word' id='word_1_558' title='bbox 1274 2840 1410 2875; x_wconf 85' lang='lat' dir='ltr'><strong>Gellius</strong></span> <span class='ocrx_word' id='word_1_559' title='bbox 1436 2840 1493 2874; x_wconf 86' lang='lat' dir='ltr'><strong>lib.</strong></span> <span class='ocrx_word' id='word_1_560' title='bbox 1524 2850 1617 2877; x_wconf 78' lang='lat' dir='ltr'><strong>xvir.</strong></span> 
     </span>
    </p>
   </div>
  </div>
 </body>
</html>
