1806 3236
334 217 536 251 PHAEDRI
569 216 680 250 ΕΑΒ.
711 215 1021 250 AEsomARUM
1053 216 1148 252 mn.
1181 216 1237 249 11.
1271 217 1400 251 EPIL.

131 312 256 358 quenti
273 313 336 349 tib.
360 322 418 349 ιιι.
433 317 467 348 1.
486 313 594 349 ‘Mihi
619 314 769 349 solennis
784 315 844 348 de·

131 365 236 400 betur
268 364 404 409 gloria:
450 364 544 399 Num
572 366 687 409 potins
719 366 845 399 intelli-

131 416 283 461 gendum
304 418 370 450 hoc
390 416 435 450 de
456 417 544 456 aliis,
560 417 633 461 qui,
647 417 783 450 etiamsi
799 417 843 453 ob

130 470 276 510 livorem
297 469 562 512 obtrectabunt,
582 481 650 504 non
675 474 845 513 poterunt

131 525 347 565 tamennon
380 522 475 557 intus
502 527 540 556 et
572 523 608 555 in
631 523 845 556 conscientia

128 566 265 617 fidere,
281 573 398 618 >digna
419 575 485 607 ista
513 584 591 607 esse
613 574 736 607 laude?
775 573 843 606 Sed

129 623 218 670 illud
229 623 390 667 prefero.
434 625 525 658 Nam
541 626 586 659 ad
608 625 755 659 eundem
772 636 844 659 mo-

130 673 213 711 dnm
226 676 238 695 ‘
255 675 511 710 Conscientiam
527 675 657 718 officii,’
668 682 705 710 et
728 677 738 695 ‘
751 676 844 710 Vitae

133 725 223 760 bene
235 726 348 769 actaess
357 726 482 760 Cicero
498 737 635 770 quoqne
651 727 844 770 usurpavit.

130 775 239 816 Schts.
285 777 426 819 Laudis,
445 777 482 810 id
498 782 567 819 est,
582 778 720 811 virtutis
743 777 845 810 laude

133 828 263 871 digua,
300 838 363 862 seu
397 828 572 863 factorum
610 829 847 862 laudabilium.

133 879 234 923 virg.
265 879 343 913 AEn.
372 889 399 914 1.
431 881 540 914 ‘Sunt
567 881 623 914 hic
652 882 758 914 etiam
785 891 847 914 sua

131 931 279 974 premia
292 931 408 965 laudi?
424 932 543 975 Nepos
554 942 639 965 xm.
653 936 687 966 2.
708 933 719 951 ⁴
736 932 845 974 Cujus

133 982 246 1018 laudis
260 988 300 1017 ut
316 984 480 1025 memoria
495 983 676 1018 maneret!
710 984 844 1017 Prosch.

180 1037 223 1068 12
244 1034 286 1068 Si
315 1038 458 1068 anunm
491 1035 646 1077 audium]
691 1035 843 1068 Proeter-

133 1090 279 1129 propter
288 1085 379 1120 hunc
391 1086 505 1119 locum
517 1086 632 1129 aliqua
647 1085 768 1119 deesse
784 1089 846 1119 aut

133 1141 301 1180 corrupta
309 1136 484 1172 videntur.
507 1137 588 1178 Εἰς.

178 1187 234 1222 Aa
257 1187 366 1231 wa]
398 1188 453 1222 De
482 1198 619 1222 rumore
645 1189 845 1232 loquuntur.

131 1239 298 1283 Virgilius
322 1239 402 1273 AEu.
424 1249 468 1274 11.
505 1241 516 1259 ‘
530 1239 649 1273 Fando
670 1239 801 1283 aliquid
817 1239 847 1272 si

134 1288 228 1326 forte
242 1293 322 1325 tna·
338 1290 499 1333 pervenit
513 1290 557 1324 ad
572 1290 697 1324 aures!
718 1290 826 1337 Schcf.

178 1341 235 1376 Ad
247 1351 340 1375 aures
350 1342 495 1386 pervenit
508 1342 595 1384 tuas]
609 1341 745 1383 Cicero,
755 1341 765 1359 ‘
778 1341 848 1375 Ac-

130 1385 256 1429 cidere
272 1393 317 1427 ad
328 1393 455 1435 aures,'
467 1393 584 1427 dicere
600 1397 715 1427 amat:
733 1397 773 1427 ut
784 1403 848 1436 pro

134 1444 181 1479 P.
194 1444 333 1480 Sestio:
353 1445 364 1464 ‘
377 1445 475 1479 Nihil
495 1450 536 1479 ut
554 1455 701 1488 unquam
717 1445 850 1478 videre-

137 1499 198 1534 tur
217 1501 298 1542 Ιωιιι
322 1497 492 1540 populare
521 1497 568 1530 ad
602 1497 722 1540 populi
748 1498 848 1531 Rom.

139 1557 242 1583 antes
265 1547 460 1582 accidisse:
505 1548 551 1581 Et
578 1547 615 1580 in
642 1547 848 1581 Vatinium:

138 1599 151 1619 ⁴
168 1598 252 1633 Non
264 1602 368 1642 putas
389 1597 443 1633 faa
466 1609 555 1642 esse,
568 1599 715 1645 -verbum
730 1609 774 1632 ex
790 1609 850 1632 ore

138 1649 235 1683 exire
248 1649 463 1693 cujusquam,
474 1649 567 1694 qnod
581 1659 650 1684 non
654 1650 850 1693 jucundum

138 1705 178 1734 et
190 1700 416 1734 honorificum
431 1701 476 1734 ad
490 1711 591 1735 aures
606 1706 682 1735 tuas
693 1701 853 1736 accidat:

139 1750 211 1786 Ubi
239 1752 344 1794 vulgo
380 1762 449 1786 non
478 1757 588 1795 recte,
611 1754 750 1787 accedat.
793 1753 852 1787 Sic

139 1801 270 1836 Accius
306 1802 398 1844 apud
429 1803 603 1836 Nonium:
645 1804 656 1822 ‘
672 1803 784 1836 Simul
810 1814 852 1837 ac

139 1858 226 1887 nota
240 1863 307 1886 vox
324 1853 367 1886 ad
381 1863 481 1887 aures
496 1854 652 1887 accidit-¹
676 1854 749 1888 Rit.

133 1942 135 1945 f
184 1907 227 1938 1⁸
250 1905 298 1939 Et
312 1904 398 1947 arte]
422 1905 530 1948 Lege,
552 1906 597 1949 Et
612 1909 686 1947 apte
687 1905 801 1948 fictas,
816 1906 852 1939 id

139 1958 208 1995 est,
223 1964 291 1989 non
305 1955 437 1999 inepte.
482 1955 588 1989 Ovid.
604 1957 701 1989 Fast.
714 1957 725 1974 ‘
742 1957 854 1998 Ligna

139 2014 247 2039 senex
271 2005 408 2048 minuit,
437 2007 646 2050 concisaque
681 2008 853 2041 construit

140 2057 248 2099 apte?
284 2057 360 2092 Liv.
386 2066 412 2091 1.
448 2057 607 2091 ‘Pileum
637 2058 743 2103 capiti
769 2064 852 2102 apte

142 2108 306 2150 reponit!
329 2108 447 2142 Heins-

186 2158 311 2201 Sentit]
333 2159 536 2201 Eleganter,
554 2164 714 2201 respectu
739 2159 852 2194 effica-

141 2210 206 2243 ciae
222 2210 320 2243 istius
341 2210 440 2251 artis,
461 2220 538 2252 quae
554 2210 648 2252 ipsos
663 2221 763 2253 paene
779 2221 854 2244 sen-

143 2269 202 2294 sus
217 2259 327 2302 tangit
337 2269 378 2293 ac
389 2260 521 2293 titillat.
552 2260 852 2294 Quemadmodum

135 2311 153 2355 ᾗ
164 2311 304 2345 sentire
331 2310 547 2344 medicinam’
569 2310 659 2344 dixit
675 2312 792 2345 Celsus
807 2313 853 2345 de

135 2367 286 2409 ρει-σω,
297 2373 376 2396 cum
391 2372 455 2405 per
465 2373 540 2396 eam
555 2364 778 2397 convalescit.
802 2364 854 2406 Si,

134 2414 270 2458 ἱὶιισῃιιίίι,
298 2414 483 2457 experiris,
513 2414 661 2456 scriptas
690 2424 765 2447 esse
794 2415 854 2448 has

133 2464 279 2504 ⁴fabulas
294 2476 364 2499 non
379 2466 513 2508 inepte,
527 2465 586 2498 sed
606 2471 682 2498 arte
704 2466 853 2508 singula-

144 2517 186 2550 ri.
230 2516 290 2549 Ita
300 2526 380 2549 mox
394 2516 455 2548 lib.
472 2525 528 2548 ιιι.
543 2519 574 2549 1.
590 2517 601 2534 ⁴
615 2517 665 2549 Ut
679 2516 769 2550 liber
784 2519 855 2551 ani-

134 2577 220 2602 ·mus
230 2568 357 2600 sentiat
370 2567 438 2599 vim
450 2567 635 2602 carminis:
657 2567 767 2608 Schef.

134 2615 147 2661 J
188 2621 232 2652 u
253 2618 440 2662 Submovet]
461 2618 536 2652 Ista
549 2629 639 2661 mea,
659 2630 726 2663 qua
749 2620 854 2653 talem

143 2668 260 2703 inveni
275 2670 454 2712 lectorem,
479 2669 536 2713 qui
559 2674 597 2703 et
615 2671 779 2713 intelligit
801 2681 854 2704 ar-

146 2723 231 2762 tem,
250 2724 288 2753 et
315 2730 359 2753 ex
386 2731 428 2753 ea
451 2721 548 2764 capit
575 2721 855 2756 delectationem.

146 2769 259 2804 Faber
273 2771 323 2804 sic
334 2772 398 2804 hoc
413 2772 490 2805 loco
505 2784 513 2805 =
540 2773 549 2790 ‘
566 2772 624 2805 Ita
634 2773 717 2805 mihi
733 2773 855 2806 beatus

147 2821 278 2859 videor,
289 2823 419 2855 nullum
434 2826 474 2856 nt
488 2823 654 2865 querendi
674 2824 785 2857 locum
803 2834 854 2856 re·

235 2876 355 2918 Delph.
367 2880 398 2909 et
418 2877 494 2911 ναν.
507 2878 595 2911 Clu-t.

829 2878 962 2911 Phaear.

1517 206 1606 254 465

893 313 1014 348 lictum
1037 323 1114 349 esse
1143 313 1288 358 putem?
1330 314 1514 357 Submoeet,
1542 319 1606 358 est,

894 365 1000 407 tollit,
1021 364 1150 406 aufert,
1166 369 1332 399 removet.
1355 365 1463 406 Sobes-

937 419 978 449 15
1003 416 1064 450 Sin
1079 420 1185 449 autem
1196 417 1236 450 ab
1252 417 1333 459 iuis]
1357 418 1484 451 Sensus
1501 418 1605 452 totius

893 469 962 503 loci
975 469 1032 501 hic
1049 474 1114 510 est,
1129 470 1156 503 si
1169 480 1305 503 sensum
1320 471 1456 505 habeo:
1480 472 1516 505 Si
1530 472 1607 514 ubi,

894 520 1035 562 Lector,
1049 530 1135 553 meae
1150 519 1279 554 fabulae
1299 522 1375 555 istae
1389 523 1607 565 complacue·

894 573 978 614 rint,
1009 579 1046 606 et
1069 579 1107 606 tu
1132 577 1168 606 te
1191 583 1235 606 ex
1258 574 1300 606 iis
1320 575 1513 608 correxeris
1527 587 1536 616 3
1552 580 1609 610 sat

895 633 954 656 ero
978 622 1074 656 felix.
1118 623 1176 656 Sin
1202 628 1318 657 autem
1342 625 1465 658 doctus
1485 626 1543 659 ille
1559 627 1608 659 la-

894 675 959 709 bor
974 684 1070 708 meus
1084 675 1274 708 hominibus
1295 677 1416 710 scaevis
1432 681 1468 711 et
1484 677 1608 712 invidis

894 725 1103 767 occurrerit,
1134 725 1169 758 id
1201 730 1267 768 est,
1297 728 1460 761 adversus
1489 727 1610 771 fuerit,

896 786 998 819 aequo
1027 777 1140 810 animo
1164 777 1268 810 sortis
1286 788 1372 811 meae
1388 779 1608 822 iniquitatem

896 828 1025 870 patiar.
1072 828 1118 862 Et
1131 828 1183 862 ita
1195 833 1234 862 tu
1250 838 1399 873 quoque,
1417 831 1483 864 nisi
1497 830 1611 873 fallor,

894 879 972 912 liaec
1008 880 1192 922 accepisti,
1225 891 1290 914 nec
1325 886 1458 916 temere
1491 893 1609 917 mones

897 932 1117 974 particulam,
1139 932 1192 973 ab,
1216 933 1398 967 sententiae
1422 934 1610 969 adversari.

896 983 1009 1017 Quam
1032 992 1098 1025 ego
1126 987 1242 1016 tamen
1265 984 1312 1028 (si
1338 985 1422 1028 quid
1446 987 1546 1019 nimis
1561 987 1611 1020 in-

895 1033 983 1066 certi
992 1034 1102 1066 ausim
1112 1034 1328 1078 proponere)
1338 1045 1406 1068 non
1417 1036 1496 1069 ideo
1512 1037 1611 1070 indu-

896 1085 1042 1118 cendam
1058 1090 1163 1129 puto:
1187 1087 1374 1129 malimque
1403 1088 1472 1120 levi
1499 1093 1611 1122 muta-

897 1136 991 1169 tione
1004 1136 1039 1168 in
1053 1147 1091 1169 ac
1102 1140 1249 1180 mutare,
1269 1141 1306 1170 et
1320 1137 1370 1170 sic
1385 1148 1488 1181 porro
1504 1140 1611 1172 inter-

897 1195 1076 1229 pungere:
1101 1187 1163 1220 Sin
1191 1191 1321 1227 autem3
1346 1200 1383 1221 ac
1409 1191 1476 1222 illis
1503 1192 1613 1225 doctus

897 1238 1038 1270 occurrit
1063 1238 1160 1271 labor.
1210 1238 1313 1271 Nosti
1344 1241 1443 1282 satis,
1469 1241 1514 1274 de
1544 1252 1612 1285 quo

898 1299 964 1332 ego
977 1290 1061 1323 alibi
1076 1290 1244 1333 pluribus,
1268 1291 1463 1334 elegantem
1479 1297 1516 1327 et
1531 1303 1612 1326 con-

898 1341 1004 1374 cisam
1027 1342 1119 1374 illam
1143 1341 1307 1385 loquendi
1323 1343 1512 1377 rationem:
1529 1355 1562 1389 q.
1573 1345 1610 1379 d.

896 1392 956 1425 Sin
966 1396 1082 1426 autem
1099 1403 1167 1426 non
1185 1392 1362 1428 admiseris
1373 1394 1448 1428 haec
1460 1395 1494 1428 in
1512 1405 1612 1430 aures

897 1444 1116 1488 animumque
1131 1448 1242 1487 tuum,
1256 1449 1292 1478 et
1307 1446 1336 1478 si
1350 1446 1428 1488 illis,
1448 1447 1507 1490 qni
1522 1448 1614 1481 irato

899 1495 1000 1539 genio
1015 1496 1089 1528 nati
1104 1496 1263 1538 sunt,hic
1273 1497 1373 1530 labor
1383 1507 1477 1530 meus
1493 1508 1614 1532 occur-

899 1547 1008 1587 rerit3
1028 1547 1143 1589 patiar
1167 1557 1208 1580 ac
1232 1547 1357 1581 feram.
1392 1549 1556 1582 Ceterum
1574 1555 1615 1584 ut

897 1606 1031 1629 mecum
1062 1597 1164 1639 scias,
1194 1608 1259 1632 nec
1289 1598 1405 1640 nimis,
1440 1599 1531 1643 quod
1562 1601 1615 1634 illi

900 1647 1024 1688 solent,
1039 1649 1185 1681 aestuavi
1194 1649 1229 1682 in
1246 1650 1446 1693 conjectura
1457 1651 1534 1693 hac,
1547 1661 1614 1684 nec

901 1698 984 1731 mihi
1000 1698 1100 1732 valde
1125 1699 1170 1732 de
1185 1710 1227 1733 ea
1241 1701 1378 1744 placeo,
1402 1711 1447 1735 ne
1467 1702 1543 1745 quis
1558 1713 1615 1736 me

901 1754 1056 1783 censeat.
1093 1751 1199 1784 Certe
1214 1753 1224 1771 ⁴
1238 1753 1445 1787 occurrere'
1462 1763 1540 1796 pro,
1556 1754 1618 1787 ad·

903 1802 1045 1843 versari,
1079 1807 1118 1834 et
1147 1803 1351 1846 Propertius
1382 1814 1478 1837 meus
1514 1805 1616 1840 dixit.

902 1851 1030 1894 Schiop.
1076 1853 1201 1896 Neque
1224 1855 1305 1888 mihi
1328 1856 1501 1899 displicet,
1523 1858 1616 1900 quod

901 1903 1007 1937 habet
1026 1905 1239 1948 Schoppius:
1263 1906 1324 1940 Sin
1346 1911 1474 1946 autem,·
1499 1918 1538 1940 ac
1552 1909 1618 1942 inis

901 1956 1010 1988 doctus
1025 1957 1162 1989 occurrit
1177 1956 1274 1991 labor.
1320 1958 1399 1991 Hoc
1427 1967 1551 1991 sensu:
1579 1960 1617 1992 Si

903 2011 1020 2039 autem
1034 2006 1094 2039 illa
1109 2017 1186 2040 mea
1200 2018 1270 2041 non
1286 2013 1341 2041 est
1356 2008 1507 2048 fortuna,
1526 2014 1565 2042 ut
1577 2013 1618 2042 tu

902 2059 997 2100 legas
1009 2059 1241 2103 aestimesque,
1254 2065 1291 2093 et
1306 2061 1357 2093 illi
1373 2065 1509 2094 tantum
1525 2062 1616 2096 hunc

902 2108 1057 2141 laborem
1073 2119 1186 2142 meum
1202 2116 1339 2143 sumant
1354 2112 1387 2143 in
1401 2121 1533 2155 manus,
1548 2113 1620 2157 qui,

903 2162 970 2193 &c.
994 2161 1154 2202 Occurrit,
1171 2161 1367 2204 Schoppius
1384 2164 1542 2206 exponit,
1558 2164 1618 2197 ad-

904 2216 1073 2254 versatur,
1083 2212 1242 2246 inimicus
1254 2218 1318 2255 est,
1329 2214 1409 2247 odio
1419 2219 1484 2249 est.
1529 2216 1618 2249 Sub-

903 2262 1067 2295 tilitatem
1085 2264 1223 2307 quaerit,
1239 2264 1295 2297 ubi
1313 2266 1404 2298 nulla
1419 2271 1484 2300 est.
1527 2267 1616 2300 Dix-

903 2318 979 2346 erat
1006 2323 1111 2356 supra
1138 2315 1327 2348 ‘Pervenit
1356 2317 1401 2349 ad
1423 2310 1557 2359 aures'3’
1581 2318 1617 2351 id

903 2364 959 2398 liic
974 2365 1042 2397 alio
1056 2365 1158 2398 modo
1175 2366 1293 2399 reddit
1306 2376 1369 2410 per
1383 2368 1530 2402 occurrit.
1553 2370 1617 2402 Er-

903 2426 948 2459 go
966 2418 1101 2449 occurrit
1127 2416 1205 2458 illis,
1227 2421 1291 2458 est,
1311 2418 1355 2449 ad
1371 2427 1481 2460 aures,
1493 2419 1537 2451 ad
1549 2429 1619 2452 ma·

904 2476 968 2499 nus
986 2477 1105 2500 eorum
1124 2467 1295 2509 pervenit.
1318 2468 1441 2501 Cicero
1456 2469 1500 2501 de
1517 2469 1619 2504 Orat.

903 2517 914 2536 ‘
932 2518 1026 2550 Nihil
1044 2523 1078 2551 te
1094 2517 1251 2560 effugiet,
1265 2524 1370 2563 atque
1386 2529 1499 2561 omne,
1525 2521 1617 2563 quod

903 2569 972 2602 erit
1000 2569 1035 2602 in
1064 2579 1113 2611 re,
1142 2575 1304 2603 occurret
1327 2574 1434 2613 atque
1461 2570 1639 2604 incidet.'-

904 2619 1012 2661 Schef.
1057 2621 1163 2653 Forte
1188 2621 1256 2662 legi
1278 2621 1398 2661 debet,
1417 2621 1478 2654 Sin
1492 2626 1618 2656 autem.-

903 2682 942 2704 «ιε
970 2673 1037 2704 iuis
1056 2673 1165 2704 doctus
1192 2672 1313 2704 acuerit
1342 2672 1441 2705 labor.
1484 2672 1619 2707 Acuerie

905 2723 948 2756 ab
963 2734 1034 2756 aceo
1050 2724 1106 2756 vel
1120 2733 1236 2756 acesco.
1262 2723 1367 2757 Ovid.
1383 2724 1480 2756 Rem.
1496 2722 1617 2757 Amor.

905 2777 982 2807 307.
1006 2776 1016 2793 ⁴
1034 2775 1122 2808 Haec
1147 2774 1211 2806 tibi
1233 2784 1296 2816 per
1311 2778 1403 2807 totos
1419 2774 1618 2808 inacescant

905 2826 1019 2858 omnia
1045 2829 1187 2858 sensus.'
1230 2826 1298 2858 Ubi
1325 2826 1401 2858 vide
1427 2830 1526 2858 notas
1542 2836 1618 2859 nos-

1453 2879 1531 2913 ’ἐῢ
