1806 3236
202 237 288 280 404

199 343 360 385 jactabat
375 342 489 377 inani?
510 342 616 382 Sches.

247 396 381 428 Jactant
394 392 657 437 imprudentibus]
678 394 784 436 Lege,-
794 393 912 435 jactat.

675 246 816 278 NOTAE
849 246 1115 279 VARIORUM
1151 247 1201 277 IN

965 336 1132 375 Similiter
1146 345 1298 374 erratum
1322 343 1400 372 erat
1424 337 1514 372 infra
1537 337 1597 373 lib.
1608 340 1669 378 '111-
1737 371 1739 373 ,

965 391 1034 426 fab.
1049 395 1101 426 14.
1115 392 1226 425 debent
1241 401 1304 435 pro
1317 391 1417 424 debet.

684 656 941 700 FABULA
988 654 1192 698 XXIII.

251 803 349 835 Canis
349 802 476 845 fidelis]
486 803 701 836 Camerarius
711 805 823 845 pass.
835 801 911 843 Rig.

251 855 348 887 Canis
352 855 479 898 fidelis]
510 856 589 889 Jae.
605 855 770 898 Micyllus
787 856 821 887 in
838 864 914 887 car-

205 907 296 938 mine
310 906 568 948 elegantissimo
581 906 623 939 de
638 906 810 939 Canibus:
834 907 843 924 ‘
859 905 915 937 In-

206 960 261 988 ter
273 956 516 998 quadrupedes
531 957 626 990 canis
641 956 778 990 fidelis.’
812 957 897 989 Ritt.

250 1010 267 1038 1
294 1007 450 1050 Repente]
473 1008 526 1040 Ex
549 1008 748 1051 improviso,
770 1012 806 1041 et
827 1017 914 1050 prae·

206 1061 261 1090 ter
275 1067 385 1099 spem,
399 1059 478 1101 quia
490 1063 619 1101 praeter
630 1059 912 1092 consuetudinem

205 1107 291 1148 ejus.
336 1107 393 1140 Ita
409 1108 532 1141 Cicero
547 1109 612 1151 Ep.
630 1110 723 1143 Fam.
739 1109 799 1142 lib.
817 1119 851 1142 v.
877 1112 910 1142 4.

205 1159 214 1176 ‘
232 1158 350 1190 Caesar
364 1163 509 1201 repente
534 1163 665 1201 praeter
685 1169 782 1202 spem
797 1159 911 1201 dixit:

205 1209 271 1240 &c.
295 1207 402 1249 Schef.

248 1261 269 1289 2
295 1258 424 1301 Tendit]
450 1259 586 1292 Tendere
610 1260 753 1293 verbum
776 1263 831 1292 est
854 1268 912 1292 ve-

204 1308 379 1348 naticum3
403 1318 480 1341 nam
509 1309 605 1342 tendi
631 1309 722 1342 retia
748 1309 912 1341 dicuntur

205 1357 299 1399 feris,
319 1368 397 1390 cum
422 1363 621 1401 captantur.
666 1359 840 1392 Caeterum
862 1358 911 1391 sic

205 1414 242 1442 et
279 1410 474 1453 Saliustius‚
517 1413 528 1431 ‘
543 1412 707 1445 Tendere
749 1412 912 1454 insidias:

206 1460 294 1492 dixit
305 1461 339 1492 in
350 1461 454 1494 Catil.
476 1462 584 1502 Schef.
621 1463 787 1495 Horatius
801 1463 911 1505 Epod.

206 1518 246 1542 ιε.
270 1510 279 1528 ‘
298 1509 370 1542 Aut
385 1511 489 1544 amite
503 1513 573 1545 levi
589 1522 666 1545 rara
681 1511 796 1545 tendit
811 1513 911 1553 retia,

205 1558 334 1591 Turdis
350 1560 514 1593 edacibus
536 1562 657 1596 dolos!
702 1562 772 1594 Ubi
793 1566 831 1595 et
845 1566 912 1594 ten-

205 1610 288 1650 dere,
314 1614 350 1642 et
364 1612 458 1653 dolos,
478 1617 516 1644 ut
541 1612 596 1645 hic
621 1613 654 1645 in
678 1613 819 1646 Phaedri
834 1622 913 1646 con·

206 1664 320 1692 textu.
343 1661 451 1694 Axen.

252 1711 381 1753 Tendit]
404 1713 446 1744 In
462 1714 546 1747 Mss.
562 1718 638 1746 erat
652 1714 800 1746 ostendit.
844 1713 914 1746 Sed

206 1770 388 1802 perperam
413 1765 610 1806 exscriptor
626 1764 814 1806 geminavit
829 1764 913 1796 duas

205 1812 325 1844 literas
349 1817 538 1854 postremas
564 1815 658 1846 vocis
682 1814 913 1856 praecedentis

206 1862 338 1901 inritos;
353 1862 471 1895 eodem
484 1863 586 1896 modo
600 1863 690 1897 infra
703 1865 726 1898 l.
740 1873 781 1898 11.
796 1864 831 1896 in
844 1864 914 1896 Ms.

208 1917 263 1945 est
272 1914 387 1946 Azacer
400 1918 484 1947 certe
494 1925 572 1957 pro,
586 1916 698 1957 Alapoe
711 1919 806 1948 certe.
821 1914 914 1948 Gnd.

250 1965 269 1995 3
294 1964 490 2006 Nocturnus]
512 1965 601 1998 Haec
627 1964 743 1998 fabula
769 1965 820 2008 (in
845 1974 914 2008 qua

208 2015 315 2056 elegis
329 2015 483 2047 ornanda
501 2016 692 2058 juvenatur
713 2015 824 2048 Anon.
840 2014 913 2048 fab.

206 2067 279 2106 23.)
304 2065 484 2101 transferri
498 2066 585 2098 scite
607 2070 723 2109 posset
737 2066 779 2099 ad
796 2070 913 2108 partes

208 2115 330 2148 animae
343 2127 352 2148 :
377 2116 486 2156 sic‚ut
497 2117 600 2150 Canis
612 2122 704 2151 esset
714 2117 914 2159 irascibilis3

209 2165 339 2207 Herus,
366 2167 563 2207 rationalis3
594 2167 664 2199 Fur
689 2177 812 2210 panem
836 2168 914 2200 mit-

208 2221 296 2256 tens,
321 2218 608 2260 concupiscibilis.
642 2220 835 2252 ‘Rationem
853 2229 915 2262 pro

206 2276 261 2300 me
284 2268 379 2301 dicat
401 2269 470 2301 mel
495 2268 577 2301 illud
595 2268 772 2302 Chai-itum
788 2269 844 2313 (ut
858 2279 915 2302 vo-

207 2322 266 2351 cat
295 2319 328 2350 in
360 2318 549 2360 Epitaphio
575 2319 678 2352 Card.
707 2319 916 2362 Bevilaqua)

206 2369 308 2410 Torq.
324 2369 465 2409 Tassus,
479 2369 514 2401 in
526 2369 703 2410 Allegoria
716 2369 769 2401 sui
785 2369 915 2402 Gotho·

208 2417 311 2451 fredi.
339 2419 474 2452 Prasch.
518 2420 636 2452 Noctu
663 2418 768 2452 furari
784 2420 917 2452 solitus.

207 2470 265 2502 Sic
282 2470 469 2502 solenniter
491 2475 634 2503 vocatur
659 2481 680 2503 a
703 2470 817 2511 JCtis,
843 2475 880 2504 et
895 2481 916 2502 a

208 2520 320 2551 diurno
332 2519 575 2561 distinguitur3
599 2520 677 2552 vide
689 2520 798 2553 Cicer.
810 2520 844 2552 in
853 2521 915 2554 Or.

210 2580 275 2612 pro
291 2571 414 2603 Milon.
444 2571 550 2611 Sches.
593 2571 748 2604 Plurima
773 2571 816 2604 de
837 2582 915 2605 noc·

210 2621 319 2653 turnis
345 2620 476 2654 furibus
502 2623 569 2655 huc
601 2622 720 2655 attulit
749 2621 913 2654 Axenius.

210 2671 290 2702 Vid.
308 2675 341 2703 et
359 2671 400 2702 ad
420 2672 562 2704 Petron.
577 2681 652 2714 cap.
670 2675 721 2704 15.
738 2678 775 2703 et
787 2674 840 2704 57.

254 2722 374 2753 Panem
402 2722 536 2755 misisset
566 2722 653 2764 cani]
699 2722 912 2763 objecisset,

212 2774 362 2813 proprie.
423 2774 550 2806 Noster
581 2773 670 2806 infra
701 2773 757 2805 lib.
791 2781 848 2804 ιιι.
881 2775 912 2804 2.

966 799 1152 833 Pantherae
1175 798 1186 818 ‘
1201 798 1365 841 periturae
1387 797 1510 831 misere
1525 794 1673 840 punem!

968 852 1061 885 Hinc
1077 852 1220 894 ηιὺεὶιὶα,
1235 861 1310 894 quae
1321 851 1503 893 jactantur
1516 851 1555 881 et
1574 855 1671 891 spu-

968 907 1096 945 guntur
1111 903 1146 935 in
1161 903 1298 944 vulgus,
1311 901 1450 943 passim.
1495 897 1599 932 Adde
1611 897 1672 931 lib.

966 964 1008 988 11.
1023 958 1057 988 3.
1080 953 1186 994 Schef.
1230 954 1363 987 Seneca
1377 951 1491 994 Epist.
1506 951 1572 984 21.-
1585 949 1596 968 ‘
1611 949 1673 981 Vi·

967 1005 1059 1039 disti·
1078 1003 1263 1047 aliquando
1279 1004 1407 1035 Canem
1429 1001 1535 1033 missa
1556 1007 1579 1032 a
1599 998 1672 1031 Do-

966 1058 1059 1090 mino
1073 1055 1186 1089 frusta
1201 1055 1299 1099 panis
1323 1058 1384 1087 aut
1408 1053 1520 1087 earnis
1546 1054 1671 1094 aperto

967 1118 1028 1141 ore
1043 1105 1267 1150 captantem?
1287 1105 1393 1139 Amen.
1434 1102 1525 1136 Vide
1547 1100 1593 1134 de
1605 1101 1672 1135 hoe

964 1158 1129 1201 loquendi
1155 1166 1282 1200 genere
1299 1156 1464 1189 Gronov.
1490 1153 1534 1187 ad
1549 1153 1673 1186 Senec-

965 1210 1104 1243 consol.
1121 1208 1165 1242 ad
1183 1208 1348 1241 Marciam
1363 1215 1441 1248 cap.
1454 1209 1487 1238 5.

1007 1262 1028 1292 4
1053 1257 1197 1300 Oln'ecto]
1232 1258 1346 1291 Etiam
1373 1256 1436 1288 hoc
1458 1253 1611 1298 proprie,
1633 1257 1672 1286 nt

966 1310 1057 1343 cani.
1106 1310 1238 1342 Seneca
1259 1308 1304 1342 de
1329 1307 1451 1340 Const.
1477 1309 1532 1339 14.
1562 1305 1675 1338 ‘Tan-

965 1369 1066 1402 quam
1082 1367 1202 1392 canem
1219 1366 1333 1391 acrem
1358 1356 1502 1398 objecto
1523 1354 1603 1388 cibo
1625 1355 1674 1388 le-

963 1409 1063 1443 niet!
1106 1409 1240 1442 Plinius
1269 1407 1331 1440 lib.
1357 1407 1442 1439 vul.
1466 1408 1521 1439 4⁰.
1555 1405 1568 1425 ‘
1586 1405 1674 1439 Cum

965 1460 1102 1503 quidam
1135 1460 1169 1491 ei
1190 1456 1301 1502 (cani)
1325 1457 1441 1491 cibum
1466 1455 1675 1498 objeci-sete

966 1510 1074 1550 Schef.
1119 1510 1250 1542 Seneca
1265 1509 1309 1542 de
1324 1508 1384 1541 Ira
1404 1515 1463 1540 ιιι.
1484 1508 1539 1540 37.
1559 1507 1571 1525 ⁴
1583 1505 1674 1539 Iras-

966 1562 1055 1594 ceris
1071 1570 1155 1602 ergo
1165 1557 1341 1593 catenario
1354 1557 1456 1591 caui?
1467 1561 1504 1590 et
1512 1557 1580 1606 iiie,
1595 1565 1674 1590 oum

966 1614 1113 1646 muttum
1129 1612 1286 1654 latravit,
1310 1610 1450 1653 objecto
1474 1609 1556 1644 cibo
1579 1618 1675 1642 man·

968 1663 1122 1697 suescit.
1143 1663 1247 1696 Amen·
1299 1661 1356 1696 Sic
1380 1660 1595 1704 ‘Objecam
1622 1659 1675 1693 lu-

969 1714 1084 1747 crum'
1106 1713 1166 1746 lib.
1180 1722 1230 1747 1v.
1247 1715 1302 1746 11.

1014 1765 1165 1806 Tenem]
1190 1763 1368 1796 Absolute.
1391 1762 1442 1796 Ut
1456 1760 1549 1804 apud
1558 1761 1676 1795 Cicer.

969 1815 1096 1848 Parad.
1118 1815 1290 1847 ‘Tentare
1320 1813 1427 1854 volui,
1451 1821 1496 1845 an
1521 1812 1572 1845 ita
1602 1811 1674 1844 diei

969 1865 1135 1908 possent?
1157 1863 1264 1904 Schef.
1309 1862 1380 1896 qu.
1411 1871 1463 1895 tv.
1493 1865 1526 1897 7.
1554 1863 1566 1881 ⁸
1586 1861 1674 1894 Hoec

970 1926 1047 1950 cum
1063 1920 1228 1957 tentaret,
1242 1914 1271 1947 si
1289 1924 1355 1957 qua
1368 1917 1533 1947 resesset
1547 1912 1641 1946 cibi?

1011 1966 1066 1999 An
1088 1966 1155 1999 cibo
1176 1969 1279 2008 posset
1301 1964 1387 2007 capi]
1423 1964 1466 1997 Id
1481 1969 1548 2004 est,
1569 1964 1612 1997 ad
1628 1964 1675 1997 si-

967 2010 1109 2050 lenffum
1138 2015 1282 2050 aniceti.
1326 2015 1425 2049 Idem
1455 2019 1509 2048 est
1533 2013 1676 2048 effectus

966 2068 1102 2111 lapidis,
1126 2067 1184 2111 qui
1210 2067 1246 2100 in
1279 2066 1361 2099 Nilo
1387 2066 1560 2107 nascitur5
1585 2063 1675 2098 fabe

966 2121 1077 2153 instar
1105 2129 1179 2162 prae
1204 2127 1242 2152 se
1267 2117 1407 2151 ferens:
1440 2116 1470 2150 si
1495 2116 1675 2159 Thrasyllo

966 2174 1107 2211 stamus,
1120 2178 1163 2201 ex
1176 2178 1244 2212 quo
1258 2172 1428 2202 memorat
1441 2166 1620 2200 Plutarch.
1630 2166 1675 2199 de

967 2220 1067 2253 Fluv.
1126 2219 1231 2252 Hunc
1259 2218 1350 2252 enim
1376 2218 1417 2251 ἂν
1439 2216 1529 2250 κύνες
1555 2217 1676 2259 ἴδωσιν,

968 2270 1031 2312 οὐχ
1044 2269 1243 2303 ὕλάκτουσιν.
1267 2268 1403 2302 Prason.
1444 2268 1620 2311 Tanquam
1635 2276 1674 2300 re

967 2320 1169 2354 delectabili
1185 2319 1274 2353 trahi
1290 2319 1325 2351 in
1339 2324 1472 2362 partes,
1495 2322 1532 2351 et
1548 2318 1676 2351 obnox-

969 2372 1020 2404 ius
1047 2371 1158 2403 reddi.
1202 2370 1260 2403 Ita
1288 2369 1469 2403 Cornelius
1495 2368 1540 2401 de
1561 2367 1673 2410 sylla,

968 2422 1042 2455 Vit.
1057 2421 1169 2454 Attio.
1199 2429 1276 2463 cap.
1301 2423 1336 2454 4.
1372 2423 1382 2440 ‘
1397 2420 1523 2453 Secum
1547 2417 1668 2451 habuit

973 2471 1210 2514 Pomponium,
1237 2475 1360 2513 captus
1380 2467 1610 2502 adolescentis
1635 2473 1671 2500 et

970 2522 1183 2555 humanitate
1200 2525 1236 2554 et
1252 2520 1434 2554 doctrina?
1456 2518 1563 2558 M

1013 2577 1032 2605 5
1057 2573 1147 2605 Heus
1158 2571 1278 2614 inquit]
1300 2571 1390 2604 Nob.
1406 2569 1568 2604 Heinsius
1581 2569 1671 2602 hune

970 2632 1105 2655 versum
1121 2623 1170 2654 ita
1196 2622 1341 2664 corrigit
1352 2632 1361 2654 z
1374 2620 1488 2662 ‘Heu-s,
1502 2620 1542 2662 si,
1556 2620 1672 2661 iuquit,

967 2674 1105 2714 linguam
1120 2673 1166 2704 vis
1176 2682 1274 2704 meam
1284 2671 1483 2714 praecludere.
1508 2669 1669 2712 Optime:

967 2727 1083 2765 posset
1108 2728 1222 2756 tamen
1246 2723 1327 2755 illud
1353 2722 1401 2757 vis
1425 2721 1670 2763 interrogative

969 2773 1091 2816 accipi.
1136 2774 1192 2807 Sic
1205 2774 1300 2806 Curt.
1318 2773 1374 2805 lib.
1392 2781 1443 2805 lx.
1461 2775 1491 2805 3.
1508 2773 1518 2791 ⁴
1537 2774 1671 2805 Fratres
