1806 3236
241 216 329 259 542

243 325 331 362 sum,
365 321 457 364 quod
502 320 717 354 nihilominus
753 326 815 354 tua
850 331 951 355 manu

241 371 456 414 scripsisses?
478 371 585 412 Senes.

284 422 471 463 Adonirmu]
492 423 562 455 Ms.
576 421 772 456 Ammimns.
793 421 886 457 Gud.

287 472 520 516 Interrogavit]
545 474 638 507 Num
651 473 869 507 scribendum
884 473 954 508 ‹lis-

242 523 551 566 tinguendumque,
572 524 787 566 Interrogavit
801 535 927 559 causam
936 524 953 559 2

222 575 302 610 ,Ito
327 583 410 608 sane
433 573 525 608 infra.
546 574 606 608 lib.
627 584 676 608 ιν.
701 585 733 610 ο.
748 578 802 608 18.
824 575 836 594 ‘
851 576 954 609 Hanc

243 626 313 659 alia
325 636 430 669 quum
445 631 588 669 rogaret
605 637 746 661 causam
767 627 956 661 facinoris?

243 677 313 711 Sed
327 678 410 710 nibil
424 681 534 720 muto,
549 678 631 721 quia
651 679 837 722 praecedit,
850 689 956 722 quiere.

247 728 384 761 Causam
398 729 498 771 dixit,
524 729 620 772 ellip.
635 740 713 773 pro,
727 740 866 764 causam
881 740 957 764 esse

245 779 346 812 dixit.
390 779 450 812 Ita
475 789 551 822 sup.
577 790 655 824 cap.
677 784 711 814 4.
736 781 957 823 *Οιιιιαζεεᾶ

245 839 312 862 non
329 830 481 864 dieitur!
508 830 612 870 Scires.

288 883 308 913 7
333 881 463 913 Honore
470 880 632 923 fructum]
664 882 759 916 Quid
785 882 814 916 si
839 883 958 924 legas:

246 931 410 963 Honorem
428 930 569 971 fructu?
621 934 744 968 Barth.
783 933 958 967 reddidit:

248 982 424 1023 Opimitoete
449 992 489 1015 ne
515 986 662 1025 putemur
687 985 763 1017 utili
799 985 961 1018 Honorem

245 1032 363 1064 habere
373 1032 545 1067 muitum.
567 1034 705 1068 Buchn.
747 1034 817 1068 Sed
843 1039 878 1068 et
904 1035 962 1068 Ri-

247 1083 375 1126 galtius
391 1083 442 1116 sic
465 1084 597 1126 edidit3
619 1091 658 1118 et
673 1085 813 1119 videtur
827 1086 961 1119 melius.

249 1135 395 1168 Freinsk.
451 1135 462 1155 ‘
475 1136 649 1178 Videtur,’
686 1137 800 1180 inquit
837 1138 962 1180 Faber,

246 1185 258 1204 ‘
274 1186 472 1229 legendum,
496 1187 660 1221 Honorem
680 1188 819 1229 fructu!
862 1188 962 1221 Idem

249 1240 331 1270 ante
336 1237 544 1279 judicarunt
556 1238 742 1282 Rigaltius,
753 1243 790 1272 et
802 1240 963 1281 Ursinus,

250 1292 288 1320 et
324 1297 436 1330 nuper
472 1289 578 1321 etiam
619 1289 888 1330 Freinshemius,
923 1299 964 1322 ac

249 1339 466 1380 Buchnerus,
498 1339 748 1382 Interpresque
795 1340 963 1374 Gallicus.

250 1390 384 1424 Quibus
413 1390 478 1423 etsi
504 1400 573 1423 non
610 1400 811 1432 repugnem,
846 1394 964 1423 tamen

251 1444 373 1473 contra
383 1440 491 1473 libros
508 1444 638 1473 temere
654 1441 738 1473 nihil
750 1445 858 1474 muto.
880 1441 965 1474 Sen-

251 1500 309 1522 sus
319 1490 389 1523 loci
402 1491 503 1533 hujus
514 1491 655 1524 videtur
667 1501 743 1524 esse
755 1502 765 1524 2
791 1492 967 1534 Elegimus

253 1541 396 1574 arbores
427 1542 539 1574 nullos
567 1541 718 1576 ferentes
746 1541 895 1583 fructus,
921 1551 966 1575 ne

252 1592 443 1635 videamur,
457 1593 487 1625 si
503 1593 638 1636 quando
655 1593 691 1626 in
711 1593 893 1626 arboribus
908 1594 967 1626 ho·

252 1643 363 1676 mines
377 1653 439 1676 nos
459 1643 643 1685 honorant,
665 1644 968 1682 venderesructum

253 1694 389 1726 illarum
406 1693 567 1726 arborum
585 1704 646 1736 pro
662 1695 802 1736 honore,
816 1699 853 1727 et
863 1695 968 1727 hono-

255 1753 330 1776 rem
345 1745 443 1777 velut
465 1737 649 1786 pecuniam
675 1754 739 1786 pro
754 1743 872 1776 fructu
884 1743 970 1776 reci-

254 1805 352 1837 pere.
407 1796 554 1828 Fructus
584 1805 667 1828 sane
697 1795 856 1830 arborum
888 1799 970 1828 sunt

256 1846 350 1887 Diis,
363 1855 432 1879 non
449 1856 531 1879 vero
542 1846 662 1879 honor.
708 1846 770 1879 Dii
782 1846 890 1888 igitur
900 1855 969 1878 non

254 1897 419 1929 honorem
435 1896 601 1937 vendunt,
612 1895 673 1928 sed
688 1894 853 1929 fructum.
876 1896 971 1928 Prae-

256 1950 356 1979 terea
370 1955 436 1978 nec
461 1945 598 1979 fructus
625 1946 784 1979 arborum
810 1946 854 1979 ad
878 1946 971 1979 Deos

255 1997 411 2031 veniunt.
454 1998 505 2030 Et
528 1998 564 2030 in
590 1997 787 2030 universum
811 1998 973 2040 praecipit

257 2049 332 2081 haec
357 2047 492 2089 fabula,
519 2057 588 2080 nou
626 2048 779 2081 fructum
813 2058 971 2091 qnaerere

258 2099 451 2141 proprium,
474 2102 511 2131 et
533 2109 644 2141 suum,
666 2099 727 2131 sed
744 2099 975 2132 communiter

257 2149 425 2183 fructum.
447 2149 554 2189 schef.
587 2149 643 2182 An
660 2149 892 2190 scribendum,
902 2149 973 2181 Ho-

258 2209 365 2232 norem
369 2198 485 2238 fructu
493 2208 532 2231 ne
542 2199 704 2232 uideamur
708 2199 865 2242 pendere?
888 2200 974 2232 Pen-

256 2251 342 2291 dere,
367 2249 390 2281 i.
404 2259 437 2282 e.
459 2249 672 2292 expendere,
688 2249 878 2283 destinare.
903 2250 973 2282 Gu-

258 2300 316 2333 iet.
360 2300 545 2342 vulgatam
569 2301 760 2333 lectionem
788 2301 838 2333 ita
865 2300 975 2342 expli-

261 2360 349 2391 cem,
363 2353 403 2383 ut
416 2350 580 2383 honorem
594 2350 638 2383 de
655 2349 831 2383 sacrificiis
845 2354 883 2383 et
895 2360 976 2392 sup·

261 2401 507 2443 plicationibus
530 2405 568 2434 et
592 2402 730 2434 caeteris
753 2401 888 2443 ritibus,
903 2402 976 2443 qui-

260 2451 328 2483 bus
353 2452 416 2484 Dii
441 2452 614 2494 coluntur,
638 2451 783 2493 capiam.
825 2452 862 2484 Si
890 2461 974 2494 ergo

261 2501 461 2535 fructiferas
488 2503 628 2536 arbores
652 2502 818 2544 legissent
842 2502 913 2543 Dii,
928 2503 976 2535 vi·

262 2553 428 2586 derentur
443 2564 559 2586 earum
575 2553 710 2587 fructus
723 2557 761 2586 et
772 2557 975 2596 proventum

263 2603 415 2636 vendere
429 2604 628 2637 mortalibus
646 2604 777 2636 honore
793 2602 976 2637 sacrificio-

265 2664 354 2694 rum,
367 2663 434 2696 quo
447 2654 543 2696 quasi
557 2664 614 2686 eos
625 2657 894 2687 remunerentur.
916 2653 977 2686 Ita

265 2704 427 2736 Honorem
441 2704 568 2746 passim
593 2704 684 2747 apud
712 2704 841 2738 Poetae
856 2713 975 2736 occur-

266 2766 345 2788 rere
361 2757 535 2798 vulgatum
550 2761 615 2790 est.
658 2756 750 2789 Vide
772 2755 916 2789 Erhard.
931 2755 976 2787 ad

273 2808 416 2840 Petron.
432 2816 593 2842 cxxxiii.
614 2808 739 2850 cuper.
765 2807 849 2840 Obs.
873 2815 915 2838 11.
942 2809 974 2838 3.

705 226 850 259 NOTAE
883 226 1149 260 vARlORUM
1186 229 1238 260 IN

999 322 1120 357 Barth.
1146 323 1190 356 ad
1219 323 1310 356 Stat.
1337 332 1388 357 vi.
1415 327 1448 358 6.
1484 323 1637 359 Seriver.
1662 324 1707 359 od

1001 373 1111 408 Mart.
1126 374 1301 417 Spectacl.
1327 383 1355 409 1.
1377 375 1511 410 Brouk.
1533 374 1579 408 ad
1597 375 1707 412 'l'ian

1002 434 1054 459 ιν.
1067 427 1100 459 6.
1117 428 1148 458 1.
1170 425 1286 458 Bur-m.

1045 475 1309 517 Honoresruotu]
1323 475 1711 518 Homemsmaem'l’e'r-

1004 531 1070 560 rot.
1085 531 1123 560 et
1135 527 1261 561 Faiirn.
1285 529 1372 562 Gud-

1047 581 1069 611 8
1090 579 1140 612 At
1152 578 1338 620 mehercule]
1359 578 1479 613 Verba
1486 583 1567 614 sunt
1580 579 1713 614 Miner-

1005 640 1058 663 vae
1073 629 1258 663 refutantis
1271 630 1406 663 Jove..
1448 630 1593 664 Ursinus
1602 639 1712 673 porro

1005 681 1111 723 legit:
1133 682 1182 714 At
1195 681 1262 714 hoeo
1275 680 1453 723 (Minerva
1466 680 1558 724 seii.)
1570 691 1620 715 me
1639 681 1713 714 her-

1006 733 1083 773 cule,
1098 741 1245 774 moxque
1258 735 1378 765 umet.
1419 731 1545 766 Quid?
1559 731 1589 765 si
1609 730 1713 766 faeta-

1008 792 1102 816 mus:
1124 782 1171 815 At
1194 783 1251 825 mi,
1274 782 1427 823 hercules,
1447 782 1501 824 ᾄτ.
1526 785 1568 816 ιη
1589 781 1635 816 mi
1655 782 1715 823 sit,

1008 833 1102 866 mihi.
1143 833 1235 866 Sane
1257 833 1302 866 mi
1324 833 1361 865 in
1385 843 1435 866 me
1448 836 1618 866 mutatum
1632 831 1715 867 subi

1009 893 1148 927 qnoque
1175 883 1391 918 notabamus.
1430 883 1540 924 διπλᾶ.
1597 883 1714 924 Forte,

1008 934 1057 968 At
1070 935 1220 968 mehercle
1230 938 1340 969 amet
1352 935 1493 977 quisque,
1503 934 1650 977 quioquid
1662 944 1715 969 oo-

1009 986 1116 1019 luen't.
1158 986 1226 1019 Vel
1240 986 1367 1028 potius,
1379 984 1429 1019 At
1443 985 1594 1019 mehercle
1601 984 1718 1028 probo·

1009 1037 1067 1079 rit,
1090 1037 1158 1078 vel,
1190 1037 1329 1079 pararit,
1357 1037 1438 1078 quod
1463 1036 1534 1079 quis
1560 1035 1718 1075 voluerim

1011 1088 1068 1120 vel
1080 1088 1239 1130 denique,
1251 1087 1296 1120 At
1308 1087 1457 1121 mehercle
1465 1097 1573 1121 carum
1579 1086 1718 1128 habeut,

1011 1140 1092 1181 quod
1123 1139 1193 1181 quis
1223 1139 1370 1181 coluerit,
1398 1139 1468 1180 vel,
1501 1137 1569 1172 ouri
1595 1137 1720 1172 habeat.

1015 1190 1136 1223 Heins.

1056 1239 1230 1283 Narrabit]
1249 1239 1409 1282 Proprie,
1430 1239 1527 1273 velut
1541 1238 1586 1272 de
1610 1247 1649 1272 re
1673 1239 1719 1272 ad

1012 1301 1049 1324 se
1064 1291 1148 1323 nihil
1163 1291 1371 1333 pertinente.
1410 1290 1568 1323 Donatus
1581 1289 1624 1322 ed
1636 1289 1719 1324 Ter.

1014 1341 1124 1374 Andr.
1140 1345 1208 1374 act.
1223 1350 1274 1374 ιν.
1288 1350 1336 1373 sc.
1352 1342 1384 1373 3.
1404 1342 1415 1359 ⁴
1430 1340 1582 1374 Narrare
1596 1340 1722 1381 aliena,

1014 1396 1051 1424 et
1061 1401 1137 1434 quae
1152 1391 1249 1424 nobis
1260 1399 1330 1423 non
1345 1394 1428 1425 sunt
1449 1389 1658 1431 necessaria,
1670 1390 1721 1422 di-

1015 1441 1146 1474 cimur!
1198 1441 1263 1473 Est
1288 1444 1404 1473 autem
1433 1439 1580 1473 formula
1601 1449 1722 1474 secure

1015 1491 1210 1534 spernentis
1226 1491 1369 1524 aliorum
1380 1490 1525 1532 judicia.
1549 1490 1722 1525 Ceterum

1017 1551 1082 1584 pro
1104 1541 1261 1581 narrabit,
1289 1541 1426 1574 mallem
1461 1550 1526 1583 ego
1563 1540 1725 1583 equidem

1016 1591 1169 1633 narrarit,
1196 1591 1230 1624 id
1260 1595 1327 1633 est,
1353 1591 1561 1632 narraverit,
1587 1601 1726 1625 conces-

1019 1641 1103 1682 sive,
1118 1647 1156 1673 ut
1173 1641 1266 1683 apud
1287 1641 1490 1675 Ciceronem
1515 1651 1621 1684 soepe.
1665 1641 1724 1675 Sic

1018 1692 1054 1724 in
1068 1693 1150 1724 Ver.
1164 1701 1191 1724 1.
1213 1692 1223 1710 ‘
1238 1691 1427 1724 seditiosus
1440 1692 1541 1725 homo
1566 1693 1631 1727 Cn.
1643 1692 1727 1726 Cor·

1019 1743 1064 1776 bo
1079 1742 1157 1775 fnit.
1194 1742 1312 1775 Fuerit
1328 1742 1415 1784 aliis,
1428 1741 1492 1775 tibi
1505 1742 1640 1786 qundo
1651 1752 1727 1776 esse

1020 1791 1148 1834 coepit!
1174 1791 1283 1832 selues.

1065 1843 1221 1876 Narrabit
1236 1843 1398 1885 quodquis
1407 1843 1554 1885 voluerit]
1575 1842 1725 1878 Prover-

1020 1893 1121 1927 bialis
1136 1894 1277 1927 locutio.
1299 1893 1356 1926 Sic
1369 1892 1462 1935 apud
1474 1893 1623 1927 Trebell.
1634 1893 1726 1927 Poll.

1021 1944 1058 1977 in
1073 1944 1184 1977 Mario
1198 1943 1381 1986 Tyranno:
1405 1943 1415 1963 ⁴
1429 1943 1498 1976 Sed
1515 1943 1612 1977 dicat
1635 1943 1729 1986 quis-

1021 2004 1100 2037 que,
1117 1994 1206 2037 quod
1231 1992 1328 2027 vult?
1372 1993 1668 2028 Quemadmodum
1690 1998 1730 2027 et

1024 2044 1114 2077 Gaui
1129 2044 1245 2086 hodie,
1273 2044 1402 2079 (rhoean
1425 2043 1498 2077 dira
1520 2053 1554 2077 oe
1567 2043 1644 2086 qu’il
1655 2054 1729 2077 eou-

1023 2097 1094 2129 ἀνα.
1123 2095 1216 2128 Gud.

1073 2145 1228 2187 Voluerit]
1250 2146 1327 2180 Qua
1348 2145 1481 2181 ratione
1500 2149 1613 2180 metro
1633 2145 1731 2181 satis-

1024 2196 1101 2230 fieri
1115 2196 1238 2239 possit,
1263 2196 1343 2230 vide
1370 2198 1406 2231 in
1428 2197 1519 2232 notis
1542 2196 1731 2239 Hoogstrs-

1027 2247 1112 2280 tani.

1068 2301 1090 2331 9
1114 2299 1223 2342 Oliva]
1257 2298 1406 2332 Ponitur
1426 2298 1483 2333 hie
1508 2308 1572 2342 pro
1597 2298 1733 2340 arbore,

1026 2359 1104 2383 cnm
1120 2350 1259 2393 proprie
1274 2350 1321 2382 sit
1343 2349 1489 2383 fruetus.
1531 2348 1620 2383 vide
1631 2349 1731 2383 Sei-V.

1025 2402 1070 2434 sd
1084 2401 1183 2443 Virg.
1199 2401 1329 2442 Georg.
1345 2409 1388 2433 ιι.
1403 2403 1459 2433 63.
1481 2400 1596 2433 Bam.

1069 2452 1209 2493 Propter
1233 2450 1393 2492 fructum]
1433 2450 1491 2483 Sic
1527 2447 1733 2490 conjiciebat

1027 2501 1289 2542 Rittershusius,
1324 2505 1362 2534 et
1399 2499 1586 2533 ediderunt
1619 2498 1731 2533 Paris.

1027 2552 1229 2584 Buchnerus
1244 2550 1385 2594 legebat
1401 2549 1555 2589 fumic'st
1565 2560 1578 2588 ‚·
1600 2548 1730 2582 addens

1027 2613 1126 2645 posse
1153 2604 1258 2636 etiam
1285 2601 1325 2634 τὸ
1347 2605 1395 2635 est
1416 2611 1462 2634 ex
1483 2601 1610 2634 Glossa
1623 2600 1732 2642 irrep-

1027 2653 1123 2685 sisse.
1167 2654 1225 2685 De
1253 2653 1367 2694 priore
1394 2650 1527 2691 dubito,
1551 2660 1593 2683 sn
1624 2649 1733 2692 possit

1027 2703 1111 2736 elidi
1133 2703 1185 2735 lit.
1208 2713 1225 2735 s
1241 2712 1261 2737 e
1287 2702 1418 2745 syllaba
1443 2702 1554 2743 longa.
1585 2700 1732 2734 Freinsh-

1028 2753 1075 2786 Et
1088 2752 1325 2789 itayHeinsius.

1071 2807 1112 2837 10
1130 2804 1277 2846 Genitor]
1301 2803 1344 2837 In
1359 2804 1428 2838 Ms.
1442 2802 1581 2846 legitur,
1595 2802 1733 2835 Deorum
