1806 3236
209 235 294 278 500

257 339 463 380 Tria-andum]
481 338 694 381 Legendum,
705 338 917 380 strigandum,

211 402 287 434 quae
311 396 364 423 est
378 401 461 424 vera
476 390 599 423 lectio:
624 390 684 422 sed
701 390 779 422 libri
795 389 918 431 scripti

208 442 372 482 mendose
394 442 583 480 tricandum,
599 444 636 473 ut
650 441 741 482 triga
755 441 792 472 in
807 440 918 472 veteri

207 492 382 526 Glossario
411 502 474 534 pro
505 491 630 533 Striga,
659 496 703 523 ut.
729 490 916 523 Salmasius

208 545 341 577 notavit
356 543 399 575 ad
415 543 614 584 marginem.
659 544 706 576 Et
718 544 798 575 Trix
813 542 849 581 in
858 551 917 574 no·

211 599 255 630 tis
279 597 425 639 Tyronis
441 601 478 629 et
503 596 643 629 Senecae
668 606 745 638 pag.
761 598 837 628 16⁷.
853 604 916 637 pro

209 648 315 680 Str-ix.
340 648 510 687 Pithoeus,
524 647 786 688 Rittershusius‚
799 646 917 687 Sciop-

209 698 300 739 pius,
315 698 502 738 Meursius‚
527 701 633 739 atque
655 697 727 739 ipse
749 696 916 738 Rigaltius

210 748 244 780 in
261 747 372 790 prima
392 748 557 789 editione,
582 757 649 781 non
666 747 917 780 animadverte-

211 803 289 831 rant
301 798 484 838 mendum3
509 798 569 831 sed
596 803 775 841 postquam
802 799 916 831 Neve-

210 851 300 882 letus
318 859 407 882 anno
424 852 518 882 1610.
536 850 773 890 admonuerat,
788 849 916 882 Grute-

210 910 286 933 rum
312 901 429 942 legere
449 901 661 941 dagaredum,
685 909 800 933 omnes
815 899 916 932 facile

208 960 396 983 assensere.
457 951 581 993 Itaque
601 960 603 962 ·
619 951 770 984 Grutero
811 951 916 997 ¹hujus

210 1002 460 1035 emendationis
488 1002 597 1044 gloria
625 1003 786 1043 debetur,
814 1011 916 1045 quem

210 1059 348 1086 secutus
369 1053 554 1086 Salmasius
570 1053 612 1085 ad
627 1053 781 1085 Solinum
799 1063 807 1085 :
835 1051 917 1094 quid

208 1105 253 1137 sit
279 1113 372 1142 vero,
397 1104 524 1146 primus
548 1104 737 1145 explicavit
763 1103 918 1144 Scaliger

209 1156 245 1187 in
262 1154 555 1196 Castigationibus
577 1154 620 1186 ad
645 1154 866 1196 Propertium
882 1156 919 1186 et

211 1206 255 1238 ad
273 1206 475 1238 catalecta:
499 1205 539 1237 iis
561 1214 641 1237 usus
663 1209 716 1237 est
739 1205 918 1245 Rigaltius‚

210 1256 272 1288 sed
283 1256 494 1288 dissimulato
505 1260 660 1295 auctore,
669 1254 782 1297 inquit
795 1254 919 1286 Faber.

210 1307 278 1340 Sed
291 1307 398 1348 magis
410 1307 444 1338 in
455 1316 496 1338 eo
508 1305 698 1338 notandum
714 1310 803 1346 erat,
813 1304 918 1346 quod,

211 1356 350 1391 cum‘in
377 1356 514 1398 seriptis
543 1360 580 1388 et
616 1355 720 1388 editis
749 1354 919 1396 omnibus,

210 1410 323 1443 etiam
343 1409 378 1440 in
402 1408 511 1450 prima
538 1407 738 1448 Rigaltiana
752 1406 918 1447 editione,

209 1460 388 1500 legeretur
403 1458 592 1497 tricandum,
607 1457 780 1489 Gruterus
804 1460 918 1488 autem

212 1510 340 1551 primus
356 1509 534 1549 eleganter
550 1507 770 1546 restituisset,
783 1507 920 1547 strigan-

209 1561 296 1601 dum,
310 1563 471 1591 monente
486 1557 521 1589 id
538 1557 721 1597 Neveleto,
746 1556 919 1598 Rigaltius

213 1615 328 1642 tamen
359 1613 460 1641 sexto
486 1617 575 1639 anno
604 1611 682 1649 post
705 1607 815 1639 editas
844 1607 920 1639 ilias

213 1660 376 1693 Neveleti
403 1663 517 1697 notas,
548 1667 632 1700 quas
657 1658 785 1698 passim
809 1657 843 1689 in
871 1667 921 1690 se-

212 1711 327 1743 cunda
351 1720 412 1742 sua
437 1708 590 1740 editione
611 1708 736 1739 tacitus
760 1707 921 1749 sublegit,

212 1760 486 1792 emendationem
499 1758 591 1789 illam
607 1757 864 1797 Gruterianam,
878 1767 920 1789 ne

211 1811 391 1842 nominato
404 1808 542 1850 quidem
557 1808 723 1847 Grutero,
740 1807 773 1838 in
786 1811 920 1839 textum

213 1861 347 1902 recepit
361 1859 572 1899 strigandum.
609 1857 700 1889 Vide
712 1867 755 1889 an
766 1858 833 1890 huc
846 1867 921 1900 per·

211 1911 322 1943 tineat
336 1911 434 1942 locus'
457 1909 655 1941 Columeuae
681 1907 742 1940 lib.
758 1917 824 1941 v11.
840 1918 872 1940 c.
887 1911 922 1952 ⁷.

211 1963 222 1980 ‘
236 1961 427 1993 Pecuarius
454 1963 570 1992 tamen
586 1958 753 2000 strigosus
769 1962 829 1990 aut
844 1968 920 2000 per-

213 2011 294 2044 nix.¹
324 2012 412 2043 Gud.

261 2061 465 2103 Trio-andum]
502 2061 626 2094 Tn'cari
641 2069 770 2102 ponere
787 2060 923 2093 videtur

213 2122 290 2155 pro,
319 2113 466 2145 morari:
503 2111 649 2153 opponit
676 2111 767 2143 enim
796 2111 922 2144 cursui.

215 2165 332 2197 Gloss.
350 2163 433 2195 Isid.
455 2163 465 2180 ‘
480 2162 635 2202 Acinari,
649 2162 779 2203 tricari,
794 2161 828 2193 in
846 2171 922 2203 par-

215 2225 256 2247 vo
288 2212 438 2246 morari!
496 2213 587 2245 Non.
626 2212 782 2244 Marcell.
809 2221 835 2243 1.
866 2215 920 2244 26.

211 2265 222 2283 ‘
237 2264 338 2296 Tricce
354 2267 444 2303 sunt,
458 2261 706 2303 impedimenta
720 2265 756 2293 et
771 2262 922 2303 implica-

214 2316 326 2348 tiones
341 2315 394 2355 (et
409 2313 572 2353 intricare,
588 2312 767 2353 impedire,
779 2311 922 2354 morari)

215 2366 320 2397 dictae
338 2364 435 2406 quasi
450 2363 569 2404 tericoe,
596 2361 686 2403 quod
703 2362 813 2402 pullos
827 2361 923 2402 galli-

214 2423 342 2447 naceos
356 2413 530 2445 involvant
551 2417 588 2445 et
602 2411 794 2453 impediant
807 2412 923 2452 capilli

214 2465 362 2507 pedibus
396 2463 588 2505 implicati!
637 2461 770 2494 Prasch.
830 2462 922 2496 Quid

215 2516 329 2557 striga,
357 2514 440 2557 quid
465 2514 615 2555 strigare,
641 2512 721 2555 quia
736 2512 836 2554 vulgo
863 2520 922 2544 no-

668 243 814 276 NoTAE
846 243 1114 275 VARmRUM
1148 243 1200 274 IN

966 342 1038 371 tum
1053 348 1120 371 non
1136 342 1202 379 est,
1229 336 1396 378 Scaligeri
1422 337 1467 369 V.
1482 335 1538 369 Ill.
1553 333 1677 368 verbis.

965 389 1075 421 dicam
1089 399 1098 421 ε
1121 393 1130 407 ¹
1143 388 1291 428 Str-igere
1306 387 1467 419 dicuntur
1482 386 1575 429 equi,
1587 395 1671 428 quo-

956 440 1030 472 ·ties
1055 439 1340 481 interquiescunt,
1364 437 1495 469 dictum
1511 446 1532 468 a
1552 435 1670 476 striga,

963 490 1053 532 quod
1069 493 1144 522 erat
1161 489 1346 529 μεταίχμιον
1369 491 1406 520 et
1432 487 1581 529 spatium
1597 490 1669 518 tur-

965 549 1108 581 marum,
1131 539 1164 572 iu
1187 548 1254 581 quo
1270 539 1349 581 equi
1364 538 1631 580 stringebantur,
1646 547 1668 569 a

965 601 1033 633 quo
1047 600 1168 623 nomen
1183 590 1298 631 habet,
1311 593 1350 622 ut
1365 589 1466 622 docet
1481 588 1666 621 Charisius.

966 641 1059 673 Hinc
1074 640 1218 681 factum,
1242 645 1296 680 ut,
1319 640 1454 682 quoties
1468 639 1670 682 interquies-

965 695 1050 723 cunt
1075 691 1154 733 equi
1177 694 1214 723 et
1231 690 1400 732 jumenta,
1423 690 1580 723 dieantur
1593 689 1670 722 ’tn'-

961 751 1051 782 gure.
1096 741 1328 782 Contrarium,
1337 741 1521 781 restrigare.
1565 740 1668 773 Sene·

965 801 1025 823 ca:
1049 793 1064 810 ‘·
1072 791 1182 832 Surge
1193 794 1228 822 et
1243 790 1404 832 restriga‚
1416 790 1539 823 clivum
1553 789 1676 831 istun,

963 842 991 874 si
1004 848 1116 884 potes,
1128 851 1298 884 exsupera
1310 841 1330 874 :¹
1352 842 1417 883 Ep.
1428 850 1533 874 xxxi.
1555 841 1670 883 Str-iga

964 893 1070 936 (male
1086 893 1177 925 enim
1191 892 1295 934 triga)
1321 892 1356 925 id
1372 892 1503 925 Glossis
1517 891 1670 934 expliea-

965 947 1034 984 tur‚
1057 943 1229 987 (intellige
1249 943 1459 976 Glossarium
1474 942 1518 975 ab
1534 941 1583 976 H.
1596 942 1672 976 Ste-

966 995 1078 1036 phano
1102 994 1246 1035 editum,
1274 998 1311 1026 et
1336 992 1671 1035 posteaaanoanio

966 1044 1204 1087 illustratum,)
1215 1038 1312 1078 ὣόπος
1324 1044 1494 1077 aravium
1501 1042 1675 1085 γυμνᾴζαν-

965 1097 1038 1130 ται.’
1060 1097 1149 1129 Haec
1162 1097 1221 1129 ille
1236 1097 1270 1128 in
1282 1095 1574 1138 Castigationibus
1585 1095 1677 1128 Pro-⁷

967 1148 1132 1190 pertianis
1155 1152 1193 1180 et
1215 1148 1248 1179 in
1279 1148 1447 1180 Catalect.
1471 1146 1568 1188 Virg.
1619 1145 1679 1178 ῙίιιΙ

967 1208 1048 1231 usus
1076 1203 1130 1230 est
1159 1198 1343 1240 Rigaltius,
1370 1196 1431 1229 sed
1456 1195 1673 1228 dissimulato

968 1241 1120 1281 auctore.
1176 1248 1311 1280 Addam
1339 1257 1416 1290 ego,
1445 1247 1480 1279 in
1507 1245 1671 1289 glossario

966 1299 1038 1340 legi
1067 1298 1249 1339 trigarium,
1277 1308 1345 1330 non
1373 1298 1472 1338 triga.
1529 1296 1669 1330 Deinde

967 1350 1032 1382 hoc
1049 1360 1194 1393 quoque,
1217 1350 1246 1382 si
1270 1360 1353 1382 vera
1375 1350 1420 1382 sit
1435 1349 1581 1382 Charisii
1595 1352 1670 1391 ety-

963 1402 1127 1443 mologia,
1162 1411 1279 1434 errare
1314 1401 1512 1434 Graeeulum
1547 1400 1671 1442 magis·

967 1457 1072 1492 trum,
1097 1452 1157 1494 qui
1171 1452 1260 1484 dixit
1274 1449 1350 1483 esse
1364 1451 1474 1483 locum
1489 1450 1566 1482 ὅπου
1581 1449 1672 1482 ἵπποι

967 1500 1196 1542 γυμνάζονταιι
1220 1511 1298 1533 nam
1323 1501 1442 1533 dicere
1468 1500 1591 1533 debuit
1612 1499 1670 1542 ψή-

967 1564 1091 1593 χονται.
1131 1551 1241 1584 Faber.
1302 1552 1425 1592 Recte,
1461 1551 1670 1592 strigonium.

967 1606 1113 1637 Veteres
1129 1603 1297 1636 editiones
1312 1604 1463 1635 habuere
1485 1603 1672 1644 tricandum,

968 1654 1060 1697 quod
1076 1654 1188 1686 varias
1208 1652 1510 1694 interpretationes
1523 1652 1672 1695 peperit.

968 1704 1075 1744 Schef.
1131 1704 1222 1736 Vide
1250 1703 1393 1737 Salmas.
1423 1705 1548 1737 Exere.
1577 1704 1670 1736 Plin.

969 1766 1002 1797 p.
1025 1758 1078 1788 40.
1105 1755 1164 1796 qui
1190 1754 1257 1786 sibi
1282 1754 1371 1786 hanc
1397 1753 1671 1786 emendationem

967 1805 1131 1844 vindicat,
1147 1808 1184 1836 et
1199 1803 1350 1845 Rutger.
1365 1804 1446 1836 Var.
1461 1813 1487 1836 1.
1502 1806 1556 1836 11.
1577 1804 1671 1836 Hine

955 1854 1145 1886 -derivatur
1172 1853 1411 1895 ‘strigarium,’
1434 1853 1477 1885 de
1499 1863 1570 1896 quo
1591 1853 1673 1887 vide

968 1903 1080 1937 Schef.
1107 1904 1150 1936 de
1177 1904 1231 1936 Re
1253 1904 1373 1938 Vehic.
1387 1913 1412 1936 1.
1439 1907 1491 1937 17.
1534 1904 1575 1936 In
1597 1905 1672 1937 loeo

969 1957 1121 1995 Seueeae,
1148 1965 1169 1987 a
1195 1956 1370 1997 scaligero
1384 1955 1548 1997 adducto,
1569 1955 1672 1998 vulgo

968 2006 1087 2047 respira
1111 2006 1261 2047 legitur3
1285 2015 1350 2047 ego
1365 2006 1500 2038 mallem
1513 2006 1674 2047 aeetriga:

967 2056 1142 2096 destrigare
1178 2056 1268 2089 enim
1298 2058 1507 2089 contrarium
1545 2060 1600 2089 est
1626 2057 1675 2097 τῷ·

968 2107 1123 2147 strigare.-
1145 2107 1209 2139 hoc
1235 2107 1377 2139 verbum
1402 2106 1532 2139 Glossis
1547 2107 1674 2140 Isidori

971 2157 1125 2189 restituit
1150 2156 1326 2189 Gebhard.
1347 2157 1520 2199 Crepund.
1546 2166 1604 2190 ιιι.
1620 2160 1674 2190 16.

971 2207 1061 2239 Vide
1072 2211 1108 2239 et
1123 2207 1277 2240 Gronov.
1290 2207 1333 2239 ad
1345 2207 1465 2241 senec.
1480 2207 1588 2242 Here.
1599 2208 1678 2246 OEt.

972 2260 1068 2290 1908.
1093 2257 1153 2290 ubi
1167 2267 1229 2299 pro
1243 2258 1412 2299 respirare,
1423 2258 1562 2298 strigare
1575 2267 1674 2300 repo-

972 2318 1053 2340 nere
1067 2309 1199 2350 mallet‚
1210 2313 1248 2340 ut
1259 2312 1296 2340 et
1307 2308 1397 2350 apud
1412 2308 1541 2341 Justin.
1555 2317 1608 2341 11.
1620 2311 1673 2341 16.

972 2360 1088 2391 Burm-

1016 2411 1055 2441 11
1084 2408 1223 2451 Virtute]
1256 2408 1406 2442 Viribus.
1451 2409 1541 2442 Vide
1569 2417 1673 2450 supra

972 2460 1031 2494 lib.
1046 2470 1072 2494 1.
1089 2470 1119 2493 c.
1134 2463 1167 2493 2.
1191 2459 1296 2499 Schef.
1545 2469 1547 2471 ·
