1806 3236
158 2307 162 2309 -
228 2264 352 2297 ‘latro'
379 2269 416 2297 et
446 2265 668 2307 ‘praedator.'

222 231 308 274 346

225 346 300 369 mur
325 337 439 378 Dona,
470 337 606 370 Creon:
642 337 807 370 miserere
836 337 927 370 senis

224 387 378 430 (OEdipi)
394 388 574 430 maestique
590 388 770 430 parentis!
816 388 927 421 Paulo

224 443 305 481 post
319 438 427 479 addit,
440 439 512 471 sine
527 438 630 472 dubio
643 439 686 471 ad
701 439 811 472 locum
828 440 928 472 Phae·

225 488 279 521 dri
296 488 354 521 lib.
368 498 395 521 1.
407 487 477 521 fab.
493 491 549 522 22.
563 489 764 532 respiciens,
783 489 792 507 ‘
808 490 928 524 Qualis

223 540 295 572 Leo
321 549 406 581 rupe
430 540 503 578 sub,
528 541 609 582 alta,
640 541 752 575 Quem
784 540 929 574 viridem

224 591 392 633 quondam
404 591 500 624 silvae
514 597 716 635 montesque
725 591 930 634 fremebant,

225 642 392 684 Erigitur,
422 644 645 686 meminitque
677 645 743 685 sui,
771 644 930 687 viresque

224 694 353 726 solutas
378 694 554 737 Ingemit,’
579 697 644 728 &c-
697 696 743 728 Et
769 695 830 728 lib.
857 705 927 728 ιιι.

179 755 182 758 ·
223 744 355 777 inducit
371 745 557 778 Creontem
572 755 616 778 ex
631 745 768 779 homine
779 747 928 779 Leonem

222 793 366 836 factum,
381 799 418 828 et
432 805 520 828 nova
541 796 687 838 quadam
710 795 929 829 transforma-

223 845 317 877 tione
343 845 377 877 in
402 845 572 879 hominem
598 856 673 879 esse
703 851 929 880 transmutan-

224 894 305 927 dum
332 896 437 928 canit.
494 896 553 929 Sic
580 898 670 929 enim
693 898 755 939 ait,
782 907 830 930 vs.
856 900 930 933 166.

222 946 344 978 ‘Bello
361 947 536 989 cogendus
562 952 597 980 et
620 949 723 981 armis
747 949 789 981 In
812 958 923 981 mores

224 996 460 1040 hominemque
477 997 613 1032 Creon.'
657 998 751 1031 Hinc
766 1008 847 1041 ergo
862 999 931 1031 ele-.-

224 1052 348 1089 ganter
363 1047 531 1081 Phaedrus
552 1059 733 1091 personam
758 1055 794 1083 et
808 1060 931 1083 nomen

225 1099 261 1131 in
278 1098 411 1132 fabulas
427 1110 505 1133 suas
527 1102 718 1143 transtulit,
733 1112 811 1135 nam
829 1104 932 1136 Creon

224 1149 279 1182 hic
308 1160 383 1182 esse
411 1152 628 1185 scribendum
650 1154 765 1185 multis
793 1154 931 1187 rationi-

223 1198 289 1234 bus
313 1201 419 1233 asseri
446 1206 572 1243 potest.
616 1202 670 1236 Ac
694 1203 815 1246 primo,
836 1205 927 1247 qnod

218 1252 291 1294 jam
304 1256 385 1285 ante
400 1254 649 1296 annotavimus,
659 1255 798 1296 languet
810 1256 933 1298 oratio,

224 1302 253 1334 si
270 1303 412 1344 vulgata
425 1308 594 1345 servatur,
602 1305 745 1337 nominor
755 1306 829 1347 quia
843 1306 930 1345 Leo‚·

225 1353 307 1396 quia
331 1354 367 1386 in
390 1363 432 1386 eo
458 1354 521 1387 Leo
544 1355 630 1388 nihil
656 1357 831 1398 singulare
859 1367 930 1400 prae

224 1404 360 1437 caeteris
374 1405 604 1438 animantibus
613 1406 730 1445 habet,
746 1417 857 1451 neque
873 1408 932 1441 de·

223 1454 353 1488 buisset
367 1455 483 1488 dicere
506 1457 661 1499 nominor,
685 1458 746 1491 sed
767 1468 836 1491 sum
858 1460 933 1501 quia

224 1506 288 1540 Leo
298 1518 313 1546 ,·
335 1517 413 1539 nam
429 1517 507 1540 cum
521 1509 662 1541 nominor
676 1509 777 1551 dixit,
792 1512 933 1553 respicit

224 1560 322 1602 certe
338 1557 380 1590 ad
397 1567 518 1591 nomen
536 1559 687 1602 aliquod,
702 1570 770 1603 quo
785 1560 822 1593 in
836 1561 932 1594 fabu-

225 1607 266 1639 lis
279 1608 416 1641 eaeteris
433 1610 704 1653 praestantiores,
719 1616 824 1655 atque
841 1613 932 1646 adeo

226 1666 342 1700 reges,
356 1659 634 1702 appellabantur,
656 1662 756 1704 quale
779 1667 832 1695 est
846 1663 931 1696 illud

228 1708 340 1751 Creon,
362 1719 429 1751 quo
454 1710 585 1743 nullum
611 1711 725 1753 aptius
751 1712 857 1746 Leoni
871 1723 931 1755 po-

226 1763 298 1791 test
327 1760 415 1802 dari,
443 1765 568 1803 utpote
594 1761 747 1795 ferarum
775 1764 863 1805 regi,
892 1768 933 1799 ut

226 1809 292 1851 ipsi
302 1810 450 1843 Phaedro
466 1811 570 1844 etiam
582 1811 709 1845 dicitur
719 1813 778 1846 lib.
792 1823 845 1846 ιν.
860 1813 931 1848 fab.

227 1863 280 1895 12.
311 1862 464 1904 Deinde,
479 1862 720 1896 inexcusabilis
741 1864 933 1905 ταυτολινγία

227 1915 329 1953 esset,
343 1913 433 1954 quod
451 1913 649 1946 brevissimo
671 1915 784 1957 spatio
799 1916 834 1947 in
848 1925 932 1958 pau·

228 1962 279 1995 cis
294 1963 472 1995 versiculis
499 1967 554 1995 ter
568 1973 692 1996 nomen
707 1965 822 1998 Leonis
834 1975 932 2008 repe-

228 2012 351 2055 tiisset,
370 2017 407 2046 et
422 2013 506 2046 duos
521 2023 558 2046 se
577 2015 733 2056 proxime
749 2021 933 2058 sequentes

227 2072 346 2096 versus
366 2064 484 2096 eadem
508 2073 606 2106 voce,
628 2065 704 2108 Leo,
728 2066 931 2108 clauderet;

227 2125 304 2157 quae
332 2124 399 2146 non
424 2119 557 2147 tantum
583 2115 705 2148 vitiosa
730 2121 767 2149 et
794 2117 930 2150 auribus

226 2164 374 2206 ingrata,
387 2165 448 2197 sed
458 2166 603 2198 maxime
615 2165 800 2199 fabulatori
813 2172 931 2201 nostro

226 2213 385 2251 fastidita
410 2221 475 2249 est.
530 2216 623 2248 Hinc
649 2217 750 2258 lupus
776 2218 826 2250 illi
851 2228 931 2251 mox

726 2268 822 2300 Rana
851 2278 932 2301 mox

230 2316 240 2332 ‘
255 2316 367 2356 stagni
380 2316 515 2348 incola!
561 2317 648 2349 Ovis
664 2327 744 2349 mox
761 2319 770 2336 ‘
787 2318 932 2360 bidens,’

229 2365 291 2397 lib.
306 2374 333 2398 1.
359 2364 431 2412 fab.
452 2369 503 2400 16.
519 2377 620 2410 quem
635 2368 745 2400 locum
762 2369 864 2401 etiam
878 2379 933 2402 su·

231 2416 404 2457 perior-um
435 2421 627 2459 temporum
654 2418 829 2452 barbaries
858 2430 933 2452 cor·

235 2467 341 2508 rupit.
385 2467 510 2500 Hircus
536 2478 614 2501 mox
640 2469 849 2511 ‘barbatus,'
872 2471 933 2505 lib.

231 2526 283 2549 lv.
301 2516 373 2550 fab.
390 2521 422 2550 8.
448 2519 565 2561 Equus
581 2529 660 2552 mox
674 2521 684 2538 ‘
695 2521 857 2562 sonipes‚’
872 2522 932 2555 lib.

231 2577 283 2600 xv.
306 2568 443 2601 Asellus
469 2579 548 2601 mox
571 2569 792 2603 ‘Aur-italus?
836 2572 934 2604 Cico-

230 2618 287 2650 nia
312 2629 392 2651 mox
420 2620 623 2661 ‘peregrina
641 2620 810 2662 volucris‚’
836 2621 894 2655 lib.
909 2632 934 2657 1.

227 2669 301 2701 fab.
316 2672 370 2702 27.
394 2669 513 2711 Agnus
528 2681 607 2702 mox
626 2674 636 2690 ⁴
647 2671 817 2712 Laniger,’
834 2672 892 2704 lib.
909 2682 934 2706 1.

228 2719 297 2752 fab.
314 2722 343 2752 1.
360 2719 457 2761 Aper
469 2730 547 2752 mox
560 2722 569 2738 ‘
579 2731 634 2753 sus
649 2718 932 2764 nemoricultrix‚¹

232 2770 291 2801 lib.
307 2778 348 2802 11.
362 2769 431 2802 fab.
446 2774 478 2803 5.
499 2770 638 2803 Mittam
654 2771 730 2803 alia.
758 2772 842 2804 Haec
857 2782 931 2804 cer-

232 2823 266 2851 te
283 2819 371 2852 ratio
386 2824 463 2862 post
485 2820 684 2862 diligentem
699 2821 930 2866 disquisitiun-

680 243 821 275 NOTAE
854 243 1122 276 VARIORUM
1158 243 1208 274 IN

978 339 1087 371 culam
1112 338 1240 372 indicio
1253 338 1333 372 mihi
1349 342 1452 382 atque
1475 343 1678 381 argumento

978 388 1054 429 fuit,
1079 389 1266 423 laborantis
1293 391 1394 433 hujus
1417 389 1679 425 versus—vitium

977 440 1087 473 latere
1114 439 1149 473 in
1173 450 1258 477 voce
1272 441 1346 474 Leo.

979 491 1205 526 mandationis
1219 497 1346 526 nostrae
1368 492 1456 525 ratio
1469 492 1680 526 demonstra-

981 547 1048 583 tur,
1061 543 1152 585 quod
1166 543 1200 575 in
1214 544 1353 586 vulgata
1361 548 1506 576 metrum
1519 553 1584 576 non
1600 552 1681 577 eon·

980 598 1063 634 stet,
1079 594 1158 636 quia
1173 594 1290 628 ultima
1311 595 1347 626 in
1361 595 1436 637 quia
1458 603 1595 637 semper
1606 594 1681 627 bre-

979 645 1030 676 vis
1042 643 1107 685 sit5
1129 654 1249 687 quare,
1261 651 1340 677 cum
1353 645 1498 687 primum
1510 645 1553 678 ad
1567 645 1679 678 locum

977 696 1068 729 hunc
1083 696 1330 729 emendandum
1345 696 1556 739 accederem,
1577 697 1680 739 sylla·

978 746 1056 779 bam
1067 746 1233 789 quandam
1243 746 1415 780 excidisse
1424 747 1660 780 existimabam
1670 757 1681 787 ς

978 797 1040 830 sed
1066 801 1205 839 reperta
1233 798 1373 831 tandem
1406 807 1487 831 vers
1520 797 1682 839 lectione,

978 858 1044 890 qua
1067 847 1136 880 ἀντὶ
1158 848 1217 880 τοῦ
1240 849 1303 881 Leo
1330 847 1546 881 substituitur
1569 848 1682 889 Omns,

979 899 1138 934 veritatis
1154 899 1205 932 vis
1221 909 1263 931 ex
1279 899 1370 932 omni
1396 902 1496 942 parte
1517 908 1556 931 se
1569 902 1682 932 osten·

980 949 1042 990 dit,
1056 953 1093 982 et
1117 953 1240 990 sponte
1256 953 1375 983 natum
1389 952 1443 982 est
1456 949 1556 981 simui
1572 956 1681 983 reme·

980 999 1074 1032 dium
1085 1000 1198 1033 versui
1209 999 1399 1040 laboranti;
1421 1009 1500 1033 nam
1513 998 1634 1033 ultima
1644 998 1682 1032 in

981 1050 1068 1091 quia,
1083 1060 1159 1093 quae
1177 1050 1272 1091 alias,
1289 1054 1328 1083 ut
1341 1049 1426 1091 dixi,
1442 1049 1554 1083 brevis
1564 1047 1680 1090 confit

982 1100 1085 1143 longa
1113 1105 1257 1143 propter
1285 1100 1370 1133 duas
1399 1108 1566 1133 consonas
1589 1099 1683 1133 vocis

985 1151 1098 1193 Creon,
1111 1156 1213 1194 atque
1228 1151 1278 1184 ita
1290 1155 1436 1184 metrum
1447 1150 1512 1183 sibi
1523 1155 1684 1184 onustam

982 1203 1120 1244 pulchre
1131 1202 1301 1244 procedit.
1347 1202 1494 1242 Quarto,
1506 1201 1682 1243 vulgatam

982 1253 1171 1285 lectionem
1190 1252 1384 1286 manifestae
1410 1252 1616 1294 corruptele
1631 1261 1683 1284 ur·

982 1309 1090 1347 guunt
1106 1303 1174 1346 alii,
1188 1305 1246 1347 qui
1267 1304 1412 1338 eandem
1422 1303 1593 1344 fabulam,
1608 1303 1682 1335 sive

982 1359 1075 1396 ante,
1091 1355 1162 1387 sive
1178 1359 1258 1397 post
1269 1354 1472 1396 Phaedrum,
1481 1354 1591 1389 literis
1602 1363 1684 1389 con-

982 1406 1167 1448 signarunt.
1182 1407 1239 1439 Sic
1248 1406 1473 1448 Camerarius,
1478 1405 1537 1449 qui
1545 1404 1682 1438 fabulas

982 1467 1026 1490 ex
1050 1457 1189 1499 optimis
1204 1456 1401 1491 auctoribus
1422 1456 1575 1498 collegit,
1587 1460 1626 1489 nt
1646 1455 1682 1488 in

982 1517 1099 1540 earum
1125 1507 1327 1550 praefatione
1351 1506 1482 1540 fatetur
1501 1504 1684 1548 Philippus

983 1558 1240 1600 Melanchthon,
1255 1568 1315 1591 eas
1329 1567 1374 1591 ex
1392 1556 1512 1591 Msstis
1531 1555 1683 1599 antiquis

983 1609 1185 1652 desumpsit,
1194 1614 1231 1643 et
1242 1611 1423 1653 plerasque
1437 1608 1559 1642 iisdem
1568 1607 1685 1640 verbis

983 1660 1130 1702 ornavit,
1142 1664 1240 1693 certe
1252 1669 1294 1693 eo
1309 1659 1430 1693 ordine
1443 1669 1501 1692 eas
1515 1650 1685 1698 exhibuit,
1707 1659 1719 1675 '

981 1722 1049 1756 quo
1072 1712 1108 1745 in
1127 1711 1333 1746 membranis
1351 1710 1613 1744 Divionensibus
1636 1708 1686 1741 le-

982 1766 1120 1804 guntur.
1162 1763 1277 1804 Hujus
1300 1762 1407 1804 igitur
1421 1760 1547 1794 fabule
1571 1760 1684 1793 locum

982 1813 1031 1846 ita
1045 1813 1219 1846 reddidit:
1242 1813 1252 1831 ‘
1264 1812 1395 1852 Prima,
1420 1812 1482 1853 ait,
1503 1819 1583 1843 mea
1596 1810 1682 1843 erit:

982 1863 1130 1896 debetur
1149 1863 1242 1896 enim
1256 1863 1330 1896 haec
1345 1861 1556 1904 praestantia
1571 1860 1682 1894 meae!

983 1914 1115 1948 Quibus
1130 1914 1246 1947 verbis
1267 1913 1406 1947 videtur
1425 1912 1617 1955 respexisse
1639 1912 1684 1944 ad

982 1964 1186 2007 dignitatem
1203 1964 1352 2007 regiam3
1373 1964 1446 1997 sive
1459 1962 1552 2006 quod
1571 1963 1622 1996 ita
1646 1962 1683 1994 in

983 2015 1161 2048 codicibus
1185 2015 1254 2048 suis
1279 2014 1474 2057 reperisset,
1497 2013 1570 2047 sive
1591 2013 1682 2056 quod

983 2070 1080 2098 certe
1096 2066 1164 2107 ipsi
1179 2075 1247 2098 non
1267 2066 1423 2107 placeret
1440 2063 1541 2098 nimis
1555 2063 1685 2106 frigida

982 2115 1042 2148 illa
1065 2116 1168 2157 ratio,
1194 2116 1336 2148 nominor
1358 2115 1433 2158 quia
1460 2115 1536 2148 Leo.
1586 2113 1684 2152 Idem

983 2176 1087 2208 supra
1112 2165 1146 2197 in
1170 2165 1362 2208 Anonymo,
1385 2175 1484 2208 quem
1513 2164 1684 2207 Rigaltius

983 2216 1072 2249 notis
1108 2215 1267 2257 inseruit,
1304 2215 1462 2257 vidimus,
1492 2215 1549 2258 qui
1585 2215 1684 2256 dicit,

982 2268 992 2285 ‘
1009 2268 1096 2300 Nam
1121 2267 1202 2299 mihi
1226 2267 1356 2308 primns
1370 2264 1498 2299 honor!
1543 2265 1684 2307 Quinto,

984 2319 1120 2351 accedit
1146 2319 1237 2361 quod
1260 2318 1493 2360 descriptores
1509 2317 1684 2357 Monachi,

985 2370 1125 2412 egregie
1140 2370 1243 2402 rudes
1267 2374 1305 2401 et
1327 2369 1452 2410 linguae
1473 2368 1608 2401 Groecae
1623 2367 1682 2399 im·

984 2420 1102 2463 periti,
1117 2425 1155 2452 ut
1168 2420 1228 2452 illa
1238 2419 1395 2453 serebant
1405 2425 1574 2461 tempora,
1587 2419 1682 2460 igno.-

986 2475 1100 2503 rantes
1115 2471 1197 2513 quid
1218 2471 1284 2503 sibi
1300 2470 1407 2503 vellet
1421 2478 1546 2502 nomen
1567 2469 1682 2509 Creon,

985 2531 1028 2554 ex
1041 2521 1324 2560 antecedentibus
1335 2519 1452 2552 statim
1467 2518 1683 2560 arripuerunt

985 2582 1029 2604 ex
1051 2572 1128 2614 ipsa
1152 2571 1269 2604 fabula
1291 2570 1459 2604 notiorem
1486 2578 1619 2610 vocem,
1645 2574 1683 2602 et

985 2627 1129 2664 propter
1142 2621 1342 2654 affinitatem
1365 2621 1542 2653 literarum
1554 2623 1591 2651 et
1606 2620 1681 2655 soni

984 2672 1195 2704 vicinitatem
1211 2672 1274 2704 Leo
1298 2670 1516 2703 scribendum
1539 2674 1682 2712 putave÷

984 2727 1083 2762 runt;
1105 2723 1206 2764 idque
1221 2721 1431 2754 verissimum
1455 2730 1528 2753 esse
1543 2720 1683 2761 sentiet,

982 2773 1040 2814 qui
1055 2773 1088 2804 in
1104 2771 1299 2804 memoriam
1312 2770 1499 2811 revocabit,
1515 2770 1681 2811 scriptum

981 2823 1084 2856 fuisse
1111 2823 1145 2855 in
1168 2822 1384 2864 membranis,
1409 2827 1447 2855 ut
1468 2822 1568 2865 solet,
1593 2822 1681 2863 Cra,

1388 441 1522 482 Tertio,
1546 441 1634 474 hinc»
1643 449 1678 474 e·
1745 434 1751 439 ¹
