1806 3236
184 196 271 240 382

184 303 323 337 modum
336 313 414 346 cap.
427 306 480 336 31.
504 302 709 345 Principum
719 301 842 344 gregis,
854 304 892 334 ut

182 354 239 388 hic
262 355 458 398 principatus
481 355 606 388 civium.
650 354 696 387 Et
720 353 835 386 civium
857 352 892 385 in

183 417 243 440 suo
259 406 380 440 codice
396 407 526 449 reperit
537 415 672 449 quoque
688 405 892 439 Neveletus.

182 458 307 491 Placet
321 468 458 500 quoque
474 457 601 499 Gudio,
615 456 672 499 qui
689 456 733 489 ad
748 466 894 499 sequens

179 519 333 552 pauperes
347 508 465 551 refert,
479 513 519 542 ut
533 508 602 541 sint
611 517 764 551 pauperes
777 507 893 540 civium

183 570 259 603 pro,
292 560 374 593 cives
397 569 561 603 pauperes,
583 559 654 602 vel,
674 569 827 602 pauperes
851 569 892 592 ex

183 611 313 644 civibus.
345 610 462 644 Schef.

224 667 245 696 2
269 663 409 705 Nomen]
431 663 490 696 Ita
510 663 640 706 primus
662 661 773 696 edidit
797 663 892 696 Bon-

182 714 335 755 garsius;
381 715 514 757 priores
549 715 744 748 habuerunt
778 723 892 748 mores.

182 765 285 798 Unde
294 765 460 799 Heinsius
470 765 621 799 faciebat
628 769 753 798 sortem.
781 765 891 798 Forte

181 827 281 850 mores
309 817 486 859 usurpavit
512 826 576 859 pro
611 815 812 850 conditione
842 815 891 849 vi·

179 868 296 910 vendi,
322 878 423 911 quam
448 868 592 911 quisque
617 868 718 910 eligit
745 877 790 901 ex
817 867 889 900 suis

179 918 341 952 moribus.
398 920 530 952 Verum
556 919 693 962 integra
721 918 888 952 librorum

179 970 317 1002 illorum
342 969 447 1003 lectio
470 969 537 1003 fuit
562 970 648 1004 ista:
679 970 741 1003 Nil
761 974 891 1013 propter

180 1021 299 1054 domini
319 1031 419 1054 mores
439 1025 573 1055 mutant.
618 1022 712 1055 Puto
735 1031 812 1055 esse
830 1022 890 1055 bo-

180 1081 273 1113 nam,
287 1072 356 1105 isto
371 1083 493 1106 sensu:
517 1073 579 1106 Nil
594 1077 731 1106 mutant
745 1078 891 1116 propter

180 1133 293 1155 mores
314 1122 455 1164 domini,
477 1134 555 1157 eum
577 1125 646 1158 sint
661 1125 776 1167 iidem,
799 1129 837 1158 et
850 1125 891 1158 il·

179 1173 257 1214 lius,
273 1174 331 1216 qui
346 1173 499 1217 decedit,
522 1178 560 1208 et
575 1175 680 1217 illius,
695 1176 754 1218 qui
769 1175 890 1208 subse-

180 1223 310 1266 quitur.
348 1225 460 1258 Cicer.
475 1226 518 1258 ad
534 1225 611 1259 Att.
626 1235 694 1259 vn.
709 1226 719 1244 ‘
729 1226 889 1260 Tironem

180 1280 326 1318 propter
350 1275 598 1309 humanitatem
622 1282 660 1310 et
682 1277 890 1310 modestiam

180 1326 269 1358 malo
301 1327 443 1367 salvum,
481 1337 581 1370 quam
620 1331 764 1370 propter
794 1337 890 1360 usum

179 1377 318 1410 meum!
339 1377 444 1418 Sches.
489 1379 571 1411 Meo
594 1378 708 1418 animo
725 1378 838 1420 proba
852 1382 890 1412 et

179 1427 287 1460 latina
299 1428 427 1462 locutio
443 1434 516 1462 est:
540 1429 601 1462 Nil
620 1433 749 1471 propter
770 1429 891 1462 domini

180 1488 281 1511 mores
294 1482 419 1512 mutant
429 1489 590 1522 pauperes,
611 1485 648 1513 et
663 1484 810 1522 propter
824 1480 890 1513 hoc

180 1530 265 1562 nihil
279 1535 419 1564 mutem.
442 1533 549 1564 Axen.
593 1532 711 1574 Lege:
737 1532 797 1564 Nil
807 1541 891 1574 prae-

180 1584 230 1612 ter
245 1582 402 1614 dominum
415 1592 499 1614 more
516 1586 639 1615 mutant
651 1592 814 1624 pauperes.
846 1583 890 1614 V.

181 1641 286 1672 supra
301 1632 344 1664 ad
358 1631 426 1665 fab.
444 1635 496 1666 12.
531 1633 644 1666 Heius.
690 1632 765 1673 Ego
781 1642 890 1665 nomen

180 1682 322 1723 retinui,
337 1683 416 1725 quia
432 1683 507 1715 haec
530 1682 645 1715 fabula
662 1683 757 1715 clare
774 1683 890 1723 docet,

179 1742 353 1773 pauperes
378 1743 444 1764 non
469 1737 603 1765 mutare
629 1742 766 1764 mores:
791 1742 891 1774 roga-

180 1782 242 1815 bat
263 1782 354 1815 enim
371 1783 497 1824 asinus,
520 1793 564 1814 an
581 1783 692 1814 victor
708 1781 807 1814 binas
831 1782 890 1814 cli-

180 1833 281 1865 tellas
297 1837 388 1864 esset
412 1832 648 1874 impositurus,
668 1832 759 1875 quod
783 1836 889 1873 negat

180 1893 308 1915 senex:
346 1882 406 1915 sed
443 1884 539 1915 illum
577 1882 701 1914 iisdem
738 1881 888 1914 moribus

179 1933 267 1973 sore,
280 1934 404 1977 quibus
421 1934 514 1975 prior
529 1932 699 1965 dominus.
741 1932 812 1964 Sed
828 1942 888 1965 no-

178 1995 257 2017 men
274 1985 469 2027 principum
485 1988 522 2016 et
542 1983 734 2025 potentium
750 1986 889 2015 mutant

178 2046 362 2079 pauperes,
384 2041 422 2069 et
437 2036 611 2069 cavillatio
637 2039 690 2068 est
708 2035 752 2068 de
768 2035 888 2068 Ptole-

176 2088 284 2130 maeis,
296 2092 332 2120 et
344 2088 483 2130 regibus
495 2087 650 2129 ejusdem
663 2086 808 2119 nominis
821 2086 888 2120 sibi

179 2137 471 2178 succedentibus;
492 2138 549 2171 hic
572 2137 661 2170 enim
687 2147 755 2170 non
772 2137 888 2180 agitur

177 2188 222 2220 de
247 2188 310 2220 tali
333 2198 452 2231 regno,
474 2189 534 2220 sed
559 2188 603 2221 de
628 2188 823 2230 principatu
838 2189 888 2221 ci-

177 2239 282 2279 vium,
310 2243 348 2271 ut
362 2238 430 2272 fuit
445 2240 478 2271 in
498 2239 813 2272 concertationibus
835 2239 885 2272 in-

179 2294 234 2321 ter
249 2290 378 2322 Sullam
395 2293 430 2322 et
445 2289 608 2330 Marium,
628 2289 831 2331 Pompeium
848 2293 886 2322 et

178 2339 371 2381 Caesarem3
394 2350 538 2382 quorum
563 2339 637 2383 quis
662 2340 884 2382 praevaleret,

178 2400 296 2432 parum
311 2391 478 2424 intererat
494 2391 750 2433 pauperiorum,
766 2392 823 2433 qui
840 2393 884 2425 ab

177 2442 331 2474 omnibus
347 2452 443 2485 aeque
468 2445 691 2483 premuntur;
714 2441 884 2475 intererat

177 2502 257 2525 vero
274 2493 418 2525 divitum
436 2498 473 2525 et
486 2491 718 2534 factiosorum,
737 2492 817 2535 quia
833 2494 882 2526 illi

176 2545 231 2576 vel
247 2555 324 2577 cum
340 2544 428 2577 duce
445 2554 515 2577 suae
531 2544 692 2577 factionis
706 2544 882 2578 dominan-

176 2601 244 2639 tur,
268 2599 323 2630 vel
349 2598 601 2632 succumbunt:
626 2598 686 2631 sed
711 2607 881 2640 pauperes

176 2648 276 2680 modo
306 2657 429 2680 nomen
460 2653 606 2690 mutant,
645 2659 713 2682 non
744 2659 879 2689 mores;

175 2707 239 2730 nec
256 2697 377 2737 refert,
401 2699 524 2741 quibus
541 2700 704 2741 serviant,
725 2699 805 2732 dum
825 2700 881 2741 ju-

176 2757 255 2788 gum
271 2753 421 2790 portent.
469 2750 509 2782 In
535 2751 650 2792 regnis
670 2755 793 2784 contra
807 2761 879 2783 mu-

176 2802 250 2830 tant
279 2809 370 2841 saepe
401 2810 511 2833 mores
540 2801 666 2834 domini
696 2812 878 2845 pauperes,

659 206 802 238 NOTAE
837 205 1101 238 VARIORUM
1137 205 1187 238 IN

944 300 1023 344 quia
1037 301 1144 344 magis
1161 301 1205 335 ab
1221 301 1299 344 hoc,
1314 310 1414 344 quam
1431 301 1562 344 abillo,
1575 311 1654 345 prc-

942 356 1082 386 muntur
1107 356 1168 386 aut
1192 352 1439 388 sublevantur:
1462 353 1513 386 ita
1535 353 1652 388 Mm-

944 402 1050 437 dones
1064 403 1173 447 (quod
1189 413 1302 437 rarum
1318 402 1411 447 erat)
1426 408 1561 438 mortuo
1573 404 1654 439 Phi-

943 454 1039 497 lippo
1053 455 1089 487 in
1104 454 1304 489 Alexandro
1326 457 1336 474 ‘
1354 456 1486 498 Corpus
1497 454 1655 499 hominis,

943 515 1013 539 non
1036 505 1224 546 virtutem,'
1251 507 1286 540 id
1312 510 1367 540 est
1384 516 1511 548 mores,
1530 506 1541 526 ‘
1558 507 1653 551 regis

942 561 1095 591 mutasse
1124 567 1161 591 se
1190 556 1382 599 dicebant,'
1417 557 1511 592 Just.
1536 566 1591 592 xl.
1618 561 1651 592 1.

942 610 1008 644 hoc
1029 613 1104 643 est:
1129 608 1227 643 Nihil
1250 607 1464 642 diversitatis
1488 607 1525 642 in
1549 609 1652 643 mori-

942 661 1007 694 bus
1022 659 1341 704 deprehendebant.
1385 659 1549 694 Pertinet
1566 669 1651 702 ergo

941 713 1001 747 illa
1015 712 1162 747 mutatio
1177 721 1361 755 regnorum
1381 710 1424 744 ad
1446 704 1586 755 omues,
1599 711 1651 746 di·

941 765 1032 809 vites
1051 768 1089 798 et
1111 773 1295 807 pauperes,
1318 762 1652 806 rerumpublicarum

940 826 1026 851 vero
1047 820 1183 850 tantum
1217 816 1261 849 ad
1288 814 1427 853 divites,
1462 823 1530 848 nou
1554 822 1659 858 nque·

941 869 985 903 ad
1001 878 1183 913 pauperes,
1193 868 1315 913 quibu·
1331 868 1424 901 nulla
1436 867 1652 917 incrementa

939 922 1106 955 honorum
1120 925 1182 954 aut
1197 920 1404 964 dignitatum
1420 928 1464 955 ex
1479 918 1654 952 vicissitu-

941 972 1023 1006 dine
1047 972 1105 1006 illa
1130 972 1262 1015 sperari
1287 974 1450 1015 possunt:
1474 969 1536 1003 sed
1551 979 1652 1013 aque

941 1024 1059 1058 miseri
1082 1027 1164 1058 sunt
1188 1026 1224 1056 et
1249 1026 1414 1056 manent:
1446 1020 1571 1055 divites
1595 1021 1651 1055 vel

941 1076 1096 1110 caedibus
1112 1076 1167 1109 vel
1181 1075 1303 1109 exsilio
1327 1073 1478 1117 partium
1491 1071 1652 1107 fortunas

939 1128 1053 1170 luunt,
1068 1128 1124 1160 vel
1139 1137 1184 1160 ex
1200 1125 1345 1159 victoria
1359 1123 1502 1167 praemia
1517 1123 1655 1167 amplis·

941 1178 1027 1211 sima
1039 1177 1196 1220 capiunt.
1240 1176 1299 1211 Sic
1320 1175 1453 1209 Statius
1472 1174 1579 1208 Theb.
1595 1183 1649 1208 tv,

940 1231 995 1262 78.
1016 1228 1196 1271 intereos,
1222 1228 1281 1271 qni
1302 1225 1464 1268 Polynici
1487 1216 1650 1258 au'xilium

939 1278 1056 1312 ferunt
1068 1289 1129 1321 spe
1142 1279 1274 1321 praedae
1289 1281 1326 1311 et
1337 1276 1559 1319 dignitatum,
1572 1275 1650 1308 illos

939 1334 1133 1372 enumerat,
1169 1330 1179 1348 ‘
1195 1327 1281 1364 Quis
1310 1332 1447 1362 mutare
1486 1330 1650 1370 potentes

939 1381 1185 1424 Praecipuum!
1217 1381 1334 1413 Burm-
1653 1411 1655 1414 ⁴

985 1432 1124 1474 Nomen]
1158 1432 1246 1464 Mss.
1269 1429 1400 1464 habent
1424 1437 1536 1462 mores.
1579 1427 1650 1461 Sed

939 1482 1006 1515 hoc
1023 1483 1066 1516 ab
1081 1482 1219 1515 erudito
1235 1481 1445 1522 Scholiaste,
1459 1479 1520 1523 qui
1534 1479 1650 1513 locum

939 1533 1053 1566 Taciti
1068 1533 1204 1566 Histor.
1223 1533 1285 1566 lib.
1299 1541 1342 1565 11.
1364 1532 1375 1551 ‘
1389 1531 1503 1573 Magis
1518 1527 1576 1564 alii
1590 1531 1651 1564 ho-

940 1583 1061 1621 mines,
1079 1593 1182 1626 quam
1198 1582 1256 1615 alii
1270 1580 1408 1623 mores,’
1430 1579 1578 1624 margini
1592 1580 1651 1613 ad-

941 1634 1141 1675 scripserat,
1156 1633 1189 1666 in
1207 1636 1342 1666 textum
1358 1631 1513 1674 irrepsit.
1540 1632 1628 1664 Gud.

983 1684 1160 1727 Pauperes]
1189 1683 1362 1725 Intelligit
1388 1692 1459 1724 eos,
1485 1682 1544 1725 qui
1566 1691 1649 1725 qua-

940 1744 1076 1777 cunque
1091 1745 1135 1767 ex
1152 1745 1256 1767 causa
1272 1734 1412 1767 subesse
1432 1733 1507 1766 aliis
1524 1742 1648 1775 coguu-

940 1788 1011 1825 tur,
1033 1785 1125 1816 nullo
1153 1784 1293 1826 speciali
1321 1787 1480 1826 respectu
1508 1783 1552 1816 ad
1577 1783 1651 1816 ino·

940 1834 1031 1876 piam
1043 1844 1256 1867 nummorum
1267 1845 1277 1875 ;
1291 1833 1447 1875 miseros,
1457 1832 1647 1867 inferiores.

939 1885 1046 1925 Sches.

982 1939 1004 1969 4
1027 1936 1184 1978 Timidus]
1206 1935 1437 1969 scribendum
1451 1935 1600 1978 tumidus,
1610 1935 1647 1968 id

939 1991 1006 2029 est,
1042 1987 1251 2030 impotenter
1287 1986 1478 2020 dominans.
1522 1985 1650 2024 Meus-s-

939 2039 1110 2071 Meursius
1125 2042 1162 2071 et
1176 2038 1246 2080 hic,
1272 2041 1309 2071 et
1323 2036 1394 2070 fab.
1410 2039 1464 2070 83.
1481 2046 1544 2079 pro
1559 2036 1648 2070 timi-

937 2091 1008 2133 dus,
1037 2090 1183 2132 adoptat
1210 2099 1329 2123 vocem
1359 2088 1518 2121 tumidus:
1553 2088 1648 2122 ultra

937 2143 1196 2183 necessitatem,
1208 2144 1248 2174 ut
1258 2140 1407 2174 videtur.
1437 2138 1474 2172 Si
1487 2148 1551 2181 pro
1563 2147 1647 2175 sene

938 2193 1082 2226 vitulum
1106 2202 1230 2235 ponas,
1255 2190 1375 2224 eadem
1392 2189 1503 2223 exibit
1516 2189 1647 2231 fabula,

936 2254 1037 2288 quam
1063 2244 1227 2287 proponit
1253 2242 1454 2275 Abstemius
1478 2239 1551 2274 fab.
1567 2250 1646 2283 pag.

935 2298 1010 2329 538.
1033 2295 1168 2328 Praseh.
1212 2292 1386 2327 Meus-sius
1410 2291 1574 2324 emendat
1596 2294 1650 2324 tn-

935 2346 1050 2386 midus,
1085 2349 1208 2378 contra
1235 2347 1386 2376 mentem
1414 2342 1569 2389 Phaedri,
1603 2346 1644 2375 nt

934 2396 1068 2438 opinor.
1120 2396 1210 2428 Nam
1237 2394 1382 2427 timidum
1407 2396 1510 2426 vocat
1534 2395 1643 2434 recte,

934 2451 1082 2489 propter
1096 2456 1149 2488 ea,
1166 2457 1244 2490 quae
1269 2449 1459 2489 sequuntur
1471 2443 1515 2476 de
1530 2443 1642 2476 consi-

933 2498 979 2530 lio
995 2497 1100 2539 fugae,
1115 2498 1211 2530 asino
1225 2496 1317 2530 dato.
1361 2494 1411 2528 At
1424 2494 1562 2527 tumidus
1574 2502 1641 2536 quo

931 2552 1039 2590 pacto
1054 2548 1204 2590 quadret
1218 2548 1254 2580 in
1275 2545 1474 2589 pastorem?
1496 2544 1559 2578 sed
1570 2554 1640 2578 ‚nee

931 2598 974 2630 de
1002 2600 1214 2641 impotenter
1243 2597 1442 2630 dominante
1483 2597 1640 2639 usurpari

931 2649 1031 2690 solet,
1046 2658 1112 2681 nec
1127 2649 1322 2681 dominatur
1337 2648 1558 2690 impotenter,
1579 2648 1639 2690 qui

930 2700 1034 2732 asello
1081 2699 1235 2742 singulas
1279 2699 1427 2740 imponit
1475 2698 1638 2732 clitellas,

929 2750 1072 2782 Mem-sii
1085 2750 1332 2783 correctionem
1346 2749 1461 2792 rejicit
1474 2753 1510 2782 et
1522 2749 1639 2782 Frein-

929 2801 1082 2836 shemius.
1107 2800 1211 2839 Schef.
