1806 3236
243 249 329 294 650

244 357 350 389 etiam
366 357 581 399 praecedeuti
599 357 667 391 fab.
683 361 739 392 21.
764 360 819 392 vel
834 361 951 403 legen-

243 407 339 449 dum,
348 409 403 440 vel
415 414 511 442 certe
526 410 759 443 scandendum
771 417 834 454 est,
846 413 952 454 per-It,

243 467 312 490 non
325 459 438 500 periit,
462 464 499 492 ut
520 460 650 492 editum
665 465 732 494 est.
755 462 842 495 Ritt.

286 509 392 550 Petit]
416 510 570 552 Mallem,
597 512 701 553 petIt,
726 517 765 545 ut
781 523 856 556 cap.
872 524 951 556 sup.

240 562 298 593 21.
322 561 427 603 perh,
453 562 623 604 quomodo
637 564 711 606 jam
734 565 815 598 olim
843 567 952 599 voluit

243 614 281 643 et
310 610 571 646 Rittershusius.
620 614 708 647 Nam
745 622 782 649 et
818 618 952 661 reliqua

244 661 436 695 efferuntur
447 664 511 696 isto
526 667 694 708 tempore.
720 667 829 708 Schef.

285 716 306 746 7
331 715 462 756 Exigua
488 725 557 748 cum
572 716 734 760 frenaret]
762 720 952 754 Cohiberet

242 766 398 807 materia,
422 771 569 809 propter
593 778 689 801 suam
713 770 952 813 exiguitatem,

241 820 282 848 ut
304 816 414 849 libero
438 817 569 860 impetu
585 829 659 861 non,
668 826 787 862 posset
801 823 952 864 evagari,

241 867 330 899 sicut
345 868 430 900 alias
446 873 522 902 erat
548 874 666 903 suetus
691 871 726 903 in
751 878 952 914 argumento

241 919 366 961 amplo.
411 919 536 952 Cicero
566 921 649 954 Ver.
674 931 709 955 v.
745 922 855 965 ‘Ejus
882 925 953 956 ani-

242 980 335 1002 mum
363 972 578 1006 conscientia
602 973 742 1007 sceleris
767 973 952 1009 frenabat.²

241 1021 350 1062 Schef.

284 1077 305 1106 8
333 1074 415 1106 Usus
435 1075 548 1117 po'e'toe,
575 1079 611 1108 ut
627 1076 724 1109 moris
737 1080 797 1118 est,
811 1078 953 1120 licentia]

243 1124 428 1158 Salmasius
456 1126 651 1169 distinguit,
685 1129 768 1161 Usus
787 1130 954 1172 politoe‚at

243 1176 352 1217 moris,
368 1180 415 1209 est
430 1178 567 1211 licentia.
600 1178 655 1211 An
672 1180 754 1213 Usus
765 1181 882 1222 poetici
890 1193 953 1214 mo-

240 1227 287 1259 ris
302 1231 349 1260 est
371 1228 524 1263 licentia?
568 1230 800 1264 Quintilianus
822 1232 883 1266 lib.
910 1242 951 1265 11.

241 1277 252 1294 ‘
267 1278 370 1310 More
405 1279 519 1320 poetis
553 1279 854 1323 frequentissimo!
897 1284 953 1315 An

240 1337 324 1361 vero
350 1329 433 1362 Usus
456 1330 568 1362 Pok'toe
581 1332 725 1365 memoris
739 1335 787 1365 est
800 1333 927 1366 lieentia
937 1333 954 1368 ἰ)

241 1380 407 1422 Memoris,
429 1381 466 1413 id
491 1385 559 1423 est,
583 1384 686 1425 grati,
708 1385 852 1426 quinon
868 1384 954 1418 obli-

241 1430 385 1464 viscitur
399 1431 657 1466 beneficiorum.
703 1435 888 1468 Terentius
908 1435 954 1467 A·

241 1482 356 1524 delph.
371 1484 381 1502 ⁴
392 1484 473 1517 Scio
486 1488 520 1517 te
529 1494 595 1517 non
607 1495 703 1519 usum
716 1488 863 1520 antehac
872 1487 954 1520 ami-

241 1533 327 1566 citia
350 1544 447 1574 mea;
470 1535 663 1569 Memorem
688 1547 743 1570 me
766 1538 861 1570 dices
876 1548 954 1571 esse

242 1586 279 1617 et
295 1585 456 1627 gratum!
503 1587 624 1620 Cicero
646 1587 691 1620 de
716 1587 819 1622 Orat.
845 1589 954 1622 ‘Dili-

241 1644 338 1676 gens,
353 1645 496 1677 memor,
512 1636 647 1670 sobrius
665 1638 817 1671 Orator.¹
869 1639 954 1672 Tria

241 1685 350 1718 verba
363 1686 437 1728 illa,
457 1691 622 1730 secretum,
650 1691 797 1731 materia,
818 1690 954 1733 interpo-

239 1735 315 1777 suit,
330 1736 414 1769 mire
437 1735 556 1770 favent
570 1738 649 1772 huic
666 1740 822 1772 lectioni.
843 1742 933 1775 Gud.

288 1787 371 1820 Usus
395 1788 512 1830 poem,
546 1793 583 1822 ut
611 1790 707 1822 moris
729 1795 789 1833 est,
807 1792 952 1834 licentia]

242 1837 493 1873 Quintilianus:
516 1839 526 1857 ‘
540 1840 642 1873 More
665 1841 780 1882 poetis
795 1841 955 1886 frequen-

242 1889 375 1923 tissimo
397 1890 640 1933 digressusfin
663 1893 782 1927 laudes
797 1895 953 1929 Castoris

242 1945 279 1973 et
295 1941 451 1974 Pollucis
466 1941 624 1976 exierat!
648 1943 729 1985 Εἰς.

285 1992 399 2025 Po'e'toe
413 1993 524 2035 moris]
561 1994 698 2037 Malim,
725 1995 836 2030 Ροὶἱια.
883 1995 955 2037 An,

241 2043 338 2075 moris
363 2043 486 2085 Po‘e'toe‚
517 2043 552 2076 id
583 2049 648 2084 est,
678 2045 841 2079 Poe'tici?
884 2047 954 2080 Sed

244 2093 319 2137 quis
335 2094 393 2127 ille
409 2105 481 2128 mos
496 2099 563 2136 est,
579 2096 623 2128 de
640 2106 707 2139 quo
729 2097 836 2130 dicit?
858 2098 954 2130 Prae-

243 2150 382 2188 ceptum
411 2148 466 2180 hic
495 2151 634 2182 secutus
671 2154 725 2182 est
760 2149 954 2183 Simonides

241 2199 340 2238 illud,
367 2200 458 2242 quod
496 2201 649 2234 inculcat
682 2201 892 2235 Aristoteles
918 2203 954 2235 in

242 2251 402 2292 Topicis:
426 2251 489 2292 Ut,
504 2252 532 2284 si
548 2253 694 2285 materia
709 2253 808 2285 nobis
822 2253 955 2287 inanior

243 2304 303 2333 aut
317 2301 467 2334 sterilior
479 2301 657 2345 obtigerit,
667 2303 747 2336 illuc
763 2305 953 2338 orationem

235 2352 465 2394 ,deducamus,
493 2353 554 2386 ubi
575 2354 760 2395 abundare,
777 2360 826 2396 et,
842 2367 862 2388 a
877 2367 955 2398 pro-

242 2403 357 2444 posito
381 2403 630 2446 digredientes,
652 2406 748 2438 velut
769 2406 803 2437 in
830 2416 954 2449 campo

242 2453 352 2487 libere
369 2464 553 2487 excurrere
573 2460 677 2499 atque
704 2458 860 2490 exultare
876 2469 954 2500 pos-

243 2504 358 2537 simus.
405 2505 507 2539 Quod
520 2511 556 2539 et
570 2506 760 2540 Pindarum
775 2518 867 2549 saepe
881 2508 954 2541 fac-

242 2555 364 2587 titasse
377 2555 547 2598 videmus,
559 2560 595 2588 et
609 2557 793 2589 Horatium
802 2558 954 2601 aliquan*-

244 2606 300 2638 do.
345 2607 503 2639 Eundem
534 2607 722 2640 Poetarum
751 2619 880 2641 morem
900 2620 954 2642 or-

243 2658 345 2690 nandi
366 2668 488 2691 caussa
509 2663 711 2701 usurpatum
738 2670 759 2693 a
778 2660 953 2694 Simonide

244 2708 351 2741 fuisse
368 2709 472 2741 etiam
490 2710 614 2742 Cicero
635 2711 778 2744 indicat.
826 2713 878 2744 Ex
894 2711 954 2744 illo

245 2759 337 2791 enim
367 2765 479 2792 sumta
511 2765 565 2793 est
596 2760 671 2793 haec
706 2762 872 2803 narratio,
908 2762 952 2794 de

247 2809 398 2841 Oratore
411 2810 469 2843 lib.
485 2820 529 2843 ιι.
563 2811 632 2843 Sed
649 2820 716 2844 non
733 2821 853 2854 parum
877 2822 952 2845 eam

244 2859 472 2901 locupletavit
500 2865 537 2894 et
561 2862 743 2895 exornavit
773 2862 952 2905 Phaedrus,

704 263 847 296 NOTAE
883 264 1152 298 VARIORUM
1185 267 1236 298 ΙΝ

1001 365 1040 394 nt
1054 362 1221 395 lectorem
1231 362 1373 396 docebit
1384 364 1538 397 collatio.
1579 365 1707 400 Qun*-

1003 422 1102 454 qnam
1118 413 1204 445 illud
1216 413 1341 456 omisit,
1358 414 1455 457 qnod
1471 414 1582 449 tradit
1607 415 1709 450 Clee-

1002 473 1053 505 ro,
1071 464 1279 497 Simonidem
1306 465 1369 498 hac
1389 467 1572 500 occasione
1598 472 1709 501 artem

1002 514 1172 547 invenisse
1199 517 1385 558 memorie,
1409 522 1451 550 et.
1472 527 1518 550 ex
1538 527 1595 562 eo,
1613 519 1710 562 quod

1001 566 1228 608 meminisset,
1253 577 1320 610 qno
1334 577 1453 602 eorum
1471 569 1617 612 quisque
1631 570 1709 604 loco

1003 617 1191 660 cubuisset,
1219 618 1525 653 demonm'atmem
1551 620 1710 655 uiuscu-

995 668 1123 711 jusque
1137 669 1326 711 sepeliendi
1341 669 1459 712 fuisse,
1473 679 1552 705 enm
1570 671 1635 706 alii
1651 682 1710 705 ue·

1003 729 1069 761 que
1081 719 1240 762 Scopam,
1254 730 1367 764 neque
1382 725 1523 755 cetum
1531 722 1713 764 emsa,

1003 771 1168 803 coenaculi
1183 771 1281 804 ruina
1293 782 1476 815 oppressos
1485 777 1594 817 amo
1603 774 1709 809 obtri-

1004 826 1068 862 tos,
1091 822 1160 854 ullo
1189 823 1291 856 modo
1314 823 1553 858 internoscere
1578 825 1710 868 pom·-

1004 876 1091 906 sent.
1135 873 1225 906 Vide
1240 879 1278 906 et
1291 875 1471 908 Valerium
1483 875 1580 910 Max.
1594 877 1620 910 l.
1631 885 1660 910 ι.
1676 886 1708 910 c.

1003 925 1035 956 8.
1058 924 1115 956 De
1131 924 1320 958 Min-aculis.
1343 925 1431 958 stlte.

1047 974 1160 1006 Poetoe
1173 975 1283 1017 moria]
1318 976 1441 1010 Cicero
1456 977 1569 1010 eit-to
1575 977 1651 1020 ,iun
1662 977 1711 1010 lo-

1006 1035 1069 1059 co:
1100 1029 1110 1045 ‘
1124 1027 1166 1059 Iu
1195 1037 1262 1070 quo
1284 1027 1394 1060 multa
1415 1028 1566 1062 ornandi.
1586 1037 1712 1061 cat-sa

1005 1076 1192 1109 Poetarum
1216 1087 1312 1110 more
1335 1077 1372 1110 in
1387 1078 1572 1112 Castorem
1581 1077 1726 1120 swina

1005 1132 1042 1159 et
1069 1128 1275 1161 Pollucem.’
1304 1129 1385 1162 Nea.
1430 1129 1616 1162 cohaerem
1641 1128 1712 1169 hic,

1004 1178 1134 1210 licentia
1164 1178 1285 1220 Poeta,
1321 1189 1397 1222 qna
1434 1180 1642 1222 intelligitur
1669 1189 1712 1212 οι

1005 1238 1108 1271 quam
1132 1228 1251 1271 habet,
1279 1233 1317 1263 ut
1333 1230 1452 1273 poeta,
1470 1241 1539 1274 qna
1552 1231 1635 1264 tal'n
1646 1235 1711 1264 at.

1004 1281 1041 1313 Si
1067 1280 1149 1322 quid
1175 1285 1288 1313 autem
1317 1281 1374 1314 hic
1403 1281 1618 1323 mutandum,
1647 1290 1712 1323 pro

999 1331 1103 1373 politoe
1117 1332 1302 1365 scriberem
1319 1332 1422 1374 polita.
1444 1331 1559 1366 Schef.

1051 1383 1096 1414 Ut
1110 1383 1207 1415 moris
1216 1382 1278 1424 est]
1309 1383 1533 1426 Conjflngunt
1559 1382 1647 1416 illud
1665 1386 1713 1415 eut

1005 1433 1219 1475 praecedenti
1244 1437 1293 1467 ut.
1338 1435 1412 1476 Ego
1435 1434 1574 1467 mallem
1587 1433 1710 1476 adjum-

1005 1493 1086 1526 gere
1100 1484 1336 1528 sequentibus,
1354 1490 1390 1518 et
1406 1483 1538 1518 referre
1551 1484 1595 1517 nd
1616 1485 1710 1518 Um.

1004 1533 1119 1567 Schef.

1046 1589 1068 1619 9
1091 1586 1300 1629 Interposua‘t]
1331 1586 1430 1620 Inter
1454 1596 1510 1628 ea,
1534 1596 1610 1629 quun
1634 1596 1711 1634 pro-

1004 1637 1080 1679 prie
1108 1641 1350 1679 argumentum
1386 1637 1595 1680 postulabat.
1654 1637 1713 1671 Ita

1004 1698 1109 1731 supra
1124 1688 1185 1721 lib.
1202 1697 1245 1720 u.
1262 1688 1350 1730 prol.
1378 1687 1389 1707 ⁸
1404 1687 1638 1734 lutei-ponere
1651 1687 1712 1720 ali-

1004 1739 1086 1781 quid
1099 1738 1268 1771 dictorum
1282 1737 1304 1772 :⁹
1321 1738 1382 1771 lib.
1397 1747 1443 1771 ιι.
1455 1741 1487 1771 1.
1504 1739 1613 1772 Cato:
1634 1737 1711 1772 ‘In-

1003 1793 1148 1831 terpone
1165 1788 1234 1821 tuis
1255 1797 1499 1832 nonuunquam
1515 1788 1642 1830 gaudi·
1654 1799 1726 1822 cuv

1004 1839 1077 1872 ris!
1098 1838 1206 1879 Sclaef.

1045 1889 1157 1931 Leda]
1180 1884 1248 1923 Ms.
1263 1889 1370 1924 Laeae.
1393 1890 1485 1924 Gud-

1046 1942 1142 1975 Ledae
1164 1940 1286 1983 sidera]
1309 1941 1481 1984 Intelligit
1503 1942 1712 1986 Διοσκούρους

1003 1992 1070 2036 (ita
1084 1996 1250 2026 vocantus=
1273 1992 1380 2025 etiam
1394 1992 1431 2025 iu
1446 1993 1547 2026 Actis
1562 1993 1712 2036 Aposto-

1003 2043 1078 2077 licis
1093 2052 1233 2076 xxvm.
1247 2042 1318 2084 11.)
1340 2043 1527 2077 Pollucem
1541 2048 1579 2078 et
1592 2045 1711 2078 Casto-

1004 2105 1098 2128 rem:
1123 2095 1180 2137 qui
1197 2098 1234 2127 et
1247 2094 1420 2127 communi
1440 2095 1578 2128 nomine
1595 2095 1713 2129 Casto-

1005 2155 1069 2179 res.
1112 2145 1155 2178 In
1185 2145 1296 2178 Herc.
1323 2145 1406 2178 Fur.
1425 2136 1569 2179 Senecas
1585 2144 1668 2180 Aet.
1683 2155 1711 2179 r.

1006 2207 1055 2230 vs.
1082 2199 1135 2230 13.
1156 2195 1289 2230 Junoni
1314 2195 1477 2229 dicuntur
1502 2196 1513 2214 ‘
1529 2197 1630 2230 Clara
1652 2206 1712 2240 ge-

1004 2248 1086 2281 mini
1103 2248 1202 2290 signa
1215 2247 1427 2290 Tyndarida
1443 2247 1466 2280 ι’
1487 2247 1548 2280 scd
1562 2248 1621 2282 illo
1637 2249 1710 2292 qni-

1005 2299 1084 2332 dem
1110 2300 1185 2332 loco
1199 2299 1302 2340 male,
1325 2298 1519 2332 viventibus
1532 2298 1645 2332 adhuc
1659 2299 1712 2341 ip-

1004 2352 1062 2393 sis,
1088 2350 1235 2383 necdum
1271 2351 1308 2383 in
1344 2350 1496 2383 Deorum
1532 2358 1713 2383 numerum

1005 2403 1135 2435 relatis.
1181 2400 1357 2435 Judicium
1385 2404 1440 2432 est
1461 2400 1575 2444 magni
1598 2399 1711 2432 Vos-ii

1004 2453 1091 2486 Inst.
1110 2452 1172 2485 Or.
1185 2462 1216 2484 v.
1231 2454 1327 2484 11.7.
1351 2451 1486 2483 Prmh.
1513 2451 1591 2484 Non
1600 2450 1709 2483 eohae-

1004 2508 1084 2536 rent
1103 2503 1192 2543 haec,
1219 2502 1282 2534 sed
1303 2502 1408 2534 sidera
1432 2501 1583 2543 pertinet
1597 2499 1640 2532 ad
1651 2510 1709 2541 ee-

1004 2555 1100 2587 mina.
1147 2554 1226 2586 Non
1242 2553 1333 2585 enim
1348 2556 1447 2585 erant
1462 2550 1569 2584 Ledae
1581 2550 1709 2592 sidera,

1004 2605 1065 2637 sed
1094 2604 1171 2645 filii,
1207 2604 1266 2646 qui
1295 2602 1398 2636 simul
1415 2601 1557 2634 fuerunt
1584 2601 1710 2643 sidera,

1004 2655 1155 2696 Gemini,
1179 2654 1330 2696 itemque
1367 2653 1491 2685 Castor
1519 2655 1556 2684 et
1582 2651 1709 2684 Pollux

1003 2709 1135 2738 vocata.
1179 2703 1267 2736 Vide
1277 2703 1469 2745 Manilium,
1482 2702 1658 2745 Hyginum
1671 2706 1710 2735 et

1003 2756 1096 2789 alios.
1121 2754 1228 2794 Sches.

1047 2809 1087 2838 10
1109 2803 1353 2845 Auctoritatem]
1378 2803 1455 2836 Hoc
1483 2804 1579 2836 vult:
1613 2807 1707 2836 retu-

1003 2858 1080 2891 lisse
1106 2855 1325 2898 Simonidem,
1356 2864 1432 2898 quoe
1457 2855 1500 2888 de
1513 2855 1612 2889 simili
1626 2855 1706 2889 cn-
