1806 3236
192 246 278 289 454

194 351 314 383 cianus
339 359 471 393 quoque
501 350 697 383 Praeexerc.
727 349 829 383 Rhet.
855 350 899 383 de

191 401 326 434 fabula:
358 402 413 434 cui
439 405 555 433 tamen
581 400 672 433 idem
701 405 767 441 est,
795 400 902 443 quod,

193 453 371 486 consilium
387 452 527 484 habere.
564 452 574 470 ‘
590 451 835 485 Consiliarem'
852 452 902 486 di-

193 503 225 535 ci
241 513 284 535 ex
300 504 340 536 L.
356 506 390 534 5.
421 503 466 535 D.
495 502 539 535 de
567 501 640 535 Off.
667 502 903 537 adsess.mon-

190 557 278 586 strat
302 553 374 587 Jos.
397 553 550 586 Mercer.
577 552 621 585 ad
648 553 780 596 Dictyn
806 553 902 586 Cret.

192 607 203 623 ¹
218 605 427 639 Consiliosus
442 604 452 620 '
468 605 558 638 dixit
578 606 665 638 Cato
677 615 732 647 ap.
744 606 836 640 Gell.
851 614 903 638 w.

193 661 226 690 9.
253 658 383 690 Prason.
426 656 459 689 A
475 657 664 690 consiliando
688 657 711 689 i.
727 667 758 689 e.
783 667 906 690 consu·

192 707 311 748 lenda,
334 707 424 740 sicut
439 706 528 739 bene
551 707 748 740 Praschius.
771 706 905 740 Plinius

194 759 262 801 Ep.
278 768 330 792 ιν.
353 761 406 792 17.
450 758 460 778 ‘
477 758 535 791 Illi
558 758 594 791 in
618 758 777 801 gerendis
794 758 905 792 consi-

192 809 298 843 liator
311 813 349 842 et
364 808 505 842 rector?
530 808 699 851 Apuleius
724 809 820 843 Asin.
845 808 904 842 lib.

194 869 221 893 1.
251 860 261 878 ‘
279 859 332 893 Ac
347 859 403 892 hic
418 860 527 895 bonus
542 860 763 895 consiliator!
787 859 892 899 seties.

237 914 257 943 3
285 911 342 944 Vis
355 915 387 944 et
409 911 566 953 nequitia]
607 911 695 945 Hiat
715 911 772 944 hic
796 911 906 951 locus,

194 967 231 995 et
244 966 312 1005 est,
326 966 365 995 ut
385 962 558 995 excidisse
583 971 744 996 censeam
769 970 906 995 versum

195 1024 300 1047 unum
315 1019 395 1056 post
409 1015 512 1047 hunc.
557 1014 649 1048 Nam
665 1013 723 1055 qui
737 1013 907 1056 sequitur,

195 1065 292 1107 cujus
308 1065 463 1098 initium:
494 1064 551 1099 Vis
573 1068 605 1097 et
619 1065 778 1107 nequitia.-
801 1068 841 1097 ut
858 1064 907 1098 sie

196 1117 320 1156 dicam,
357 1114 571 1158 αὖτοκέφαλυς
613 1119 681 1158 est,
710 1119 748 1148 et
778 1125 842 1158 per
870 1125 907 1149 se

196 1168 354 1201 subsistit
381 1168 646 1209 elegantissime,
675 1172 798 1211 estque
829 1177 907 1210 per-

197 1217 291 1251 fecta
302 1218 420 1259 γνώμη.
434 1219 585 1252 Dixerat
596 1218 765 1253 Phaedrus
775 1229 784 1252 z
796 1219 807 1238 ‘
819 1219 908 1252 Con-

196 1274 251 1302 tra
267 1275 427 1312 potentes
441 1279 542 1302 nemo
560 1270 711 1303 munitus
737 1274 790 1303 est
805 1262 909 1303 satis!

196 1319 275 1353 Jam
290 1321 318 1353 si
335 1321 524 1354 accesserit
547 1322 657 1353 malus
679 1321 908 1362 consiliarius,

197 1371 335 1403 omnino
372 1371 417 1404 de
452 1371 644 1405 hominibus
677 1376 792 1405 actum
827 1376 906 1405 est:

198 1422 328 1464 quippe
353 1423 387 1455 In
403 1432 642 1465 quemcunque
665 1424 716 1456 vis
739 1427 777 1457 et
791 1423 909 1465 nequi-

197 1472 248 1504 tia
261 1473 359 1504 simul
373 1473 539 1515 impetum
555 1472 703 1516 faciunt,
716 1484 796 1508 eum
809 1484 908 1508 ever·

196 1527 288 1556 tunt.
325 1522 433 1556 Vides
445 1523 563 1566 itaque
575 1523 763 1558 defectum.
787 1525 908 1558 Menn-

197 1574 353 1607 Frustra.
401 1573 500 1607 Ordo
523 1574 602 1608 talis
626 1579 691 1608 est.
736 1575 910 1621 Quicquid

198 1628 265 1663 est,
284 1623 376 1666 quod
392 1624 442 1656 vis
470 1629 507 1657 et
521 1625 676 1668 nequitia
691 1630 910 1670 oppugnant,

198 1673 234 1705 id
265 1674 348 1715 ruit,
374 1675 403 1707 si
442 1676 630 1716 accesserit
657 1676 701 1710 ad
730 1681 908 1719 potentem

197 1724 400 1757 consiliator
420 1725 607 1759 maleficus.
651 1727 774 1768 Jungit
800 1730 911 1769 poten-

198 1777 275 1815 tem,
290 1778 326 1806 et
340 1775 568 1807 consiliatorem
583 1777 768 1819 maleficum.
818 1777 911 1811 Huic

199 1826 386 1867 nequitiam,
402 1825 451 1858 illi
466 1826 531 1857 vim
554 1826 698 1859 tribuit:
724 1827 912 1869 conjuncta

200 1876 279 1918 ista,
296 1877 358 1917 ait,
373 1876 403 1909 si
427 1881 643 1919 oppugnent,
670 1877 834 1920 quicquid
855 1877 912 1919 sit,

202 1928 418 1969 quantumvis
446 1931 558 1960 tutum
585 1938 622 1961 se
656 1932 771 1970 putet,
800 1937 913 1961 ruere.

201 1978 310 2012 Plana
326 1979 449 2015 omnia.
475 1978 581 2019 Schef.
627 1979 771 2012 Nullum
786 1979 840 2012 hic
857 1988 914 2022 ag·

201 2042 305 2065 nosco
319 2031 463 2072 hiatum,
477 2030 539 2063 sed
555 2039 621 2063 nec
637 2031 814 2072 plerisque
828 2030 913 2063 locis

202 2084 291 2124 aliis,
308 2083 368 2115 ubi
391 2083 563 2115 Mem-sius
577 2081 613 2114 id
629 2081 787 2124 putabat.
831 2082 914 2114 Pul-

202 2135 283 2167 chre
300 2133 391 2167 enim
413 2132 471 2166 Vis
484 2135 517 2166 et
538 2132 680 2173 nequitia
703 2131 915 2174 respondent

202 2183 435 2227 superioribus
446 2193 456 2223 ;
472 2182 531 2216 Vis
541 2183 651 2224 primo
663 2182 789 2224 versui,
799 2181 860 2215 ubi
869 2182 914 2215 de

202 2235 374 2278 potentia:
408 2232 547 2275 nequitia
562 2231 732 2274 sequenti,
762 2241 827 2273 quo
843 2242 913 2264 con-

201 2287 345 2320 siliarius
355 2285 514 2329 malificus
531 2283 743 2327 producitur.
766 2283 912 2316 Freinsh.

202 2337 315 2370 Video
340 2335 530 2369 Phaedrum
557 2344 626 2367 non
642 2333 863 2375 indiligenter
877 2334 912 2366 in

205 2387 370 2420 Lucretio
385 2385 508 2419 fuisse:
538 2393 646 2427 quare
672 2383 842 2425 suspicari
871 2383 914 2415 de

204 2439 270 2470 hoc
285 2438 360 2470 loco
370 2435 480 2478 potui,
491 2434 674 2477 legendum
687 2438 722 2466 et
737 2433 914 2475 interpun-

206 2487 352 2530 gendum
361 2498 368 2518 :
384 2487 441 2519 Vis
449 2489 479 2518 et
486 2485 636 2527 nequitia,
644 2484 791 2526 quidquid
800 2494 916 2526 oppug-

204 2538 379 2579 nant,mit.
404 2536 567 2569 Potentia
581 2540 617 2567 et
627 2534 781 2578 nequitia
796 2535 864 2566 ruit
880 2545 915 2566 u-

205 2588 446 2631 numquodque
459 2586 548 2629 quod
564 2589 751 2628 oppugnat.
774 2585 865 2617 Nam
878 2591 915 2620 et

207 2642 257 2674 ita
268 2640 448 2673 Lucretius
465 2638 519 2678 (ut
534 2636 710 2670 admonuit
723 2636 914 2677 Giphanius

206 2690 340 2732 noster)
360 2699 451 2722 ruere
467 2689 580 2722 active
597 2688 700 2728 dixit,
724 2696 797 2729 pro,
820 2685 914 2718 adfli-

209 2753 303 2784 gere,
333 2751 516 2784 proruere:
540 2744 579 2773 nt
606 2740 650 2772 de
674 2743 798 2772 vento:
823 2738 916 2771 ‘Lu-

210 2798 400 2835 gentesque
425 2791 495 2823 ruit
515 2801 619 2824 naves
645 2794 681 2822 et
705 2789 825 2823 nubila
851 2788 916 2822 dif-

210 2842 303 2876 fert.’
340 2844 386 2875 Et
402 2852 534 2875 rursum
549 2842 593 2875 de
607 2841 714 2875 amnis
731 2840 912 2874 violentia:

655 255 797 285 NO'I'AE
832 255 1097 287 vAluoRUM
1133 257 1185 286 IN

950 350 959 368 ‘
975 351 1049 384 Dat
1073 351 1186 384 sonitu
1206 361 1330 394 magno
1352 355 1515 394 stragem,
1537 352 1656 385 volvit·

953 411 1020 443 que
1035 401 1098 434 sub
1114 401 1212 435 undis
1229 402 1383 436 Grandia
1395 412 1490 443 saxa,
1505 403 1575 436 ruit
1587 413 1655 445 qua

952 450 1121 494 quidquid
1145 451 1308 486 fluctibns
1331 453 1472 486 obstat!
1516 454 1585 488 Qui
1607 455 1657 487 to·-

953 512 1013 535 eus
1036 502 1086 535 illi
1112 502 1203 544 apud
1228 503 1414 537 Phaedrum
1429 513 1596 547 perquam
1610 505 1655 538 si·

953 553 1054 587 milis.
1100 554 1147 587 Et
1165 554 1287 595 Vix-gil.
1310 554 1439 597 Georg.
1456 563 1482 587 1.
1504 554 1515 573 ‘
1531 555 1657 588 Cumu-

954 606 1071 648 losque
1110 605 1181 638 ruit
1215 605 1303 637 male
1342 605 1477 646 pinguis
1518 606 1656 640 arente!

954 656 1080 698 Schiap.
1111 654 1325 694 Χαλεπωτάννη
1337 655 1400 698 ’γὰρ
1410 655 1523 696 ἀδικία,
1537 656 1658 699 ἔχουσα

955 707 1050 749 ὅπλα,
1072 706 1218 740 Aristot.
1233 706 1276 739 de
1292 708 1382 748 Rep.
1399 715 1426 739 ι.
1439 709 1472 741 2.
1493 707 1627 742 Prata.

1003 758 1059 791 Vis
1084 761 1116 791 et
1140 758 1281 800 nequitia
1302 757 1444 799 quicquid
1467 762 1659 802 oppam,

954 809 1036 851 ruit]
1059 809 1116 842 Sic
1129 809 1338 843 Petronius:
1362 810 1372 827 ‘
1391 808 1487 842 Nihil
1509 813 1564 842 est
1589 813 1659 843 tun

956 860 1114 902 arduum,
1134 860 1224 902 quod
1239 869 1307 892 non
1326 859 1530 902 improbitas
1545 865 1660 898 extor-

956 910 1084 954 queat!
1111 911 1195 943 Rite.
1640 943 1644 946 ,

996 965 1019 996 4
1030 961 1183 1003 Sustulit]
1199 961 1258 995 Sic
1270 961 1409 1004 proprie
1418 962 1606 1004 loquuntur
1616 961 1661 995 de

957 1013 1085 1046 avibus.
1129 1012 1220 1046 Vide
1235 1023 1310 1054 sup.
1327 1022 1353 1045 1.
1369 1023 1401 1046 c.
1413 1016 1468 1046 28.
1491 1012 1597 1053 Sobes-

1000 1067 1020 1096 5
1040 1064 1119 1096 Cum
1130 1063 1300 1096 abdidisset
1313 1073 1423 1096 cornea
1433 1073 1544 1104 corpus
1554 1062 1662 1105 aomo]

958 1114 1093 1147 Pisides
1120 1115 1298 1156 Cosmurg.
1341 1113 1394 1147 ‘ris
1418 1112 1583 1147 ἐνδιδύσκει
1603 1112 1664 1152 τὴν

957 1165 1100 1207 χελώνην
1114 1163 1264 1208 ὀστράκῳ,
1278 1164 1340 1198 Καὶ
1354 1165 1415 1209 τῂν
1433 1163 1663 1205 τατεινόσωμον

958 1215 1191 1257 ἑστεγωσμένην
1199 1215 1362 1249 Δείκνυσιν
1375 1214 1462 1248 ἔνι-δε
1471 1213 1566 1248 οἰκίας
1571 1221 1662 1258 φρου-

957 1265 1124 1310 ρουμένηνς
1149 1267 1207 1300 Sic
1231 1266 1382 1300 Cochlea
1396 1265 1489 1307 apud
1517 1265 1590 1299 Cic.
1616 1265 1662 1298 de

958 1318 1113 1351 Divinat.
1127 1326 1170 1350 11.
1199 1317 1210 1335 ‘
1223 1315 1437 1358 Domiporta’
1452 1315 1587 1349 dicitur.
1615 1315 1663 1349 Et

958 1370 994 1401 in
1009 1368 1078 1401 fab.
1093 1368 1219 1410 AEsopi,
1235 1367 1356 1400 rustici
1370 1366 1460 1400 filins
1471 1366 1640 1399 exclamat
1654 1377 1663 1398 ε

950 1418 995 1452 ς,Ω
1003 1418 1137 1453 κάκιστα
1146 1418 1224 1460 ζῶα,
1234 1419 1298 1451 τῶν
1308 1416 1408 1451 οἰκιῶν
1419 1417 1501 1458 ὑμῶν
1515 1417 1663 1459 ἔμπηρα,

957 1470 1057 1511 μένων
1075 1469 1186 1512 ᾄδετες
1208 1469 1382 1502 Caeterum
1407 1467 1572 1510 pervalde
1592 1468 1664 1500 hal-

959 1514 1155 1555 lucinantur
1172 1521 1334 1554 Erasmus
1351 1518 1440 1557 Chii.
1455 1520 1489 1551 8.
1515 1518 1617 1551 Cent.
1633 1520 1665 1552 3.

960 1573 1136 1606 Prov.38.
1159 1574 1197 1603 et
1221 1570 1374 1604 crinitus
1403 1569 1464 1603 lib.
1487 1578 1543 1603 xi.
1571 1579 1604 1602 c.
1631 1572 1665 1605 ¹1.

960 1622 1003 1655 de
1013 1622 1145 1655 Hones.
1156 1620 1281 1662 discip.
1292 1619 1350 1663 qui
1361 1619 1454 1663 quod
1465 1628 1486 1652 a
1500 1619 1667 1653 Cicerone

961 1673 1004 1707 de
1019 1673 1172 1707 cochlea
1188 1671 1382 1712 dicebatur,
1404 1671 1415 1689 ‘
1430 1670 1668 1713 Tei-rigemus,

960 1725 1214 1766 herbigradam,
1234 1723 1474 1765 domiportam,
1502 1722 1666 1764 sanguine

961 1774 1117 1812 cassam?
1130 1773 1311 1807 Testudini
1322 1772 1668 1806 communicaverunt.

961 1826 1010 1858 Iis
1033 1825 1124 1857 enim
1147 1824 1272 1864 verbis,
1294 1825 1304 1842 ‘
1319 1824 1484 1866 sanguine
1511 1822 1666 1864 cassam,⁸

962 1875 1185 1918 distinguitur
1199 1874 1346 1907 Cochlea
1359 1884 1380 1905 a
1389 1873 1593 1914 Testudine,
1608 1884 1668 1906 cu·

957 1927 1017 1969 jus
1036 1926 1234 1967 sanguinem
1250 1924 1384 1957 Plinius
1409 1924 1468 1958 lib.
1484 1933 1619 1958 xxxrn.
1635 1928 1667 1958 4.

963 1977 1157 2010 claritatem
1185 1976 1278 2007 visus
1303 1974 1431 2015 facere,
1453 1974 1668 2008 suffusiones-

963 2039 1029 2072 que
1045 2029 1220 2062 oculorum
1236 2028 1358 2060 tollere
1373 2027 1434 2059 ait.
1457 2027 1537 2068 Rig,

1006 2080 1204 2122 Abdidisset]
1227 2081 1281 2112 Ex
1297 2078 1457 2121 virgilie,
1478 2078 1586 2122 quiin
1604 2079 1669 2111 Cu·

962 2132 1043 2174 lice,
1066 2133 1109 2165 de
1136 2131 1302 2174 capellisz
1323 2130 1335 2150 ‘
1358 2129 1513 2169 vallibus
1537 2129 1669 2165 abdunt

959 2182 1141 2224 .Corpora.'
1164 2181 1272 2221 Schqf.

1008 2233 1144 2275 Cornea]
1176 2232 1375 2274 Eleganter,
1409 2234 1552 2274 propter
1578 2229 1671 2263 duri-

963 2284 1058 2324 tiem,
1079 2282 1246 2325 quomodo
1267 2282 1310 2315 de
1327 2281 1447 2314 avibus
1468 2282 1478 2300 ‘
1495 2281 1667 2315 corneum

963 2332 1123 2366 rostrum'
1137 2331 1317 2374 usurpavit
1333 2330 1454 2365 Cicero
1467 2330 1511 2364 de
1528 2330 1573 2365 N.
1583 2332 1630 2364 D.
1643 2339 1666 2362 r.

963 2386 1049 2419 Mox
1076 2389 1130 2419 est
1152 2385 1162 2403 ‘
1180 2382 1299 2418 Dura!
1344 2384 1415 2415 Per
1437 2384 1571 2423 domum,
1596 2386 1665 2414 tes·

962 2440 1033 2468 tam
1055 2434 1232 2476 intelligit,
1254 2438 1293 2466 ut
1316 2436 1446 2465 notum.
1492 2431 1585 2464 Hinc
1601 2431 1666 2464 Pa-

963 2487 1071 2519 cuvii:
1096 2487 1106 2504 ‘
1122 2483 1349 2527 Domiporta.'
1382 2482 1488 2522 Schqf.
1533 2482 1575 2515 Id
1601 2487 1668 2524 est,

962 2538 1082 2571 firma:
1117 2541 1155 2569 ut
1168 2537 1188 2569 ,⁶
1212 2537 1377 2570 Coi-neam
1406 2531 1549 2567 fibram-⁹
1579 2533 1669 2566 dixit

963 2587 1127 2627 Persius;
1150 2588 1160 2605 ‘
1177 2587 1306 2618 Duram
1321 2583 1494 2618 corticem’
1516 2592 1594 2615 mox
1613 2593 1668 2616 vo-

963 2638 1068 2671 cabit.
1114 2637 1170 2670 Ab
1185 2637 1250 2669 hac
1273 2636 1373 2669 domo
1396 2634 1489 2677 (quae
1512 2634 1666 2676 proprie,

963 2689 1115 2723 concha:
1139 2691 1176 2720 et
1190 2688 1240 2720 sic
1255 2686 1381 2720 dicitur
1396 2684 1575 2727 Anonymo
1595 2684 1668 2719 fab.

964 2739 1036 2783 14.)
1058 2739 1174 2781 lepide
1202 2738 1316 2771 Poeta
1345 2738 1492 2770 Graecus
1522 2737 1667 2771 testudi-

963 2801 1041 2824 nem
1075 2789 1206 2835 vocitat
1235 2786 1479 2830 ὀστρακόνωτον,
1512 2791 1666 2821 testaceo

964 2842 1063 2876 dorso
1080 2839 1265 2883 insignem:
1282 2834 1373 2871 unde
1389 2837 1507 2880 etiam,
1522 2837 1667 2872 testudi-
