1806 3236
414 213 617 247 ramniu
652 214 762 247 mn.
796 212 1100 246 AEsormnum
1135 212 1231 244 mn.
1268 212 1343 245 ιιι.
1374 201 1418 244 8.

181 311 315 353 venisse
331 310 371 344 ln
386 319 463 345 eam
478 309 695 351 cathedram,
710 308 831 352 ibique
853 309 905 342 ln-

171 363 313 406 uenisse
331 362 513 406 speculum
533 361 670 403 matris,
693 361 788 404 quod
815 365 888 394 tum

171 416 270 455 Sorte
289 415 340 455 ibi
357 415 516 459 jacebat,
534 415 706 449 relictum.
753 414 889 455 Nempe

174 466 333 505 mindi-e
348 465 394 500 de
406 464 533 509 forma,
548 471 585 500 et
600 467 665 501 hoc
688 475 757 499 una
771 475 889 498 secum

170 517 214 554 i·
228 517 405 553 “theuris
428 517 503 552 istis
525 516 832 558 circumferebant,
851 520 891 548 ut

170 568 322 610 ,subinde
335 572 476 612 possent
486 569 684 610 consulere,
696 577 749 608 ac,
764 567 793 601 si
807 567 889 611 quid

174 620 286 657 nitus
299 620 470 657 concinne
477 631 515 654 se
524 621 682 663 haberet,
691 619 892 653 emendare.

175 671 254 707 Nisi
267 672 344 716 quis
359 672 503 715 propius
514 671 557 705 ad
573 671 783 714 scripturam
796 675 890 705 vete-

174 733 250 760 rem
265 724 406 757 mallet:
430 723 481 757 Hi
493 723 652 766 speculum
665 723 769 765 (qma
783 722 818 756 in
837 732 889 755 ca-

175 775 289 808 thara
309 775 424 808 matria
435 774 612 817 ammitum
629 773 726 815 fuit)
745 773 888 807 Puerili-

175 829 227 859 ur
254 827 398 860 ladmen
414 825 509 866 forte
534 825 751 868 inspexerant.
795 825 889 858 Sane

176 876 263 912 illud
291 887 460 920 mom,
484 886 561 920 pro,
594 886 722 919 ponere,
756 876 888 910 Tullius

174 938 312 972 quoque
323 928 507 972 usurpavit
516 929 554 963 in
563 929 713 962 Veri-ina
724 937 778 963 vl.
790 928 802 947 ‘
815 928 888 971 Ap-

176 979 295 1023 posuit
316 980 496 1023 patellam,
509 979 545 1012 in
560 989 632 1023 qua
655 980 771 1023 sigilla
788 984 889 1014 erant

175 1030 340 1075 egregia:
384 1030 510 1075 Neque
523 1032 559 1064 in
577 1029 818 1065 difficultatem
830 1032 888 1065 hn-

176 1081 261 1117 bet.
293 1081 429 1116 Plinius
452 1090 536 1116 vm.
561 1092 595 1116 c.
618 1085 674 1116 ⁵1.
709 1082 721 1102 ‘
735 1083 888 1117 Solidum

173 1143 296 1176 aprum
311 1135 543 1168 Romanorum
567 1133 699 1177 primus
725 1135 762 1169 in
777 1135 888 1177 epulis

172 1184 340 1228 apposuit
353 1184 398 1218 P.
410 1184 579 1219 Servilius
607 1184 756 1219 Rullus!
778 1186 887 1225 Schef.

175 1234 232 1269 An
258 1233 468 1278 mma?
499 1231 618 1277 ’ἐπέχει
644 1237 695 1277 Τῷ·
721 1235 890 1278 §rovinus-t

170 1287 383 1331 impositum.
432 1287 500 1322 His
524 1289 703 1331 speculum
733 1289 890 1332 supposi-

174 1342 249 1373 tum
263 1337 345 1381 fuit,
358 1349 402 1374 eo
411 1338 562 1380 seilicet,
571 1344 611 1373 ut
623 1349 660 1373 se
671 1340 708 1374 in
719 1350 762 1374 eo
777 1342 889 1375 intue-

166 1394 318 1425 ,renturz
341 1401 412 1425 non
429 1391 522 1426 enim
542 1391 636 1426 forte
652 1393 890 1437 inspexerant,

174 1446 215 1476 ut
229 1442 415 1486 supposuit
427 1442 672 1485 interpolator.
689 1445 799 1479 Guiet.
829 1446 888 1478 De

165 1493 359 1535 ,cathedris
376 1493 447 1528 vid.
468 1503 591 1528 comm.
607 1494 651 1528 ad
673 1495 831 1530 Martini.
848 1506 887 1532 x.

165 1538 231 1579 ‘180
245 1549 284 1579 et
297 1543 430 1579 Scheff.
445 1545 492 1578 de
506 1544 561 1578 Re
575 1545 696 1581 Vehic.
713 1556 757 1581 ιι.
772 1550 807 1581 4.
842 1549 887 1582 1ιι

173 1596 269 1630 lecto
282 1596 389 1630 etiam
411 1597 555 1640 specula
576 1597 738 1632 babuisse
753 1601 887 1642 puellas

172 1651 275 1691 patet
288 1657 334 1681 ex
362 1647 527 1691 Propert-
554 1658 613 1682 111.
635 1653 668 1686 6.
683 1653 739 1684 11.
782 1653 793 1671 ‘
809 1653 887 1687 Nec

170 1699 352 1743 speculum
383 1703 495 1733 strato
533 1699 662 1742 vidisti,
696 1702 889 1747 Lygdame,

166 1751 268 1785 lecto
280 1753 303 1784 ι’
325 1750 387 1785 ubi
402 1750 570 1785 Heinsius
583 1753 705 1786 mallet
717 1753 752 1786 in
775 1758 889 1790 serato.

167 1801 389 1839 -Gronovium
403 1801 462 1836 hic
473 1801 533 1836 vix
547 1801 716 1846 intelligo.
742 1805 859 1840 Bur-m.

214 1857 236 1888 6
258 1853 488 1897 [εφαινον]
510 1855 656 1888 Rectius
678 1857 789 1890 multo
810 1862 887 1892 est:

167 1905 202 1946 J.
216 1904 435 1948 hep-ame.
477 1905 657 1940 Librarius
673 1907 743 1941 vim
757 1907 888 1942 factam

174 1957 378 1992 existimans
392 1956 463 2000 legi
479 1957 638 1991 metricae
652 1960 812 2002 mutavit,
825 1960 889 1993 sed

172 2008 276 2043 male.
313 2008 440 2043 Mem.

216 2057 444 2102 Imeus-unt]
465 2058 534 2092 Me.
547 2059 765 2101 inspexerunt.
809 2060 888 2103 Spe-

170 2111 279 2144 culum
293 2114 418 2156 postea
431 2111 566 2154 dixere,
577 2112 588 2130 ‘
603 2112 798 2155 Specular.’
830 2114 889 2147 Ita

172 2161 359 2205 legendum
382 2162 476 2205 apud
491 2162 653 2206 sympos.
669 2164 817 2208 AEnigm.
830 2168 888 2199 68.

173 2213 234 2247 ubi
250 2214 352 2256 vulgo
364 2215 534 2256 speculum.
564 2215 658 2249 Gud.

215 2267 238 2298 6
260 2265 324 2298 Illa
338 2264 506 2306 irascitur]
540 2265 602 2298 Kal
619 2266 682 2309 γὰρ
706 2266 755 2299 ἐπ’
769 2267 888 2312 &vacrin

169 2314 350 2358 ζηλήμοαέε
363 2315 425 2350 εἰσι
435 2317 594 2359 γυναῖκες,
609 2317 658 2350 ait
674 2318 827 2352 Musaeus
842 2319 886 2352 de

171 2369 272 2403 Hero
286 2373 324 2402 et
339 2368 510 2402 Leandro.
547 2369 682 2403 Prwch.

212 2422 235 2453 7
260 2419 421 2461 Sustinet]
437 2420 543 2453 Ferre
559 2425 689 2463 potest.
711 2421 769 2455 Ita
783 2423 794 2442 ‘
807 2422 886 2456 Sus-

171 2470 285 2504 tinere
307 2471 484 2504 hominum
510 2471 699 2505 sermones’
726 2472 816 2506 dixit
831 2473 887 2506 Ci-

167 2532 253 2556 cero
269 2522 304 2555 in
319 2522 433 2564 Epist.
449 2521 492 2555 ad
509 2522 679 2556 Cassium.
702 2523 809 2563 Senes.
842 2525 885 2558 V.

170 2573 410 2607 doctissimum
426 2573 589 2607 Munker.
599 2574 643 2607 ad
656 2575 787 2617 Hygin.
801 2577 886 2611 Fab.

170 2628 248 2659 261.
269 2629 307 2658 et
328 2625 382 2659 Cl.
399 2625 592 2667 Schulting.
614 2629 654 2658 et
667 2635 730 2659 nos
747 2627 790 2660 ad
807 2627 884 2661 Cal-

173 2686 250 2720 pur.
267 2677 385 2710 Flacci
400 2677 501 2710 Decl.
516 2686 579 2711 xv.
614 2678 727 2712 Bam.

217 2731 239 2761 8
247 2727 429 2771 Act-ipim]
440 2729 558 2771 Forte,
566 2729 746 2772 Aru-ipim.
763 2730 884 2765 Heius.

175 2779 274 2813 Nihil
287 2789 442 2813 necesse.
479 2780 537 2813 Ita
556 2781 695 2814 Terent.
712 2781 815 2815 Adel.
831 2791 883 2817 tv.

173 2833 206 2863 3.
227 2831 238 2849 ‘
251 2830 307 2863 Ad
320 2831 564 2864 contumeliam
580 2832 693 2866 omnia
707 2834 884 2877 accipiunt

174 2882 308 2926 magis?
332 2881 389 2915 lta
403 2887 438 2915 et
454 2883 541 2916 Eun.
558 2891 583 2917 ι.
595 2886 627 2916 2.

1564 201 1650 245 507

984 307 1180 350 Quidnam]
1186 307 1294 340 Putat
1301 306 1568 350 Buten-siunins,
1576 309 1653 351 quid

937 361 972 392 ni
988 359 1178 402 scripsisse.
1216 359 1309 393 Quid
1326 360 1355 392 si
1370 359 1526 393 dicamus
1542 360 1654 394 brevi-

939 414 995 443 ter
1022 410 1169 452 dictum,
1195 410 1288 452 quod
1323 411 1427 452 plene
1454 411 1503 443 ita
1527 417 1650 445 sonat:

939 461 1034 496 Quid
1049 462 1142 494 enim
1166 461 1283 504 potius
1308 461 1485 504 acciperet
1510 462 1546 494 in
1570 472 1654 495 con-

939 513 1140 547 tumeliam?
1164 513 1389 546 Alluderetur
1415 523 1500 546 sane
1521 514 1654 556 optime

940 567 985 601 asi
1000 568 1173 611 ingenium
1188 568 1371 610 muliebre,
1388 567 1445 601 cui
1466 568 1515 600 nil
1530 569 1654 602 moles-

940 619 1021 658 tius,
1049 629 1152 662 quam
1182 619 1229 665 ob
1258 618 1381 652 formae
1403 619 1654 662 turpitudinem

939 671 1068 704 notari.
1101 670 1228 704 Horat.
1250 670 1326 703 Sat.
1343 679 1369 702 1.
1386 673 1417 703 1.
1442 670 1499 702 ubi
1521 679 1655 703 merca-

939 726 1013 756 tor:
1036 723 1048 741 ‘
1065 721 1198 755 Militia
1212 725 1267 755 est
1281 721 1417 764 potior;
1440 721 1522 765 quid
1538 722 1655 754 enim?

937 773 1182 807 concurritur!
1227 773 1306 806 Ista
1331 772 1381 806 sic
1410 781 1656 816 conceperam,

938 834 1015 858 cum
1031 828 1156 867 postea
1170 824 1279 858 incidi
1301 824 1338 857 in
1358 830 1545 858 comment.
1580 826 1654 859 Sal-

936 877 1037 909 masii
1059 875 1103 909 ad
1127 876 1273 909 Tertull.
1297 875 1391 909 Pall.
1416 875 1476 909 ubi
1504 877 1654 911 eundem

936 927 1051 961 locum
1063 928 1157 961 hune
1180 928 1230 960 sic
1245 927 1349 960 video
1363 928 1526 970 probari:
1549 928 1654 962 Conf.

938 988 972 1021 p.
985 981 1062 1012 866.
1083 979 1192 1020 Schef.
1237 979 1351 1013 Recte
1372 979 1571 1014 Schefferus
1585 981 1656 1015 for-

937 1030 1065 1063 mulam
1077 1031 1272 1073 elegantem
1287 1036 1419 1064 servat.
1443 1031 1523 1065 vid.
1536 1031 1655 1065 Graev.

937 1081 981 1113 ad
997 1082 1111 1115 Cicer.
1137 1082 1174 1114 in
1199 1082 1303 1115 Verr.
1320 1091 1363 1116 11.
1379 1084 1435 1116 25.
1462 1087 1498 1116 et
1523 1092 1587 1116 nos
1607 1083 1654 1116 ad

938 1133 1108 1167 Quinctil.
1125 1136 1264 1168 vlu-10.

983 1185 1072 1223 Quid
1085 1186 1184 1228 enim]
1205 1186 1392 1219 Salmasius
1408 1186 1484 1219 haec
1500 1186 1654 1230 adscrip-

936 1236 983 1269 sit
997 1237 1167 1279 margini:
1201 1238 1269 1270 Vel
1294 1238 1371 1280 quid
1395 1248 1469 1279 non,
1492 1238 1555 1271 sed
1579 1240 1655 1281 quid

936 1287 1022 1320 enim
1045 1289 1204 1320 retineo:
1228 1288 1314 1321 nihil
1339 1289 1555 1322 mutandum.
1580 1290 1655 1323 Ho-

938 1343 1004 1371 rat.
1035 1339 1046 1358 ‘
1064 1339 1151 1372 Cum
1168 1340 1293 1383 laqueo
1314 1350 1457 1373 uxorem
1473 1341 1657 1383 interimis,

936 1396 1155 1434 matremque
1170 1401 1316 1435 veneno,
1343 1393 1514 1427 Incolumi
1535 1394 1655 1438 capite

940 1442 1002 1475 es?
1039 1442 1134 1477 Quid
1150 1443 1242 1476 enim
1255 1443 1277 1476 ?'
1320 1445 1410 1478 Haec
1439 1446 1510 1479 ille.
1569 1446 1656 1484 Quid

936 1493 1034 1536 enim,
1044 1493 1102 1527 hic
1117 1498 1184 1537 est,
1196 1505 1305 1538 quare
1318 1505 1400 1530 non.
1422 1497 1513 1530 Vide
1522 1497 1655 1532 Acron.

938 1544 983 1577 ad
998 1544 1100 1587 prim.
1117 1545 1190 1578 Sat.
1204 1546 1330 1579 Horat.
1347 1547 1533 1582 Horatius:
1549 1549 1560 1567 ‘
1571 1547 1656 1581 Am·

938 1596 1069 1638 bigitur
1080 1596 1166 1640 quid
1181 1598 1274 1631 enim
1286 1599 1571 1632 ?—Brundisium
1585 1601 1655 1633 Mi-

937 1647 1031 1689 nuci,
1046 1647 1171 1680 melius
1182 1648 1238 1681 via
1251 1649 1358 1682 ducat
1371 1659 1414 1682 an
1430 1649 1551 1693 Appi!
1572 1652 1655 1684 Ter-

938 1699 1015 1733 tull.
1027 1700 1109 1742 pall.
1124 1709 1152 1733 c.
1166 1704 1197 1734 5.
1210 1700 1268 1733 ubi
1281 1705 1318 1734 et
1329 1701 1515 1735 Salmasius
1527 1712 1563 1745 p.
1576 1705 1654 1736 831.

936 1751 1061 1794 Virgil.
1079 1751 1102 1783 l.
1119 1761 1171 1785 vr.
1196 1751 1284 1786 Gud.

983 1806 1023 1837 11
1053 1803 1112 1837 Vir
1126 1804 1237 1846 natm]
1263 1805 1390 1838 Graeca
1405 1805 1497 1839 ratio
1512 1806 1655 1850 loquen-

939 1854 989 1896 di,
1005 1865 1083 1898 quae
1114 1859 1232 1888 tamen
1257 1861 1296 1890 et
1321 1857 1456 1889 Latinis
1480 1856 1654 1901 frequens.

939 1905 1109 1948 Apuleius
1138 1907 1237 1940 Asin.
1265 1917 1291 1940 1.
1317 1908 1327 1926 ‘
1343 1908 1380 1940 Si
1406 1909 1584 1951 resistere,
1602 1910 1655 1942 vir

937 1962 1054 1998 natus,
1079 1958 1216 1991 mulieri
1245 1959 1436 2002 nequibas?
1491 1960 1591 1993 Idem
1617 1962 1654 1994 in

938 2008 1044 2051 Apol.
1069 2018 1096 2041 1.
1124 2010 1134 2027 ‘
1151 2010 1208 2041 An
1233 2014 1270 2042 tu
1296 2010 1448 2052 ignoras,
1473 2011 1559 2044 nihil
1573 2022 1653 2045 esse

938 2059 1185 2101 aspectabilius
1199 2061 1328 2093 homini
1343 2066 1438 2104 nato,
1456 2072 1558 2104 quam
1582 2062 1653 2096 for-

938 2120 1028 2144 mam
1040 2121 1133 2144 suam
1145 2112 1168 2144 ?’
1190 2112 1300 2146 Cicer.
1315 2113 1422 2146 Tusc.
1437 2116 1470 2147 8.
1491 2114 1502 2131 ‘
1518 2115 1653 2148 Morta-

937 2161 981 2194 lis
1011 2166 1125 2201 natus,
1151 2162 1384 2197 conditionem
1409 2165 1564 2207 postulas
1593 2166 1655 2200 im-

937 2213 1158 2246 mortalium.¹
1189 2212 1296 2253 Schef.

985 2264 1046 2297 Vir
1057 2263 1165 2306 nutus]
1189 2265 1298 2298 Rutil.
1314 2265 1457 2300 Rhetor.
1473 2277 1517 2301 ex
1528 2268 1652 2312 Hype-

937 2315 1011 2349 ride
1026 2315 1085 2349 lib.
1101 2325 1145 2349 11.
1180 2316 1269 2349 Gud.

986 2368 1046 2401 Vir
1060 2367 1171 2410 natus]
1207 2368 1318 2410 Supra
1346 2378 1370 2402 1.
1396 2368 1469 2403 fab.
1491 2373 1545 2404 2⁷.
1575 2372 1586 2390 ‘
1603 2373 1651 2406 Et

936 2419 996 2462 qui
1012 2420 1158 2452 humiles
1174 2420 1247 2453 nati
1270 2419 1339 2452 dici
1360 2420 1557 2463 locupletes
1579 2428 1651 2456 stu-

935 2470 1046 2503 dent!
1104 2471 1219 2503 Simili
1247 2470 1450 2504 hellenismo
1487 2482 1570 2505 usus
1594 2479 1651 2508 est

937 2521 1107 2564 Apuleius
1135 2521 1286 2564 Apolog.
1316 2522 1327 2540 ‘
1343 2521 1400 2555 An
1434 2526 1474 2555 tu
1499 2523 1651 2568 ignoras,

935 2573 1022 2605 nihil
1041 2583 1116 2606 esse
1140 2573 1387 2616 aspectabilius
1413 2574 1542 2608 homini
1566 2581 1650 2610 nato

935 2634 1039 2667 quam
1073 2623 1220 2657 formam
1251 2635 1347 2657 suam
1365 2626 1389 2657 ?'
1448 2627 1650 2669 Hyperides

935 2676 1030 2718 apud
1062 2676 1226 2708 Rutilium
1255 2677 1391 2719 Lupum
1424 2677 1474 2712 11.
1498 2679 1543 2711 de
1572 2680 1649 2724 rig.

933 2728 1033 2761 Sent.
1053 2728 1064 2747 ‘
1082 2728 1208 2761 Nonne
1222 2728 1524 2763 vehementissime
1539 2731 1647 2765 admi-

934 2782 1085 2820 raretur,
1097 2779 1125 2810 si
1137 2778 1316 2822 quisquam
1331 2789 1400 2812 non
1412 2781 1648 2822 gratissimum

934 2839 1056 2863 munus
1073 2829 1313 2872 arbitraretur,
1327 2830 1438 2864 virum
1450 2841 1488 2865 se
1502 2837 1621 2867 uatum
1634 2845 1645 2867 τ

933 2882 995 2916 sed
1025 2881 1219 2924 depravato
1244 2886 1378 2916 naturae
1409 2882 1582 2919 beneficio
1611 2886 1647 2920 in
