1806 3236
365 38 386 49 x

383 198 587 231 nummu
622 197 731 230 un.
759 195 1068 230 AEsopmnum
1102 195 1200 227 ms.
1232 194 1307 228 111.
1338 184 1382 227 6.

1527 183 1616 226 497

696 348 955 393 FABULA
1007 350 1066 392 V.

183 458 393 513 l'fi'uoeessus
411 475 643 519 adperniciem
671 475 786 508 multos
797 475 850 507 de-

137 527 244 570 m]
276 527 349 562 Ms.
372 537 455 574 torpe
474 528 596 560 munos.
618 527 744 559 Exstat
759 525 851 559 inter

84 617 86 619 ,
138 574 293 616 Ghomas
335 576 656 614 Euticu-Ponticas,
692 586 776 619 quas
805 585 850 608 ex

137 629 207 663 Ms-
219 628 383 669 Palatino
398 626 509 660 edidit
525 627 720 659 Gruterus:
754 626 765 645 ‘
781 625 851 658 Sed

138 679 184 714 ad
199 679 389 722 perniciem
405 687 540 722 quoque
560 677 725 710 mortales
746 676 852 709 devo-

137 730 223 764 cat!
240 771 243 774 ‚
266 731 312 763 V.
325 739 402 772 sup.
419 729 479 762 lib.
490 738 516 762 1.
527 727 600 761 fab.
618 731 672 761 20.
697 727 784 760 (ἕνα.

181 779 344 822 Demeae]
377 778 520 812 Pellicit
534 789 575 813 ac
590 778 699 812 trahit
712 778 854 821 sensim,

138 833 302 878 quoniam
317 843 338 866 a
358 832 457 865 bonis
473 836 528 865 est
542 831 727 865 descensus
743 832 854 864 veluti

139 884 184 918 ad
199 884 301 918 mala.
347 884 472 917 Cicero
494 883 530 916 in
547 884 648 917 Orat.
665 883 710 916 ad
732 883 855 917 Deiot.

139 937 349 981 simpliciter
361 937 413 970 sic
428 941 573 980 usurpat
587 940 678 969 uocat
688 948 701 970 .·
725 937 735 955 ‘
752 936 852 969 Men-

138 992 194 1022 tes
219 987 378 1032 judicum
404 988 449 1021 ad
481 988 672 1022 utilitatem
699 993 852 1022 nostram

138 1038 340 1073 vocandas!
362 1038 470 1079 Schef.
513 1039 615 1082 Supr.
632 1042 725 1073 r.20.

182 1093 205 1124 2
227 1089 399 1132 Petulm]
436 1090 584 1132 Proprie
612 1091 680 1124 hoc
705 1091 782 1124 loco
809 1089 854 1123 de

138 1151 194 1184 eo,
210 1141 266 1186 qui
283 1141 415 1184 gaudet
429 1141 558 1174 laedere
573 1140 671 1176 alios.
702 1142 829 1175 Festus
844 1151 854 1174 ε

137 1193 149 1213 ⁴
165 1193 387 1235 Petulantes,
400 1196 439 1226 et
451 1193 586 1236 petulci
601 1193 719 1236 etiam,
733 1193 853 1236 appel-

138 1243 267 1286 lantur,
282 1243 341 1287 qui
362 1246 528 1286 protervo
552 1243 688 1286 impetu
713 1247 752 1276 et
777 1253 852 1276 ere·

135 1294 200 1330 bro
224 1297 363 1338 petunt,
376 1293 528 1328 laedendi
550 1294 692 1328 alterius
714 1293 852 1337 gratia!

181 1399 203 1431 8
229 1398 333 1432 'lma
360 1397 487 1440 melior]
531 1396 714 1430 Laudandi
743 1400 850 1440 atque

137 1447 356 1492 approbandi
381 1448 476 1491 apud
512 1453 651 1481 veteres
681 1447 851 1481 formula:

136 1504 259 1534 eontra
274 1504 402 1539 autem,
417 1503 506 1532 tanto
527 1500 667 1542 nequior.
704 1499 852 1532 Plautus

137 1551 174 1585 in
197 1549 326 1584 Persa:
363 1550 375 1569 ‘
389 1550 494 1584 Nunc
511 1550 586 1592 jam
612 1559 729 1582 omnes
755 1559 854 1592 syco-

138 1601 301 1645 phantias
325 1601 474 1634 instruxi
487 1605 525 1634 et
545 1600 758 1643 comparavi,
773 1600 852 1634 Quo

136 1655 244 1695 paeto
258 1653 303 1685 ab
318 1652 460 1685 Lenone
474 1650 630 1687 auferam
652 1652 717 1685 hoc
733 1661 853 1694 argen-

138 1708 224 1737 tum.
266 1703 328 1736 SA.
344 1703 456 1736 Tanto
471 1702 614 1737 metiore
652 1703 696 1736 In
721 1704 851 1736 Trucu-

137 1754 234 1788 lento
259 1757 397 1787 autem:
444 1754 553 1787 ‘Sa-R.
576 1755 631 1787 En
659 1753 724 1787 tibi
742 1754 852 1786 talen-

136 1810 212 1839 tum
227 1805 363 1849 argenti
380 1815 391 1846 ;
415 1805 648 1849 philippicum
663 1809 718 1839 est
733 1817 744 1848 ;
772 1810 851 1839 tene

136 1856 216 1890 tibi.
260 1856 333 1890 ΡΠ.
352 1857 464 1891 Tanto
489 1857 634 1898 melior;
657 1862 779 1891 noster
797 1868 851 1891 es-

135 1907 198 1942 to.'
250 1907 303 1941 At
344 1914 468 1942 contra
517 1908 554 1941 in
597 1909 823 1942 Menaechmis
840 1921 850 1943 z

135 1959 147 1978 ‘
165 1959 275 1992 Mass.
312 1959 407 1994 Quid
433 1968 517 2001 ergo
542 1969 636 2002 opus.
658 1960 733 1992 est?
771 1960 848 1992 Mn.

135 2009 231 2051 Scio,
239 2009 472 2056 otmendiees.
496 2010 668 2042 M.'1'anto
682 2010 850 2053 nequior?

135 2061 277 2094 Terent.
307 2061 345 2093 in
370 2060 560 2104 Adelphis:
585 2061 676 2095 ‘Su
709 2061 851 2095 Nihilne

135 2112 171 2145 in
183 2116 336 2145 mentem
350 2112 362 2144 ?
379 2111 442 2145 c-r.
456 2111 643 2155 Nunquam
654 2112 851 2155 quidquam.

135 2163 200 2197 Str.
231 2163 346 2196 Tanto
371 2163 539 2207 nequior?
574 2162 690 2196 Faber.
734 2163 853 2196 Verba

135 2218 218 2248 sunt
233 2214 365 2258 AEsopi,
382 2215 480 2247 velut
500 2210 676 2247 laudantis
701 2214 851 2247 alterum

135 2266 182 2299 ob
209 2266 300 2299 hane
326 2265 528 2309 nequitiam.
574 2265 640 2298 Est
657 2265 750 2298 enim
774 2266 852 2299 haec

134 2317 283 2352 formula
307 2318 473 2353 laudandi
503 2323 608 2362 atque
632 2318 853 2362 approbandi

903 472 1081 516 quidpiam
1093 471 1260 515 emptica,
1271 481 1347 515 quae
1357 471 1488 514 integra
1501 470 1593 504 foret
1607 482 1617 505 ι

902 525 914 544 ‘
927 526 1039 559 Tanto
1060 526 1202 568 negotio
1227 525 1412 559 commisso
1437 524 1559 559 melior
1581 534 1619 558 es

904 575 1041 610 factus!
1096 577 1245 610 Plautus
1272 577 1309 610 in
1336 577 1477 609 Trucul.
1509 576 1519 595 ‘
1534 576 1619 611 STR-

905 628 960 661 En
976 627 1041 661 tibi
1065 627 1236 661 talentum
1261 627 1422 671 argenti3
1446 620 1619 670 Philippi-

905 689 983 713 cum
999 683 1074 720 est3
1096 683 1178 712 tene
1191 678 1269 712 tibi.
1326 679 1400 712 Pu.
1422 680 1535 711 Tanto
1549 671 1622 712 mess

904 731 994 772 lior;
1016 736 1134 764 noster
1156 730 1256 764 esto.'
1298 730 1430 763 Similia
1452 730 1561 763 habet
1582 730 1619 763 in

906 781 1028 823 Persa,
1043 786 1082 814 ut
1097 786 1134 815 et
1151 791 1173 814 a
1197 781 1312 815 Fabro
1332 786 1535 814 annotatum
1551 787 1620 823 est,

907 838 1059 876 anteque
1081 833 1194 876 ipsum
1209 843 1228 866 a
1245 833 1299 866 Cl.
1326 833 1504 866 Gronovio
1530 833 1618 867 Obs.

907 885 967 919 lib.
994 894 1037 918 11.
1061 895 1094 917 c.
1118 888 1174 918 21.
1218 884 1323 918 Adde
1348 885 1489 919 Terent.
1513 885 1620 919 Adel.

906 946 959 970 ιν.
985 947 1033 970 sc.
1063 939 1096 969 1.
1122 940 1159 969 et
1193 936 1243 969 ibi
1275 936 1464 970 Donatum.
1510 935 1621 977 Schef.

905 987 998 1021 Vide
1012 989 1154 1021 Vavass.
1171 987 1216 1020 de
1242 987 1278 1021 vi
1304 992 1343 1021 et
1369 998 1435 1021 usu
1460 980 1622 1031 quorum·

907 1038 987 1071 dam
1011 1038 1199 1072 verborum
1225 1049 1259 1082 p.
1278 1041 1334 1072 60.
1359 1044 1396 1072 et
1410 1039 1455 1072 ad
1471 1039 1618 1072 Petron.

906 1093 1006 1124 c.69.

950 1142 1051 1175 Tanto
1064 1140 1189 1183 melior]
1223 1140 1358 1174 Seneca
1372 1150 1430 1183 ep.
1446 1143 1501 1175 31.
1514 1145 1551 1175 et
1566 1144 1621 1175 71.

905 1192 1053 1226 Plautus
1084 1196 1244 1225 extrema
1282 1193 1513 1226 Truculento.
1558 1194 1623 1226 Te-

905 1245 1039 1279 rentius
1076 1245 1274 1278 Heautont.
1310 1248 1383 1277 act.
1412 1254 1471 1278 ιιι.
1506 1255 1557 1279 sc.
1586 1248 1620 1279 2.

902 1295 912 1313 ‘
929 1296 1042 1328 Tanto
1057 1295 1175 1329 hercle
1191 1293 1338 1329 melior.'
1364 1295 1453 1330 Gud.

946 1349 968 1380 4
993 1347 1196 1390 Prosecutus]
1234 1346 1359 1390 Ellipt.
1384 1357 1461 1390 pro,
1475 1347 1525 1380 sie
1541 1356 1621 1380 eum

903 1403 1107 1441 prosecutus
1134 1398 1276 1439 verbis;
1310 1398 1479 1442 quomodo
1496 1398 1621 1432 Cicero

905 1450 1061 1494 loquitur
1077 1452 1112 1484 in
1123 1451 1307 1485 Tusculan.
1324 1460 1366 1484 11.
1390 1450 1499 1491 Schef.

907 1520 912 1530 ι
950 1505 973 1535 6
996 1501 1131 1544 Potens]
1154 1501 1223 1537 Qui
1239 1505 1358 1544 potest
1368 1501 1504 1543 melius,
1517 1505 1623 1544 atque

907 1562 986 1595 ego,
1013 1552 1110 1585 dare.
1157 1552 1238 1585 vid.
1270 1562 1346 1594 snp-
1371 1562 1398 1585 1.
1425 1554 1481 1586 24.
1518 1552 1624 1591 Schefi

905 1604 1018 1636 Immo
1032 1613 1116 1636 vero
1128 1606 1250 1646 potens,
1263 1603 1331 1644 hic,
1353 1603 1388 1635 in
1404 1602 1491 1636 urbe
1507 1604 1623 1646 gratia

905 1658 943 1688 et
965 1654 1173 1687 auctoritate
1196 1655 1330 1696 valens,
1355 1654 1448 1697 quod
1467 1654 1623 1687 ostendit

905 1705 1020 1739 exitus
1047 1705 1199 1738 fabulae:
1235 1715 1315 1738 nam
1344 1714 1450 1738 cruce
1484 1706 1622 1739 curavit

905 1755 1020 1799 affigi3
1045 1756 1096 1789 ita
1108 1757 1118 1774 ‘
1136 1755 1258 1790 Dites'
1276 1760 1313 1790 et
1326 1755 1337 1775 ‘
1349 1755 1538 1790 Potentes’
1553 1756 1623 1789 dis·

907 1808 1036 1852 tinguit
1064 1809 1209 1843 Terent.
1236 1808 1387 1852 Adelph.
1415 1818 1474 1843 111.
1499 1811 1533 1843 4.
1564 1813 1621 1844 56.

904 1861 1020 1893 Burm-

946 1914 969 1944 9
1000 1911 1219 1953 Impudentem
1241 1911 1422 1953 audaciam]
1455 1911 1512 1945 An
1539 1912 1622 1945 scri-

903 1963 1067 2004 bendum,
1093 1961 1348 2005 imprudentem?
1402 1963 1471 1996 Sed
1502 1967 1539 1996 et
1570 1964 1622 1997 sic

903 2014 1088 2047 Terentius
1117 2014 1154 2046 in
1180 2014 1312 2046 Heaut.
1344 2017 1413 2047 act.
1442 2023 1484 2048 11.
1513 2025 1560 2048 sc.
1589 2018 1622 2048 3.

905 2066 915 2084 ‘
931 2064 964 2097 Ο
983 2064 1130 2098 hominis
1154 2064 1391 2108 impudentem
1417 2065 1622 2098 audaciam:

904 2115 1012 2156 Schef.

949 2170 991 2199 10
1010 2167 1270 2210 Comprehensus]
1286 2167 1442 2208 Mallem,
1455 2167 1624 2210 Compren-

905 2228 969 2250 sus.
991 2217 1110 2251 Schef.
1154 2219 1201 2250 Et
1224 2218 1273 2250 ita
1300 2218 1483 2252 Heinsius:
1507 2219 1621 2252 sedin

907 2269 1164 2311 pronuntiando
1195 2269 1303 2303 tribus
1333 2270 1476 2311 syllabis
1503 2269 1623 2304 efferri

907 2324 1038 2362 potest.

678 2476 940 2522 FABULA
992 2479 1077 2523 VI.

179 2587 296 2622 uma
309 2591 341 2620 et
363 2588 464 2631 mula]
498 2588 718 2623 Camerarius
742 2600 777 2633 p.
794 2593 848 2625 16.

136 2636 182 2672 de
197 2638 372 2672 Crabrone
388 2644 424 2672 et
439 2640 550 2673 Mula.
574 2640 654 2682 Εἰς.

180 2692 199 2722 1
226 2690 372 2733 Teutone]
395 2691 481 2724 Mss.
496 2692 625 2726 timone.
663 2692 774 2727 Gallis
789 2692 849 2726 ho-

137 2739 195 2773 die
213 2740 335 2774 Timon.
360 2742 454 2775 Gud.

180 2791 319 2834 Malum]
350 2794 522 2828 Mularum
550 2794 642 2828 enim
673 2805 752 2830 usus
779 2795 848 2829 fuit

227 2846 342 2888 Delph.
354 2851 386 2879 et
409 2847 487 2882 ναν.
503 2849 589 2883 Clas.

805 2850 936 2882 Phaedr.

903 2591 1076 2635 quondam
1107 2592 1141 2624 in
1172 2591 1340 2625 vehiculis
1375 2593 1620 2628 creberrimus.

904 2641 1008 2676 Conf.
1035 2643 1133 2676 Suet.
1163 2637 1247 2676 Ner.
1274 2646 1328 2677 30.
1352 2644 1527 2687 Vesp.23.
1573 2646 1622 2678 Et

903 2694 1099 2736 ostenditur
1122 2695 1271 2736 amplius
1296 2695 1332 2727 in
1363 2706 1469 2739 opere
1495 2696 1540 2730 de
1565 2697 1618 2730 Re

903 2745 1114 2779 Vehiculari.
1137 2745 1245 2785 Schef.

945 2799 966 2830 2
991 2797 1095 2835 Quam
1107 2798 1200 2830 tarda
1215 2796 1274 2831 es?
1293 2796 1411 2840 inquit]
1435 2799 1504 2831 Ms.
1520 2799 1618 2832 Rem.

1468 2855 1489 2884 2
1513 2852 1531 2884 Ι
