1806 3236
367 217 571 252 PHAEDRI
605 215 714 250 ΕΑΒ.
749 212 1052 248 AESOPIARUM
1088 212 1181 244 Llss.
1214 212 1282 244 lv.
1313 200 1385 244 14.

164 328 173 335 ··
193 315 276 360 mi]
307 315 390 350 Seii.
415 315 562 358 vulgus:
594 323 674 347 nam
700 316 858 346 veterum

146 372 243 405 usto
264 368 392 410 oden·
416 376 544 410 genere
569 376 676 400 masc.
702 370 858 408 usurpat.

144 415 210 457 81⁴:v
218 421 381 463 mustus,
396 419 576 462 Horatius,
592 419 775 462 Apuleius,
789 418 858 452 Mi-

146 472 261 508 nsun-
272 473 388 514 Felix,
401 471 587 514 Ausonius,
602 472 672 506 alii.
687 471 758 504 Rit.

183 524 297 559 ssim
303 523 438 567 offendit
447 523 504 566 ad]
517 524 606 557 Pub.
616 524 740 567 Syrus:
756 523 767 542 ‘
776 523 858 556 For-

145 580 233 611 ms
246 576 358 610 vitre·
372 580 445 609 est:
470 580 556 618 tum,
569 585 673 619 quum
685 575 860 619 splendet,

147 626 346 669 frungiturl
370 627 450 670 Rig-

193 678 343 723 Qffendit
367 679 409 712 od
425 678 611 721 fortunam]
644 679 703 712 Ita
734 678 859 712 Cicero

147 730 195 764 de
230 731 399 764 Memmio
425 730 518 774 apud
544 729 618 764 fab.
641 740 696 763 vr.
721 740 801 773 cap.
825 733 858 763 3.

146 785 157 801 ⁸
170 782 287 826 Ctput
301 781 347 815 sd
362 780 529 815 fornicem
540 783 639 815 Fabii
651 780 861 816 offendissel

147 835 304 868 Fortun
316 833 374 867 hic
397 835 494 868 velut
515 845 571 868 res
594 834 681 867 dura
703 833 861 877 fingitur,

147 886 194 919 ad
209 895 312 929 quarn
327 886 449 928 vulgus
462 887 557 927 (nam
573 886 657 919 illud
677 886 755 928 Qui,
769 885 861 929 quod

148 942 234 971 anto
246 938 354 981 simul,
368 939 412 971 sd
433 939 536 980 vulgi,
563 949 631 972 non
656 939 862 972 Prometheus

147 994 203 1039 est
229 988 480 1032 referendum)
505 983 675 1023 formatus
704 1001 748 1023 ex
775 991 862 1032 luto,

148 1035 239 1075 sicut
283 1045 388 1086 testa,
422 1041 623 1086 frangitur-3
668 1043 861 1086 eleganter.

187 1148 213 1179 ¹1
239 1146 376 1179 Numa
396 1148 518 1188 partes,
537 1146 610 1190 asa]
638 1146 764 1180 Cicero
790 1145 862 1181 Off.

147 1196 211 1231 tib.
225 1205 252 1231 1.
266 1197 362 1232 eires
375 1197 434 1232 fin.
465 1199 476 1217 ⁴
489 1199 578 1233 Quae
605 1203 725 1242 partes
739 1208 863 1241 corpo-

150 1249 210 1291 ris,
237 1250 283 1283 ad
310 1255 444 1284 naturae
473 1252 718 1285 necessitatem
755 1251 862 1294 datae,

147 1306 332 1345 aspectum
341 1307 463 1337 esseut
476 1301 667 1336 deformem
679 1304 865 1344 habiturae,

149 1363 210 1386 ens
236 1359 364 1387 natura
392 1356 552 1389 contexit
582 1361 686 1400 atque
717 1356 863 1390 abdidit.

151 1405 255 1439 Hauc
277 1410 409 1439 nuturae
435 1410 508 1440 tam
533 1406 736 1451 diligentem
757 1408 866 1442 fabri-

149 1465 228 1490 cun
238 1457 373 1490 {inuata
386 1462 440 1491 est
449 1458 622 1492 hominum
635 1459 866 1493 verecundia)

155 1508 244 1542 Gud-

199 1558 331 1601 Purtes]
366 1559 517 1604 Proprie
545 1562 710 1604 membra,
741 1563 866 1605 quibus

152 1619 256 1644 sexus
285 1611 521 1655 distinguitur,
553 1613 660 1655 Schef.
703 1614 794 1648 Vide
822 1614 867 1648 ad

156 1663 299 1698 Petron.
315 1674 393 1707 cap.
411 1668 487 1699 112.

198 1716 316 1749 Partes
326 1720 411 1750 veste
425 1727 502 1760 qm
513 1719 594 1751 celat
605 1719 721 1762 pudor]
736 1717 867 1753 Arnob.

154 1775 192 1801 v.
213 1769 226 1786 ⁴
243 1768 371 1801 Partes
386 1768 469 1811 illae,
483 1779 566 1813 quas
590 1770 703 1813 pudor
717 1781 869 1804 commu-

154 1819 208 1854 nn
230 1819 456 1864 abscondere,
471 1832 556 1866 quas
583 1823 750 1856 naturalis
770 1833 868 1856 vere-

154 1871 295 1905 cundie
319 1873 377 1906 lex
395 1873 526 1916 jubet,'
540 1877 607 1908 ἃς.
654 1875 780 1908 Partes
800 1875 868 1907 illae

155 1923 167 1942 ⁴
185 1923 371 1958 Pudenda’
389 1927 504 1968 vulgo,
525 1928 536 1946 ‘
555 1927 729 1959 Velanda’
745 1937 866 1969 corpo-

156 1975 217 2017 ris,
241 1977 304 2008 et‘
319 1976 506 2016 vei-eadat
530 1978 646 2010 Plinio
672 1978 785 2020 Epist.
808 1978 869 2010 lib.

158 2035 218 2060 ιιι.
236 2030 289 2061 14.
305 2032 341 2060 et
357 2028 418 2061 lib.
443 2038 494 2062 Vl.
519 2032 579 2062 24.
611 2032 622 2048 ‘
641 2030 870 2070 Reverenda,’

158 2078 314 2112 Arnobio
329 2079 389 2114 lib.
405 2090 439 2114 v.
456 2081 514 2118 ubi
529 2081 572 2114 de
589 2082 768 2116 Boubone.
805 2083 869 2115 Te-

158 2130 331 2173 gebnntur
353 2132 431 2165 olim
455 2133 560 2165 etiarn
577 2133 611 2165 in
627 2134 777 2175 lavacro,
801 2138 810 2152 ‘
827 2143 871 2166 ne

158 2182 216 2222 vel
238 2182 321 2225 illic,
345 2183 405 2217 ubi
421 2184 549 2217 nudum
566 2189 680 2218 totum
696 2190 772 2218 erat
797 2195 871 2219 cor-

158 2243 238 2277 pus,
250 2234 447 2278 hujusmodi
464 2237 582 2279 portio
598 2238 730 2271 intecta
745 2238 870 2271 esset:’

97 2317 104 2328 ,
158 2286 204 2319 1).
218 2285 380 2320 Ambros.
397 2287 501 2322 Offic.
516 2299 543 2322 1.
573 2289 653 2331 Rig.

207 2337 318 2381 Veste]
362 2339 432 2372 Ma.
472 2340 573 2375 Rem.
612 2341 728 2375 Vestoe.
768 2342 872 2377 ovid.

159 2388 266 2423 Pont.
293 2389 352 2423 lib.
368 2399 419 2424 ιν.
437 2394 490 2425 13.
524 2394 534 2413 ⁸
553 2393 640 2427 Esse
667 2395 871 2436 pudicarum

161 2445 200 2473 te
237 2440 393 2483 Vestam,
423 2442 535 2484 Livia,
564 2445 740 2479 matrum?
801 2446 872 2479 Sed

160 2492 298 2526 rectius
314 2494 491 2535 vulgatum
507 2499 602 2529 reste.
623 2496 719 2530 Gud.

205 2547 247 2577 10
268 2544 322 2578 Aa
334 2555 451 2578 coenam
471 2551 518 2579 est
540 2547 711 2590 invitatus]
731 2548 873 2592 Anceps

159 2597 359 2630 intellectus
375 2609 384 2631 ε
412 2599 466 2631 vel
492 2599 536 2631 sd
555 2610 686 2633 caenam
703 2606 757 2634 est
772 2612 874 2635 voca-

160 2653 220 2682 tus
243 2659 265 2681 a
287 2649 437 2683 Libero:
461 2652 529 2693 vel,
555 2651 645 2684 inter
667 2653 874 2686 caensndnm

161 2700 242 2732 vino
267 2701 462 2743 plusculum
486 2702 638 2736 indulsit.
690 2704 875 2738 Plautinus

161 2751 260 2785 Sosis
275 2753 318 2785 de
340 2754 542 2788 Nocturno:
565 2756 576 2773 ⁸
592 2755 684 2787 Mira
700 2761 793 2797 sunt,
809 2757 876 2789 nisi

161 2804 326 2838 invitavit
355 2816 430 2838 sese
460 2806 496 2839 in
525 2816 621 2839 caena
657 2807 876 2850 plusculum?

165 2858 317 2891 Lucilius
332 2858 367 2891 in
383 2859 455 2892 Sat.
479 2860 490 2878 ‘
505 2860 633 2893 Pulcre
656 2860 794 2895 invitati
820 2870 875 2894 ac-

1527 197 1615 242 615

905 310 1072 353 ceptique
1094 307 1264 352 beuigne!
1308 308 1456 351 Invitati,
1479 309 1619 352 repleti.
1641 296 1650 303 ’

906 361 990 395 Vid.
1019 361 1112 395 Non.
1150 363 1161 380 ‘
1191 360 1370 403 Invitsre,'
1401 360 1445 393 ad
1474 370 1619 402 caenam,

906 414 1006 458 quasi
1040 414 1086 447 ad
1122 413 1242 455 vitam,
1276 423 1414 447 vocare.
1477 414 1620 456 Contra,

906 469 917 486 ⁸
934 463 1126 507 Devitare‚’
1145 465 1237 498 nolle
1253 475 1332 499 cum
1357 465 1474 508 aliquo
1488 464 1618 498 vivere.

907 517 1037 551 Allusit
1061 518 1106 551 ad
1123 518 1271 561 priscum
1287 517 1519 560 significatum
1534 515 1620 549 Vin·

907 571 1043 605 centius
1054 570 1243 603 Lirinensis
1251 570 1457 604 Commonit-
1467 579 1492 604 1.
1502 571 1513 589 ⁸
1525 569 1621 604 Quid

908 629 962 656 est
978 623 1160 656 devitare?
1191 618 1477 665 cum'hujusmodi
1491 630 1557 654 nec
1572 620 1622 654 ci·

909 675 991 708 bum
1016 674 1171 708 sumere-¹
1215 674 1339 707 Sciunt
1361 673 1525 706 erudituli
1550 681 1621 706 om-

909 737 982 769 nes,
995 727 1116 759 esitare
1131 730 1268 761 veteres
1284 726 1411 758 dixisse
1426 734 1502 768 pro,
1515 724 1623 758 vitam

910 777 1049 811 auferre
1063 782 1101 810 et
1116 778 1263 820 eripere.
1296 778 1378 820 Rig.
1655 775 1657 777 ’

956 836 996 866 11
1032 832 1200 872 Ῑηνίςαηιε
1227 830 1338 873 uenas]
1382 831 1563 864 Decenter
1585 833 1623 863 et

911 884 1066 918 modeste
1082 884 1133 916 sic
1150 883 1195 916 de
1211 884 1290 915 Deo
1317 883 1483 926 loquitur,
1507 891 1624 915 exem-

911 937 970 979 plo
997 939 1112 968 tamen
1128 934 1278 977 Virgilii,
1295 934 1355 977 qui
1378 934 1427 967 sic
1451 934 1569 977 Eclog.
1591 937 1625 968 6.

913 989 957 1021 de
970 988 1085 1021 Sileno
1099 999 1108 1020 ι
1130 986 1141 1004 ‘
1154 985 1319 1020 Inflatum
1332 987 1495 1019 hesterno
1508 996 1625 1029 venas,

913 1044 953 1073 ut
968 1049 1116 1081 semper,
1131 1038 1282 1072 Iaccho!
1324 1039 1437 1072 Porro
1459 1039 1557 1072 venis
1572 1049 1626 1072 re·

913 1091 983 1134 cipi
1000 1091 1115 1124 vinum
1142 1095 1179 1123 et
1204 1090 1414 1123 ebrietatem
1438 1094 1537 1124 vetus
1552 1091 1627 1133 opi-

913 1144 984 1185 nio,
1005 1143 1051 1176 de
1067 1153 1134 1186 qua
1153 1142 1419 1176 Rittershusius.
1465 1143 1545 1176 Nec
1561 1142 1629 1176 alia

914 1205 959 1228 ex
988 1205 1092 1229 causa
1117 1195 1302 1238 Philippus
1323 1194 1366 1227 ad
1390 1193 1628 1228 Alexandrum

914 1248 959 1281 de
975 1247 1149 1281 medicata
1170 1246 1313 1290 potione
1336 1246 1430 1288 apud
1449 1246 1550 1280 Curt.
1567 1255 1628 1279 111.

914 1309 991 1343 cap.
1005 1302 1039 1333 6.
1060 1300 1071 1318 ‘
1090 1298 1164 1331 Oro
1180 1307 1378 1341 quaesoque,
1394 1298 1518 1330 omisso
1533 1301 1630 1330 metu

915 1357 1037 1395 patere
1053 1351 1343 1383 medicamentum
1356 1350 1495 1393 concipi
1510 1348 1630 1383 venis!

915 1404 974 1437 Ita
999 1403 1184 1445 legendum
1206 1401 1560 1445 distinguendnmque
1582 1402 1631 1435 ibi

916 1462 981 1499 est,
995 1461 1118 1490 contra
1132 1466 1233 1500 quam
1257 1455 1297 1488 fit
1321 1455 1425 1489 hodie
1450 1456 1486 1488 in
1513 1455 1630 1489 editis.

915 1509 1022 1551 Schef.

961 1563 1131 1603 Inrigatus
1155 1563 1253 1594 mutto
1276 1571 1371 1594 venas
1394 1560 1538 1603 nectare]
1562 1561 1631 1604 Ly·

919 1624 985 1648 con
1002 1614 1094 1657 apud
1111 1613 1219 1647 Rutil.
1234 1614 1367 1656 Lupum
1391 1613 1436 1646 de
1450 1613 1525 1656 Fig.
1548 1613 1631 1646 Sen-

920 1670 1007 1699 tent.
1023 1675 1067 1698 11.
1091 1667 1101 1683 ‘
1117 1665 1246 1697 Plenus
1271 1665 1417 1707 crapula
1440 1668 1495 1697 est
1508 1673 1633 1707 exper-
1653 1657 1656 1659 ’

919 1725 1049 1762 rectus,
1071 1720 1217 1762 primum
1240 1718 1349 1751 oculis
1366 1727 1461 1750 mero
1475 1716 1635 1759 madidis,

916 1773 1060 1806 humore
1075 1770 1275 1811 obcaecatis,
1301 1770 1376 1802 visu
1399 1768 1566 1812 gravidis,
1582 1768 1634 1801 lu-

918 1834 995 1858 cem
1022 1827 1226 1857 constanter
1248 1821 1377 1854 intueri
1401 1830 1469 1853 uon
1490 1825 1634 1864 potest:

919 1875 1048 1908 deinde
1074 1874 1244 1908 confectis
1269 1874 1411 1915 viribus,
1436 1877 1560 1916 utpote
1575 1883 1635 1907 cu·

914 1927 975 1970 jus
990 1936 1177 1968 venae,non
1190 1926 1369 1967 sanguine,
1383 1925 1445 1958 sed
1462 1925 1540 1958 vino
1554 1929 1636 1958 sunt

921 1978 1093 2020 repletae,'
1115 1981 1180 2011 &c.
1210 1979 1326 2020 Satyr.
1350 1980 1360 1996 ⁸
1382 1977 1557 2010 Hesterno
1584 1977 1635 2009 in·

920 2029 1040 2062 flatum
1058 2039 1162 2062 venas
1179 2029 1223 2062 de
1238 2039 1334 2061 more
1350 2028 1480 2071 Lyaem’
1512 2028 1634 2071 Virgil.

922 2082 1054 2121 Ecloga
1068 2090 1120 2112 vr.
1143 2081 1155 2099 ‘
1170 2081 1321 2112 Silenum
1338 2080 1436 2122 pueri
1452 2089 1571 2112 somno
1588 2079 1636 2111 vi-

922 2134 1006 2167 dere
1016 2133 1210 2175 jacentem,
1226 2132 1388 2166 Inflatum
1403 2133 1564 2166 hesterno
1579 2143 1636 2165 ve·

921 2196 997 2228 nas,
1010 2191 1048 2219 ut
1063 2195 1214 2228 semper,
1230 2185 1383 2218 laccho?
1407 2185 1488 2228 Rig.

968 2241 1137 2281 inrigatus
1161 2240 1259 2271 mullo
1284 2249 1379 2272 venas
1401 2238 1557 2280 necturel
1575 2238 1637 2271 Vi-

923 2301 1003 2323 num
1019 2292 1055 2324 in
1073 2300 1177 2323 venas
1193 2299 1301 2332 usque
1317 2294 1501 2332 penetrare
1517 2289 1636 2322 crede-

925 2343 1020 2376 bant.
1064 2341 1165 2375 Unde
1181 2346 1217 2373 et
1240 2341 1409 2373 Horatius
1433 2349 1638 2383 generosum

924 2399 960 2427 et
986 2395 1063 2426 lene
1090 2392 1259 2436 requirit:
1281 2393 1291 2410 ‘
1310 2391 1411 2426 Quod
1438 2401 1540 2425 curas
1567 2393 1638 2425 abi-

925 2450 999 2488 gat,
1016 2444 1108 2488 qnod
1134 2454 1212 2476 cum
1241 2452 1302 2485 spe
1328 2443 1437 2476 divite
1461 2447 1581 2476 manet
1595 2443 1639 2476 In

924 2507 1029 2530 venas
1046 2495 1286 2538 animumque!
1309 2495 1395 2527 Ritt.

970 2552 1012 2582 12
1036 2549 1116 2581 Sero
1130 2549 1265 2589 domum,
1287 2546 1359 2589 qa]
1382 2547 1546 2589 Propert.
1565 2555 1590 2580 1.
1607 2549 1639 2580 3.

924 2602 934 2620 ‘
952 2602 1058 2634 Ebria
1075 2611 1153 2632 cum
1179 2600 1287 2632 multo
1303 2599 1476 2632 traherem
1493 2597 1640 2640 vestigia

926 2654 1082 2694 Baccho,
1095 2653 1142 2684 Et
1158 2655 1346 2695 quaterent
1371 2659 1448 2682 sera
1471 2654 1575 2682 nocte
1589 2649 1640 2681 fa·

926 2715 1002 2737 cem
1030 2703 1128 2746 pueri
1142 2706 1161 2735 :¹
1191 2702 1249 2735 ubi
1277 2702 1366 2744 vide,
1390 2711 1468 2745 quae
1496 2701 1640 2734 adnotat

927 2756 1157 2790 Passeratius.

970 2806 1136 2840 Titubanti
1156 2806 1249 2848 pede]
1272 2806 1329 2839 Ita
1353 2805 1464 2839 Tibul.
1480 2815 1522 2839 ιι.
1539 2808 1568 2839 1.
1585 2808 1639 2839 30.

927 2860 937 2878 ⁴
958 2859 1124 2891 Errantes
1142 2858 1230 2891 male
1246 2856 1340 2891 ferre
1358 2857 1479 2901 pedes·
1496 2857 1595 2892 dixit.
