1806 3236
262 177 321 224 16
930 186 1051 226 vata

261 286 352 333 Sed
372 286 609 334 Octavium
637 285 888 342 Augustum
914 286 1242 344 intelligendum
1262 303 1374 345 esse,
1393 291 1523 337 tosus
1535 294 1735 353 enim

260 354 495 408 Pbaedrus,
519 368 768 397 memorans
801 355 938 406 litem,
961 369 988 398 a
1021 357 1143 400 Divo
1173 355 1384 413 Augusto
1411 359 1720 418 dijudica-r

260 421 455 466 addens.
702 456 706 460 s

446 491 669 542 Narrabo,
692 492 902 534 memoria
924 493 1041 547 quod
1064 492 1230 536 factum
1253 498 1323 536 est
1341 501 1470 539 mem⁸

258 557 363 602 Non
382 560 517 614 pauci
545 566 692 602 tamen
725 564 843 610 sunt,
880 563 955 616 qui
994 561 1225 604 Pbaedrum
1260 563 1515 609 libertatem
1539 564 1735 611 'hu-im·

256 626 463 682 Augusto
484 628 639 670 debere
659 628 964 682 existiment3⁸
993 631 1194 685 aquibus
1222 637 1338 674 recte
1368 632 1575 675 dissentit
1601 633 1718 678 Des-

256 694 501 746 billonius,b
512 695 589 749 qui
610 698 767 750 praeter
789 701 1056 750 argumenta,
1076 702 1167 740 eta
1183 712 1251 740 me
1275 701 1410 753 paulo
1430 705 1528 743 ante
1545 705 1716 755 notata,

256 762 344 805 hoc
362 764 406 804 in
421 763 612 804 medium
627 762 832 817 protulit:
854 766 867 785 ‘
882 763 1024 816 Mihi:
1039 766 1197 820 inqui-t,
1213 769 1226 788 ‘
1240 767 1718 822 conjecturadeoctw-

255 830 332 875 vio
351 830 481 885 longe
500 831 771 885 probabilior
788 832 975 875 videtur.
1014 833 1186 876 Etenim
1205 836 1454 878 manumitti
1468 835 1717 881 -Phaedmm

255 900 455 955 oportuit
487 900 546 942 ob
576 900 837 954 elegantiam
869 902 1047 956 ingenii,
1080 905 1390 959 sermonisque
1425 905 1574 963 Latini
1601 906 1727 962 peni-s

252 968 387 1011 tiam:
407 981 519 1023 quas
542 972 657 1011 artes
673 973 719 1010 et
738 969 960 1023 profuisse
979 972 1142 1013 nemini
1163 973 1282 1027 apud
1304 973 1548 1024 Tiberium,
1561 975 1728 1018 horam*

252 1040 497 1092 temporum
515 1036 701 1078 historia
728 1037 837 1079 satis
863 1038 1069 1088 ostendit,
1099 1043 1143 1081 et
1177 1039 1329 1094 aliquo
1363 1042 1441 1084 vix
1469 1042 1518 1083 in
1550 1042 1732 1086 honore·

250 1104 387 1146 fuisse
407 1103 484 1145 illo
499 1107 717 1156 regnante,
739 1105 955 1156 versibus,
976 1105 1140 1161 Sejano
1160 1107 1305 1150 adbuc
1336 1110 1577 1164 superstite
1593 1114 1716 1171 conf

251 1172 426 1228 positis,
446 1171 543 1228 ipse
562 1171 771 1215 indicatz⁰
796 1173 876 1215 ubi
895 1173 1070 1225 fatetur,
1081 1177 1297 1230 quamvis
1313 1177 1543 1232 insigniter
1557 1178 1610 1221 in
1620 1181 1730 1223 arte

250 1251 335 1282 sua
363 1252 413 1282 se
451 1240 708 1290 exercuerit,
745 1238 977 1283 fastidiose
1013 1246 1161 1285 tamen
1194 1244 1241 1285 in
1281 1244 1513 1287 Musarum
1546 1249 1729 1290 coetum

249 1306 419 1363 recipi!
1511 1333 1514 1336 ⁴
1726 1326 1731 1333 ¹

307 1375 527 1419 Phaedrus
562 1376 695 1430 igitur
717 1381 916 1431 tempore
937 1376 1131 1421 Caesaris
1153 1378 1334 1422 Octavii
1348 1379 1563 1438 Augusti,
1582 1380 1714 1444 cujus

250 1445 460 1487 memoria
478 1447 523 1485 et
539 1444 785 1487 recordatio
815 1445 857 1486 ei
887 1450 982 1488 erat
993 1446 1333 1501 jucundissima,
1354 1450 1478 1492 vixit
1475 1442 1722 1515 ›iebusqne

250 1511 458 1554 secundis
475 1524 586 1552 usus
605 1516 688 1553 est.
728 1512 842 1554 Post
861 1511 1050 1567 Augusti
1071 1516 1259 1566 obitum,
1261 1516 1463 1558 Tiberio
1479 1515 1730 1572 imperiumn

251 1579 597 1629 administrante,
619 1579 671 1620 in
698 1593 904 1633 magnam
925 1581 1084 1623 incidit
1110 1583 1435 1636 calamitatem,
1445 1584 1549 1627 odio
1567 1584 1713 1628 maxi-

248 1659 321 1689 me
339 1646 511 1701 Sejani,
534 1647 610 1701 qui
642 1660 724 1701 pro
744 1648 925 1691 arbitrio
945 1655 1103 1692 cuncta
1133 1653 1313 1704 gerebat
1336 1653 1420 1694 sub
1447 1652 1644 1704 Tiberio,
1665 1654 1728 1696 et·

248 1717 462 1766 nostrum,
493 1714 610 1756 fictis
638 1722 904 1758 accusatum
937 1718 1208 1770 criminibus,
1233 1719 1544 1763 damnaverat-¹
1590 1717 1711 1762 Gon-

247 1781 441 1838 queritur
458 1782 571 1823 enim
593 1781 718 1825 Pron
741 1782 842 1825 Lib.
866 1794 936 1825 ιιι.
956 1785 1143 1828 40-43,

419 1848 596 1901 Quodsi
616 1856 857 1893 accusator
876 1851 995 1894 alius
1016 1852 1177 1907 Sejano
1195 1853 1326 1907 foret,

417 1917 470 1960 Si
488 1918 619 1960 testis
639 1919 769 1969 alius,
783 1918 928 1973 Judex
947 1921 1060 1961 alius
1080 1912 1297 1976 deniqu03

419 1983 614 2038 Dignum
631 1985 792 2027 faterer
810 1999 910 2031 esse
929 2000 999 2027 me
1020 1990 1158 2030 tantis
1178 1990 1322 2032 malis.

303 2052 394 2104 Qui
411 2052 578 2095 factum
597 2053 673 2103 sit,
693 2057 744 2094 ut
775 2053 820 2094 in
847 2053 999 2095 odium
1022 2055 1178 2109 Sejani
1211 2057 1463 2109 incurreret,
1483 2071 1563 2114 pro
1583 2062 1722 2104 certost
1757 2103 1763 2110 ,

244 2120 449 2164 affirmari
479 2133 569 2161 non
606 2125 770 2175 potest.
838 2120 1032 2177 Conjicit
1065 2123 1327 2176 Sehefferus,
1360 2125 1615 2179 Phaedrum,
1649 2128 1728 2171 ab·

244 2189 450 2243 Augusto
475 2189 678 2230 libertate
711 2188 937 2241 donatum,
964 2192 1106 2245 primo
1132 2191 1404 2246 Aug-ustum,
1435 2199 1479 2236 et
1510 2207 1620 2237 mox
1651 2208 1724 2238 eo·

240 2257 453 2300 defuncto.
468 2262 678 2311 posteros
697 2256 1013 2300 illius-amasse
1033 2263 1078 2300 et
1097 2261 1318 2303 coluisse:
1339 2275 1456 2316 quos
1475 2261 1588 2304 inter
1602 2275 1723 2305 cum-¹

239 2325 436 2367 extiterit
453 2325 643 2379 primum
662 2323 875 2380 Agrippa,
895 2325 1057 2368 deinde
1073 2326 1382 2380 Germanicus,
1398 2342 1486 2371 non
1503 2330 1715 2385 potuisse

899 2447 1045 2480 NOTAE

282 2525 296 2541 ⁸
319 2519 393 2551 Lib.
408 2529 464 2552 111.
479 2515 548 2553 fab.
565 2524 618 2553 10.
630 2524 662 2554 8.
677 2524 730 2554 39.
998 2534 1086 2556 serv.
1106 2525 1128 2556 l.
1154 2534 1194 2556 ιι.
1211 2534 1243 2556 c.
1265 2528 1318 2557 19.
1350 2529 1390 2556 ut
1416 2525 1574 2557 omittam
1601 2525 1702 2559 alios.

282 2574 297 2591 ⁸
320 2569 513 2602 Schefferus
539 2571 573 2602 in
590 2571 661 2604 Vit.
687 2571 838 2605 Phaedri.
884 2572 943 2606 ΟΙ.
998 2574 1148 2606 Morhof.
1176 2576 1218 2607 de
1247 2575 1407 2607 Patavin.
1445 2575 1533 2617 Livii
1561 2585 1597 2617 p.
1628 2578 1701 2609 157.

239 2622 437 2654 Borrichius
451 2623 495 2654 de
511 2622 612 2655 Poe't.
628 2633 664 2664 p.
678 2627 733 2655 55.
750 2624 883 2666 Lipsius
900 2625 943 2656 ad
996 2624 1106 2656 hoeret
1117 2626 1309 2666 ambiguus,
1327 2625 1509 2657 Phaedmm
1520 2624 1698 2658 Libertum

183 2678 185 2682 ’
237 2672 518 2705 Senem-Coma.
530 2673 656 2715 Polyb.
672 2684 748 2716 cap.
766 2677 818 2707 27.
830 2675 944 2708 Buch-
994 2674 1145 2716 Augusti
1161 2677 1215 2707 vel
1230 2676 1357 2707 Tiberii
1373 2676 1562 2717 appellans.

239 2732 342 2754 nerus
359 2722 459 2756 Orat.
480 2728 507 2756 t.
529 2733 571 2756 ιι.
598 2724 660 2757 Or.
675 2727 708 2757 2.
736 2721 814 2757 cdl.
837 2725 942 2757 Fabri
1038 2724 1176 2767 ¹”Dian
1192 2726 1378 2767 cit.p.v1·t.·

236 2773 336 2805 Thes.
361 2783 392 2805 v.
419 2773 595 2812 ΡΙιαῑάνιως
617 2780 654 2807 et.
665 2775 708 2808 A.
732 2775 867 2808 Schotti
878 2774 941 2808 ob·
959 2783 961 2791 ¹
1035 2775 1315 2810 0-1Proklib.·m.
1331 2778 1384 2809 41.
1399 2777 1454 2808 23.
