1806 3236
234 354 277 376 ex
293 343 496 386 praecripto
514 342 685 384 religionis
700 341 892 384 adhibetur,
903 345 944 375 ut

234 393 450 445 sacrificium,
481 399 516 427 et
543 394 579 426 id
604 403 732 438 genus;
759 394 846 427 misit
875 399 943 436 est,

234 446 360 488 emisit,
374 450 412 478 ut
428 456 504 488 sup.
521 455 578 480 111.
593 456 625 479 c.
648 447 698 478 19.
726 444 834 484 Schef.
884 445 941 477 Vo-

233 495 299 531 cem
314 499 439 531 mittere
454 503 517 539 est,
536 498 674 543 loqui.
686 499 814 530 Lucan.
830 498 944 530 Pane-

236 559 312 591 gyr.
335 549 345 567 ‘
358 548 551 581 Defensura
579 558 656 581 reos
679 558 800 581 vocem
825 547 944 580 facun-

235 599 292 631 dia
307 599 439 632 mittit.'
485 600 594 632 Cicer.
612 609 674 641 pro
691 599 772 632 Cael.
787 601 841 631 22.
865 598 874 616 ‘
890 597 944 631 An

234 649 384 692 aliquam
399 659 519 683 vocem
545 650 676 692 putatis
703 650 809 693 ipsam
827 659 892 692 pro
907 659 944 682 se

234 709 390 733 caussam
406 705 443 733 et
457 701 639 733 veritatem
660 711 760 743 posse
775 700 944 734 mittere?

235 751 283 783 Et
298 750 345 783 sic
372 751 465 793 apud
486 752 605 784 Valer.
631 753 728 785 Max.
752 762 808 785 111.
831 756 864 786 2.
889 755 943 785 23.

233 801 243 818 ‘
255 801 426 836 Quoniam
447 803 634 835 excellenti
658 803 788 836 virtute
804 802 944 836 dubium

234 853 417 896 reliquisti,
432 854 524 887 inter
538 854 690 887 undasne
706 863 856 896 pugnam
875 853 944 887 for-

234 904 357 937 tiorem
383 905 545 948 edideris,
571 916 614 938 an
644 907 679 939 in
708 911 801 939 terra
826 916 944 939 vocem

233 956 388 989 miseris!
434 957 535 991 Quod
558 957 681 990 merito
707 957 846 990 Vorstio
874 958 946 1000 pla-

234 1010 304 1048 cet,
328 1017 402 1049 prae.
427 1009 567 1050 vulgato
591 1008 756 1042 emiseris.-
778 1009 869 1052 quod
894 1013 946 1041 ta.-

234 1069 314 1091 men
336 1059 413 1092 loco
438 1060 596 1093 Petronii
617 1070 695 1103 cap.
721 1063 774 1094 19.
803 1059 946 1093 defendi

235 1114 374 1151 posset:
398 1110 456 1143 ubi
471 1110 551 1143 vide
569 1116 699 1145 notata.
721 1112 838 1144 Burm.

278 1161 398 1194 Sancta
432 1162 522 1194 misit
556 1163 683 1204 religio]
740 1164 807 1195 Ms.

235 1215 376 1245 sanctam
386 1224 400 1252 ,·
424 1212 484 1245 sed
500 1217 608 1246 sancta
625 1217 756 1246 rectum
783 1218 846 1247 est.
889 1214 947 1247 Sic

236 1272 341 1305 supra
353 1263 415 1297 lib.
426 1273 454 1297 1.
468 1263 540 1297 fab.
555 1267 610 1297 27.
633 1265 642 1282 ‘
656 1264 779 1297 Poenas
796 1268 834 1297 ut
850 1274 947 1298 sanc·

235 1318 281 1346 tae
296 1315 453 1356 religioni
467 1315 659 1357 penderet!
685 1316 796 1349 Vocem
811 1316 947 1357 mittere,

234 1374 298 1407 pro
323 1365 429 1408 loqui,
454 1371 508 1398 est
526 1366 715 1409 Ciceronis,
736 1371 883 1410 quatuor
897 1366 947 1399 di-

236 1415 343 1447 versis
360 1417 454 1450 locis.
479 1418 564 1450 Gud.

278 1470 298 1498 5
315 1467 474 1500 Malorum
488 1478 617 1501 mitnem
631 1468 749 1510 invisa]
773 1468 947 1502 Gravissi-

236 1527 290 1550 me
305 1519 338 1551 in
355 1519 440 1551 hanc
455 1521 660 1552 sententiam
673 1520 812 1562 scripsit
822 1520 947 1552 Plato:

237 1570 318 1602 Cum
333 1569 384 1602 vir
406 1564 552 1603 hoviestus
572 1574 662 1613 turpe
686 1571 747 1603 sibi
762 1572 867 1613 ducat,
881 1582 947 1604 mu-

235 1630 314 1653 nera
327 1620 366 1653 ab
380 1621 519 1663 improbo
538 1623 661 1654 homine
683 1632 812 1664 capere.-
833 1625 948 1664 quanto

235 1672 339 1712 magis
353 1672 457 1705 Deum
471 1673 520 1705 ita
540 1674 714 1706 animatum
729 1683 792 1705 esse
807 1673 948 1705 debemus

235 1722 447 1755 existimare?
470 1724 558 1756 Ritt.

278 1773 364 1814 Ista]
386 1774 474 1807 Quae
490 1778 529 1806 tu
539 1774 712 1806 abstulisti
724 1784 814 1806 nunc
830 1774 946 1813 furto3

235 1833 363 1855 munera
378 1828 482 1856 vocat
498 1824 649 1863 donaria,
664 1835 742 1866 quae
760 1825 861 1866 vulgo
873 1824 948 1855 dari

236 1874 326 1916 Diis,
352 1878 389 1907 et
417 1874 453 1906 in
480 1875 617 1917 templis
643 1885 760 1908 eorum
786 1875 948 1918 suspendi

236 1924 407 1958 solebant.
452 1925 575 1958 ‘Dona
602 1926 828 1968 templorum'
858 1926 948 1959 dixit

235 1977 349 2009 Tacit.
365 1975 481 2019 Agric.
498 1988 576 2019 cap.
593 1980 624 2010 6.
646 1977 752 2017 Schef.

279 2031 299 2061 7
315 2029 467 2071 Sceleste]
490 2030 614 2062 Mallet
628 2031 673 2062 N.
688 2030 867 2072 Heinsius,
886 2041 949 2063 sce-

235 2081 326 2121 leste,
353 2083 393 2112 ut
421 2090 498 2122 sup.

237 2132 334 2164 dixit.
357 2131 463 2171 Schcf.

278 2183 406 2226 Spiritu
431 2185 552 2226 culpam
576 2184 656 2226 lues]
693 2185 703 2202 ‘
715 2185 758 2217 In
781 2185 862 2219 Vet.
889 2185 948 2217 In-

237 2235 356 2277 script.
393 2234 551 2267 ‘Mulier
577 2235 701 2277 spiritu
736 2236 949 2278 incompara-

237 2285 345 2323 biii.)
367 2286 562 2318 Salmasius.
587 2287 674 2318 Gud.

284 2337 416 2379 Culpam
428 2336 507 2378 lues]
531 2337 635 2378 Nota,
647 2336 749 2370 Quod
764 2337 868 2370 etiam
885 2337 948 2370 fal-

241 2400 288 2423 ⁵ae
303 2388 478 2432 religionis
505 2394 698 2422 contemtus
726 2394 786 2422 aut
809 2390 947 2422 violatio

237 2451 407 2484 nunquam
434 2441 593 2484 cuiquam
629 2441 768 2483 impune
798 2442 945 2474 abierit:

238 2493 336 2535 cujus
351 2492 402 2524 rei
418 2493 576 2534 exempla
591 2502 634 2525 ex
652 2492 824 2525 historicis
840 2494 949 2526 multa

239 2544 355 2586 colligi
371 2548 525 2586 possunt.
559 2544 628 2576 Sed
644 2544 775 2576 Brenni
790 2544 946 2585 inprimis

238 2599 291 2628 est
303 2595 542 2627 memorabile:
567 2595 611 2627 de
638 2605 705 2638 quo
729 2594 777 2627 sic
799 2594 949 2637 Proper-

237 2647 306 2678 tius
333 2646 427 2678 canit
456 2646 515 2678 lib.
531 2655 587 2679 111.
619 2645 784 2678 ‘Torrida
810 2645 949 2677 sacrile-

240 2708 320 2739 gum
336 2701 507 2730 testantur
522 2697 639 2729 limina
652 2698 840 2738 Brennum,
853 2698 947 2729 Dum

238 2749 328 2790 petit
353 2748 478 2780 intonsi
506 2748 636 2790 Pythia
660 2757 764 2790 regna
786 2747 874 2780 Dei:
899 2746 948 2780 At

239 2809 334 2831 mons
350 2800 523 2841 laurigero
540 2809 726 2832 concussus
743 2798 872 2831 vertice
889 2797 949 2830 du-

239 2861 292 2885 ras
308 2851 443 2884 Gallica
465 2852 611 2884 Parnasi
639 2851 766 2893 sparsit
791 2850 827 2882 in
855 2860 949 2883 arma

843 1163 947 1195 habet

536 2082 547 2098 ⁸
569 2081 736 2114 Miserum
765 2082 923 2124 spiritum
933 2083 944 2098 '

697 246 840 278 NOTAE
874 244 1149 280 VARIORUM
1183 247 1234 278 IN

995 341 1117 375 nives!
1142 343 1224 376 De
1252 352 1319 386 quo
1355 347 1393 377 et
1419 343 1594 383 sentinata
1611 341 1701 380 ffle

995 393 1052 426 lib.
1070 401 1176 426 xxxv.
1189 398 1226 427 et
1241 394 1486 429 Callimachum
1497 394 1636 447 Hyrmio
1650 398 1702 446 η’.

995 443 1029 476 iu
1043 445 1185 478 Delum.
1209 445 1295 478 Rite.

1037 497 1058 527 8
1083 494 1184 536 Olim]
1211 495 1332 529 Potuit
1356 496 1517 531 studiosis
1546 496 1704 540 insiluisti,

994 545 1068 578 olim
1082 547 1259 588 eleganter
1285 547 1328 580 de
1353 547 1472 582 futuro
1501 549 1643 594 dictum,
1661 554 1705 584 ut

995 597 1121 630 Horat.
1144 597 1246 631 ‘Non
1270 597 1300 630 si
1324 599 1421 632 male
1435 602 1542 649 nunc,
1565 604 1608 634 et
1621 600 1705 635 olim

997 647 1046 680 sic
1069 647 1172 681 eritz'
1206 658 1239 691 q.
1267 648 1302 681 d.
1325 648 1474 683 Etiamsi
1487 653 1605 685 'nunc
1611 652 1705 685 male

996 699 1056 741 sit,
1082 704 1199 732 tamen
1224 709 1293 732 non
1324 706 1463 742 semper
1488 701 1545 734 fir
1542 701 1705 735 ·fflfliin

996 750 1087 782 male
1102 750 1182 784 erit,
1213 751 1283 783 Hic
1300 749 1561 794 quoquina-n.
1571 744 1707 786 “vum

996 802 1091 834 senio
1106 802 1255 835 debilem
1270 803 1414 835 Frustra
1429 803 1594 860 adjuvate
1607 803 1707 838 hub

997 857 1050 886 tas
1065 854 1198 886 nitetur
1213 853 1295 887 tua!
1322 852 1449 896 Schiop.
1531 870 1534 873 Δ
1614 870 1619 874 -

1039 905 1227 948 Adscriptus
1244 916 1342 948 poenoe
1367 905 1451 947 dies]
1484 905 1628 948 Fatalis,
1650 906 1708 940 δὲ’-

998 957 1178 989 cretorius.
1202 955 1299 998 Κυρία
1311 954 1420 998 ἡμέρα,
1435 957 1445 976 ⁸
1459 955 1609 1004 Dictum
1618 954 1709 990 fato—

999 1016 1074 1039 rum
1112 1007 1274 1050 tempus,'
1309 1011 1350 1040 ut
1386 1017 1467 1040 mox
1502 1007 1706 1050 appennine.

996 1058 1130 1091 Prasch.
1176 1058 1335 1101 Scriptus
1351 1069 1372 1091 a
1387 1058 1496 1100 Fatis,
1511 1055 1706 1100 <definitum

997 1108 1090 1150 vide,
1105 1119 1180 1152 quae
1193 1110 1309 1142 notavi
1322 1109 1403 1143 olim
1414 1109 1458 1142 nd
1469 1109 1708 1144 nitidi-simam

997 1160 1122 1193 Pacati
1150 1161 1323 1211 Panegyr.
1352 1171 1428 1204 cap.
1457 1164 1511 1195 18.
1540 1161 1590 1194 ibi
1614 1161 1707 1195 essim

998 1220 1115 1253 causa,
1140 1222 1244 1254 quare
1269 1212 1416 1254 scriptus,
1445 1221 1506 1244 seu
1531 1212 1709 1255 miserique

998 1262 1144 1295 dicatur.
1178 1263 1283 1303 Schef.
1338 1263 1463 1296 Senec.
1490 1260 1599 1296 Heres
1624 1263 1706 1296 Fur.

998 1315 1072 1345 190.
1096 1317 1105 1331 ‘
1120 1312 1220 1346 Licet
1244 1313 1329 1347 nulli
1356 1313 1523 1356 scriptum
1549 1312 1710 1355 proferro
1749 1334 1759 1345 .

997 1362 1113 1396 diem.’
1134 1364 1288 1397 Martial.
1301 1373 1337 1397 Χ.
1349 1366 1404 1397 44.
1420 1366 1430 1383 ‘
1444 1364 1582 1397 Gaudia
1594 1367 1632 1397 tu
1642 1363 1711 1397 dif-

997 1413 1067 1447 fers
1082 1425 1092 1455 ;
1114 1419 1150 1447 at
1174 1425 1242 1448 non
1257 1419 1293 1448 et
1309 1415 1457 1448 stamina
1471 1414 1591 1448 differt
1603 1414 1710 1448 Atro·

997 1475 1072 1507 pos,
1089 1470 1192 1508 atque
1209 1466 1317 1498 omnis
1333 1465 1495 1498 scribitur
1510 1466 1595 1499 hort
1609 1465 1672 1498 tibi
1684 1464 1707 1498 :¹

997 1521 1034 1550 et
1049 1518 1099 1550 ita
1113 1517 1333 1560 transcribere,
1347 1518 1453 1551 ovid.
1468 1518 1557 1551 Met.
1569 1525 1638 1551 vn.
1652 1519 1705 1551 79.

997 1568 1006 1585 ‘
1020 1569 1112 1610 Ergo
1136 1575 1202 1612 ego
1229 1570 1389 1612 cuiquam
1413 1570 1533 1607 Posse¹
1545 1572 1618 1602 tuae
1628 1577 1710 1611 ¹spn-

999 1620 1084 1652 tium
1095 1620 1215 1653 videor
1230 1621 1464 1654 transcribere
1478 1620 1590 1654 vitm-’—
1612 1621 1710 1655 Vm·

997 1671 1042 1702 rit
1057 1671 1135 1712 dies,
1146 1676 1186 1704 ut
1201 1672 1211 1690 ‘
1224 1671 1417 1705 Adveuire’
1432 1672 1522 1705 dixit
1536 1672 1595 1706 lib.
1611 1681 1638 1705 1.
1651 1675 1705 1705 16.

997 1722 1112 1755 Burm.

1043 1772 1165 1813 Poenae]
1189 1773 1256 1804 Ms.
1269 1784 1371 1815 poena.
1399 1774 1489 1808 Gud.

1043 1826 1083 1854 10
1126 1824 1280 1855 Verendos
1315 1825 1429 1857 excolit
1456 1825 1570 1858 Pietas
1604 1824 1706 1866 Deos]

999 1874 1095 1907 Nihil
1110 1878 1216 1907 muta.
1261 1876 1414 1908 Excutere
1430 1881 1483 1908 est
1498 1876 1590 1909 idem
1606 1876 1709 1920 quod,

999 1926 1124 1958 colere.
1147 1925 1253 1958 Ovid.
1265 1935 1307 1957 ex
1321 1926 1424 1959 Pout.
1435 1936 1459 1960 1.
1471 1930 1501 1960 8.
1512 1930 1566 1960 59.
1582 1927 1594 1946 ‘
1605 1927 1708 1961 Quaa-

999 1985 1065 2019 qne
1082 1981 1140 2008 tua
1155 1980 1210 2009 est
1232 1976 1355 2020 pietas,
1382 1982 1421 2010 ut
1436 1981 1472 2011 te
1487 1988 1557 2011 non
1572 1979 1708 2012 excolat

998 2027 1132 2070 ipsum.’
1175 2028 1266 2061 Vide
1282 2028 1326 2061 ad
1349 2029 1493 2064 Quinet.
1509 2030 1608 2063 Deci.
1625 2037 1707 2065 vlu.

999 2081 1050 2112 12.
1075 2079 1190 2112 Bur-m.

1044 2133 1083 2163 11
1106 2130 1252 2163 Luminis
1264 2132 1495 2174 commercium]
1516 2133 1710 2175 Elegantis-

999 2180 1083 2214 sime
1097 2191 1106 2213 :
1129 2185 1168 2214 ut
1193 2182 1203 2201 ‘
1216 2182 1358 2224 Linguae
1387 2183 1612 2217 commercia?
1640 2184 1708 2217 Lu-

1000 2233 1149 2265 cretius:
1175 2233 1185 2251 ‘
1196 2233 1409 2276 Sepultura?
1422 2269 1423 2272 ,
1435 2235 1478 2266 B.
1497 2233 1708 2269 Ambrosius.

999 2284 1089 2316 Vide
1104 2287 1204 2316 notas
1221 2284 1265 2316 ad
1282 2284 1510 2319 Guntherum.
1534 2285 1621 2319 Rn'ct.
1645 2317 1648 2319 Α

1046 2335 1287 2376 commercium]
1309 2336 1440 2376 Usum;
1463 2336 1551 2378 vult,
1572 2341 1709 2370 vetasse

999 2388 1127 2428 Deum,
1142 2387 1286 2419 accendi
1301 2386 1336 2418 in
1351 2391 1524 2429 posterum
1537 2387 1711 2421 tumendo

998 2439 1079 2480 igne
1094 2448 1203 2479 sacro,
1228 2438 1316 2470 sicut
1339 2437 1396 2470 sur
1411 2436 1557 2480 fecerat,
1570 2436 1617 2471 'et
1629 2447 1708 2472 con-

1000 2494 1066 2529 tra,
1092 2490 1134 2521 de
1159 2489 1287 2522 lumine
1315 2489 1430 2530 ignem
1461 2498 1607 2521 sacrum.
1651 2489 1708 2523 stc

1000 2541 1091 2582 apud
1105 2540 1281 2581 Ovidium,
1304 2540 1314 2558 ‘
1326 2540 1467 2581 Linguae
1483 2540 1707 2574 commercia’

999 2596 1219 2633 usurpantur,
1235 2593 1334 2624 Trist.
1352 2601 1386 2623 v.
1398 2592 1450 2623 El.
1461 2594 1512 2623 10.
1525 2591 1615 2633 apud
1628 2592 1710 2625 vei-

998 2643 1102 2674 lcium
1130 2642 1151 2674 l.
1172 2650 1214 2673 n.
1242 2651 1273 2674 c.
1289 2644 1342 2674 65.
1367 2642 1377 2659 ⁴
1393 2641 1606 2674 commercia
1619 2642 1707 2685 epis-

1000 2692 1169 2726 tolarum!
1191 2692 1299 2732 Schef.

1044 2747 1086 2776 12
1109 2744 1164 2776 Ita
1190 2743 1296 2800 hodie]
1331 2743 1399 2776 Ms.

1003 2797 1088 2828 Gud-

1043 2845 1232 2888 Imeernam]
1256 2846 1321 2882 Ms.
1339 2846 1472 2880 lucerna.
1496 2845 1587 2880 Gud.

1431 2743 1543 2786 Itaque
1554 2755 1564 2777 .-
1599 2749 1709 2779 reete.
