1806 3236
740 205 943 238 unum
977 207 1032 242 x,
1537 197 1624 243 287

137 303 397 360 Cellamtlue
413 302 598 346 intraret
615 301 797 359 plenam
814 303 947 346 rebus
967 304 1166 360 optimis.

136 372 192 416 In
212 385 304 429 qua
321 371 427 415 dum
446 371 586 415 variis
606 370 887 427 perfruuntur
902 372 1121 428 reliquiis,
1593 377 1624 419 5

79 479 86 486 ,
137 440 342 498 Impulso
360 441 483 484 venit
502 441 620 484 ostio
638 439 880 484 Cellarius.
941 452 944 455 ·
1159 453 1164 456 ·

134 507 242 563 Quo
261 523 412 552 mures
431 508 670 564 diffugiunt
688 509 871 565 strepitu
893 511 1132 566 perterriti,

134 577 194 623 Et
209 581 330 623 notis
345 579 478 622 facile
497 580 695 621 urbanus
717 592 767 621 se
785 579 941 622 condit
960 581 1087 623 cavis
1103 593 1117 634 3

130 646 197 692 At
214 649 365 701 miser,
387 650 540 703 ignota
560 648 790 704 trepidans
808 649 1004 692 rusticus
1025 648 1177 702 domo,

129 715 399 773 Timensque
420 719 620 768 mortem,
642 729 722 771 per
741 717 933 772 parietes
954 717 1158 761 cursitat.
1555 719 1614 762 10

129 785 209 839 Ut,
228 798 334 842 quae
355 786 548 838 volebat,
571 785 756 829 sustulit
774 784 1012 838 cellarius,

128 853 395 910 clausitque
415 855 566 906 limen,
587 854 747 898 iterum
766 854 965 896 urbanus
986 855 1204 898 rusticum

125 923 370 967 Hortatur:
399 922 495 975 ille,
515 922 788 979 perturbatis
809 922 1034 975 sensibus,

125 993 240 1047 Vix,
259 994 421 1050 inquit,
444 1005 633 1049 possum
650 1004 814 1047 capere
838 1003 930 1046 pree
949 995 1071 1034 metu
1091 991 1254 1035 cibum.

125 1061 340 1114 Putasne,
358 1062 507 1106 veniet
524 1060 602 1104 ille
614 1061 635 1103 'l
698 1058 822 1112 Quid
843 1062 1018 1102 tantum
1038 1060 1202 1103 times?
1555 1064 1614 1108 15

124 1129 340 1174 Urbanus
359 1131 527 1186 inquit3
559 1142 642 1184 age
662 1129 861 1171 fruamur
878 1128 1078 1181 ferculis,

125 1197 244 1252 Quae
264 1198 427 1242 frustra
442 1210 544 1240 rure
566 1209 761 1253 quaeras.
823 1194 990 1240 Contra
1008 1197 1228 1241 rusticus:

122 1266 213 1320 Tu,
233 1267 312 1323 qui
331 1267 487 1309 timere
507 1266 672 1318 nesciS,
692 1264 840 1308 fruere
858 1264 931 1307 his
952 1265 1188 1320 omnibus;

40 1378 44 1381 ,
121 1333 186 1378 At
203 1347 277 1378 me
298 1346 505 1378 securum
522 1337 684 1390 pascat
704 1333 830 1387 glans
853 1336 898 1376 et
914 1333 1123 1376 liberum.

178 1402 234 1447 In
251 1407 520 1461 paupertate
542 1406 687 1446 tutum
705 1407 899 1459 praestat
918 1403 1085 1456 vivere,
1237 1378 1241 1382 y
1549 1406 1609 1450 20

121 1470 274 1525 Quam
291 1471 551 1516 divitiarum
570 1472 696 1528 carpi
717 1472 1025 1516 solicitudine.

780 1573 815 1607 N
819 1572 924 1607 01·AE

163 1652 186 1683 4
208 1647 316 1682 Rebus
338 1647 483 1692 optimis]
513 1647 598 1682 vid.
624 1648 669 1682 ad
695 1648 836 1683 Phaedr.
937 1650 1110 1693 Cellarz‘us]
1155 1651 1350 1685 Calcarat-ius
1382 1652 1518 1696 reperit
1543 1653 1610 1688 Ni-

118 1701 142 1734 1.
154 1709 206 1735 iv.
219 1703 273 1734 2³.
889 1702 975 1736 lant.
990 1703 1025 1736 in
1041 1713 1102 1736 suo
1118 1703 1205 1736 Cod.
1218 1708 1256 1737 et
1268 1704 1336 1737 alia
1346 1705 1424 1738 loca
1434 1705 1606 1741 sotorum

161 1755 186 1786 ο
216 1751 371 1796 Inpulsu]
419 1752 570 1794 Repulsis
605 1752 683 1785 otiis
718 1751 834 1785 Anon.
890 1754 1046 1795 adducit,
1071 1755 1129 1788 ubi
1159 1756 1210 1788 ita
1238 1755 1445 1791 aberrarunt
1470 1757 1607 1793 seribae.

116 1804 128 1823 ⁵
151 1803 293 1838 Ostium
339 1802 545 1846 impulsum'
598 1802 743 1837 Petron.
781 1806 832 1837 19.
888 1805 970 1839 vid.
986 1806 1323 1841 Brisson.Lexieon.

119 1856 202 1894 Vid.
216 1860 254 1892 et
265 1856 311 1891 nd
326 1859 404 1901 cap.
418 1859 471 1891 1⁶.

702 2221 918 2262 FABULA
963 2222 1015 2262 X.

358 2363 596 2437 ASINUS
643 2363 909 2410 DOMINO
954 2364 1349 2413 BLANDIENS.

115 2498 379 2543 BLANDuu
402 2499 585 2544 domino
604 2499 793 2546 Asellus
814 2505 864 2545 ut
882 2503 996 2547 vidit
1015 2516 1096 2547 suo

780 2615 929 2648 NOTAE

157 2675 320 2712 occurrit
342 2679 434 2722 apud
458 2679 581 2714 Rimic.
594 2689 620 2714 1.
635 2684 689 2715 17.
717 2680 827 2716 Anon.
926 2685 943 2715 1
968 2683 1121 2715 Blandiri
1135 2680 1273 2723 domino]
1296 2681 1472 2715 Dominum
1483 2681 1598 2718 Aaou.

113 2735 207 2762 xvn.
231 2730 366 2765 Romul.
380 2730 563 2775 (Nil.)⁴xv.
578 2732 694 2766 But-m.
719 2732 826 2776 Apud
882 2743 983 2777 quam
1000 2733 1241 2766 infelicitatem
1260 2738 1360 2766 vocat
1374 2734 1508 2768 Nilant.
1529 2734 1596 2769 At-

114 2780 213 2814 Rom.
227 2781 312 2817 D1v.
325 2787 363 2818 et
380 2782 476 2819 Uim.
498 2788 552 2819 eat
566 2784 628 2820 lib.
644 2794 670 2819 1.
685 2783 757 2820 fab.
775 2788 827 2820 16.
882 2785 942 2828 qui
956 2786 991 2820 J.
1009 2786 1162 2819 Gronov.
1186 2784 1271 2817 talia
1296 2794 1359 2827 pro
1385 2785 1596 2819 notabilibus

112 2828 220 2867 Solum.
880 2839 918 2870 et
932 2836 1120 2871 commodis
1134 2836 1323 2879 acciperet.
1356 2835 1438 2871 Vid.
1453 2836 1496 2870 ad
1505 2837 1597 2872 Min.
