1806 3236
329 177 533 211 PHAEDRI
567 178 679 210 ΕΔΒ.
711 177 1017 211 AESOPIARUM
1052 179 1151 211 LIB.
1185 179 1217 212 1.
1251 178 1415 211 PROLu

129 272 243 308 similo
253 272 338 318 quid
360 272 396 307 in
418 272 625 316 profatione
638 272 766 307 Avieni
781 282 842 307 ex·

128 329 195 360 tet.
216 324 360 367 numani
370 329 487 362 autem
497 326 656 368 pluscula
663 326 843 360 existimat

128 368 361 418 intercidisse,
399 376 526 411 relicta
551 376 776 411 distinctione
802 378 841 410 li-

128 427 281 471 brom,
302 427 505 487 deletisque·
514 426 785 462 obseoenioribus
799 438 842 462 ac

127 477 282 523 lascivis,
296 476 336 512 fit
350 482 482 512 eoeters
495 478 604 521 ipsius
627 479 736 512 tutius
756 489 843 522 prae-

127 529 210 574 legi
222 533 366 574 possent
391 530 520 573 pueris.
565 531 680 566 Quam
704 535 842 565 senten·

128 580 215 625 tim
238 580 476 619 inhiantissime
502 582 705 624 amplector.
741 583 841 616 Idem

127 622 325 677 suspicatus
337 633 406 668 fuit
418 634 526 669 etiam
546 635 741 678 Rigaltius
731 645 768 669 in
782 636 841 670 ed.

128 688 222 728 post.
252 685 376 729 Scfieff.

134 762 139 771 ,
171 735 315 771 Arbores
341 737 523 780 loquutur]
571 737 615 771 In
654 738 696 772 C.
723 739 843 781 Epidii

55 830 58 832 v
128 787 388 826 commentariis
401 787 543 821 arbores
558 789 693 822 locutas
706 790 845 824 notavit

128 837 267 872 Plinius
282 839 344 873 lib.
357 847 453 872 xvn.
468 842 523 873 2⁵.
566 839 637 873 Sed
653 840 720 874 hoc
737 841 843 874 etiam

127 888 223 924 inter
247 893 389 927 ostenta
417 890 667 933 prodigiosum.
711 892 754 925 In
777 893 843 925 hac

127 949 212 973 vero
226 938 424 974 fabularum
444 941 669 984 Philosophia
685 951 754 975 non
776 942 844 976 uti-

129 1000 199 1034 qne
213 994 268 1024 cst
280 990 479 1025 absurdum.
514 990 692 1027 Avienus:
705 993 716 1011 ‘
731 993 845 1037 Loqui

129 1050 216 1077 vero
240 1041 399 1084 arbores,
424 1040 518 1075 feras
542 1052 624 1076 cum
649 1043 843 1078 hominibus

128 1101 284 1134 gemere,
297 1092 415 1126 verbis
429 1097 567 1126 certare
582 1095 755 1136 volueres,
773 1095 845 1128 ani-

127 1143 237 1183 malia,
246 1143 364 1176 ridere
378 1142 551 1186 fecimus,’
566 1146 632 1178 διο.
667 1144 843 1178 Isidorus:

126 1193 139 1232 ⁸,
151 1193 307 1237 AEsopiae
321 1193 451 1228 fabulas
461 1199 556 1238 sunt,
567 1205 672 1238 quum
685 1196 845 1229 animalia

126 1249 226 1286 muta
238 1245 332 1279 inter
341 1254 380 1279 se
394 1246 643 1283 sermocinasse
654 1246 844 1290 finguntur,

128 1296 187 1330 vel
199 1306 278 1341 quae
293 1296 442 1330 animam
463 1306 534 1330 non
554 1297 699 1340 babent,
724 1302 766 1332 ut
788 1308 845 1332 ur-

127 1346 207 1389 bes,
219 1347 376 1390 arbores,
388 1353 536 1390 montes,
544 1353 670 1391 petrae,
678 1348 844 1383 flumina!

128 1396 236 1441 Certe
258 1398 298 1432 in
323 1397 452 1432 Avieni
476 1397 604 1432 fabulis
627 1399 785 1434 Quercus
808 1405 846 1434 et

127 1447 276 1484 Arundo
290 1449 492 1493 loquuntur,
514 1454 553 1483 et
573 1450 668 1493 apud
686 1452 846 1485 Camera-

128 1499 219 1533 rium
233 1509 374 1544 qnoque
395 1501 571 1534 nonnulle.
586 1501 731 1535 arbores
746 1503 847 1545 quasi

129 1559 305 1584 sermones
341 1550 492 1584 miscent
506 1562 517 1584 ε
564 1555 603 1584 at
638 1551 716 1585 heic
752 1553 846 1595 apud

128 1600 318 1644 Rhaedrum
335 1610 406 1634 non
426 1601 523 1635 item.
567 1600 768 1635 Dicendum
783 1603 847 1644 igi-

130 1655 204 1695 tur,
213 1651 377 1686 arborum
391 1650 527 1685 fabulas
540 1651 774 1685 intercidisse.
797 1653 847 1686 Iis

128 1706 247 1736 autem
260 1702 299 1736 in
311 1701 540 1744 Philosophia
554 1712 619 1735 sua
632 1713 731 1736 usum
740 1702 846 1737 fuisse

127 1753 310 1796 AEsopum,
318 1753 424 1787 docet
431 1753 530 1786 Max.
540 1753 629 1795 Tyr.
637 1753 701 1794 Or.
708 1762 847 1788 xxxin.

128 1802 263 1846 Αἷσόηο
284 1805 332 1846 τᾷ
348 1803 445 1847 Φρυγὶ
471 1803 658 1845 πεποίηνται
681 1804 774 1846 λύγοι
795 1806 848 1839 διὰ

127 1856 193 1888 τᾶν
205 1854 317 1899 θηρίων
329 1856 389 1895 τῆς
398 1854 570 1897 ξυνουσίας.
607 1855 798 1898 Διαλέγεται
811 1857 848 1891 δὲ

129 1904 216 1948 dm'p*
227 1905 281 1940 καὶ
301 1905 346 1939 τὰ
369 1904 489 1950 δένδρα,
502 1906 555 1940 καὶ
578 1907 609 1940 οἱ
630 1907 748 1951 ἰχθύες,
764 1908 847 1942 ἄλλο

128 1956 232 2001 ἄλλᾳ,
245 1957 302 1991 καὶ
313 1957 480 2000 &separans
497 1957 620 1999 ἀναμίξ.
666 1960 731 1992 Est
752 1964 790 1993 et
810 1961 846 1993 in

127 2007 221 2041 libro
234 2007 400 2042 Judicnm
417 2003 496 2050 c'ap.
511 2016 566 2042 lx.
580 2007 743 2042 arborum
756 2009 848 2042 inter

130 2066 169 2090 se
180 2057 450 2100 disceptantium
463 2068 571 2101 super
582 2059 742 2101 eligendo
753 2060 849 2102 Rege

130 2107 308 2152 parabola,
328 2111 368 2141 et
391 2108 550 2151 Paralip.
566 2118 610 2141 ιι.
625 2118 657 2142 c.
671 2111 726 2142 25.
763 2110 848 2143 Car·

131 2157 221 2193 du'us
234 2157 318 2193 filiae
331 2158 436 2192 Cedri
459 2159 600 2203 nuptias
622 2158 694 2194 filio
709 2170 772 2194 sno
791 2170 850 2194 ex·

131 2210 236 2253 petit.
268 2210 350 2251 Εἰς.

134 2286 139 2294 ,
173 2261 313 2295 Arbores
327 2261 511 2304 loquantur]
535 2261 607 2296 Ubi
629 2272 711 2296 vero
734 2263 771 2296 in
797 2264 849 2297 his

128 2313 283 2357 quinque
316 2313 414 2347 libris
460 2314 600 2348 arbores
635 2315 847 2358 loquuntur?

130 2363 239 2398 Certe
263 2363 344 2398 hinc
359 2363 534 2409 discimus,
559 2365 679 2407 plures
706 2365 849 2399 Phaedri

126 2412 264 2448 fabulas
281 2414 495 2457 desiderari;
510 2415 604 2449 inter
619 2416 704 2449 alias
718 2422 848 2460 autem,

130 2474 208 2510 quoe
236 2466 508 2509 interciderunt,
534 2468 641 2501 etiam
671 2470 786 2511 reperi
811 2471 848 2503 in

129 2516 243 2560 yeteri
268 2518 341 2552 Ms.
366 2517 458 2553 hanc
479 2517 631 2552 fabulam
658 2519 813 2563 Phaedri,
828 2531 849 2554 a

130 2566 306 2602 Monacho
320 2568 443 2602 mirum
459 2569 494 2602 iu
506 2569 646 2603 modum
660 2570 848 2614 interpola-

132 2621 204 2652 tam
232 2623 271 2654 et
298 2619 539 2663 deformatam,
563 2621 600 2654 in
619 2630 686 2665 qua
708 2621 848 2656 arbores

131 2668 333 2712 loquuntur.
375 2671 434 2705 De
448 2671 572 2705 Securi
590 2677 628 2705 et
642 2673 847 2706 Manubrio:

133 2719 144 2738 ‘
162 2718 351 2764 Aliquanto
367 2722 492 2757 dantes
507 2722 672 2756 auxilium
696 2724 848 2758 hostibus

136 2770 207 2807 suis
221 2776 380 2816 pereunt.
413 2774 529 2810 Homo
551 2783 673 2810 secure
689 2774 785 2810 facta
803 2776 847 2810 ab

1515 168 1604 211 319

892 274 1073 308 arboribus
1083 274 1252 318 postulat,
1260 273 1477 308 manubrium
1490 278 1531 308 nt
1545 274 1605 307 da-

891 330 971 358 rent
997 325 1041 358 de
1069 325 1178 368 ligno,
1204 325 1296 368 quod
1326 329 1421 358 esset
1442 324 1604 359 fimumz

891 386 1010 410 omnes
1022 376 1223 410 Oleastrum
1227 377 1408 419 jusserunt
1418 376 1514 409 dare.
1537 375 1607 410 Ac·

891 426 988 470 cepit
1001 427 1102 460 homo
1123 427 1353 469 manubrium,
1373 430 1457 469 apta
1480 434 1605 459 secure

892 477 1020 511 robora
1033 477 1143 520 coepit
1165 477 1343 519 decidere,
1366 486 1493 520 magna
1509 481 1607 509 trun-

892 528 995 563 cabat
1010 533 1048 562 et
1061 529 1225 572 eligebat.
1270 529 1327 561 Sic
1341 537 1488 572 quercus
1499 526 1606 561 fraxi-

891 589 937 613 no
949 579 1078 614 dixisse
1093 580 1226 614 fertur:
1252 580 1372 622 Digne
1388 583 1426 613 et
1438 580 1530 613 bene
1545 588 1606 622 ps-

891 632 1008 675 timur,
1031 632 1113 676 quia
1137 632 1319 666 manubria
1333 630 1514 664 dedimus!
1551 631 1606 664 Ex

892 682 1037 716 Phaedri
1061 683 1191 717 lambis
1214 683 1304 716 hane
1327 681 1479 716 fabulam
1500 681 1607 715 inter-

892 734 1045 777 polatam
1070 742 1148 768 esse
1174 734 1260 767 mihi
1283 733 1426 767 dubium
1450 742 1519 766 nou
1539 736 1607 774 est,

894 795 1040 829 eamque
1069 785 1121 819 sic
1145 785 1299 819 numeris
1323 783 1394 818 suis
1420 783 1608 817 restituen-

894 836 975 870 dam
986 841 1084 879 puto.
1106 837 1243 870 Auxilia
1253 836 1307 879 qui
1316 837 1372 869 dat
1381 834 1607 874 hostibussuis,

891 888 988 930 perit.
1023 888 1138 922 See-ure
1151 888 1246 928 facta
1269 887 1310 920 ab
1327 886 1494 920 arboribus
1517 885 1608 919 homo

892 940 1043 982 postulat,
1059 939 1266 972 Manubrium
1276 942 1311 972 ut
1325 940 1439 972 darent
1454 939 1494 971 de
1506 938 1609 980 ligno,

894 991 978 1032 quod
995 990 1088 1030 soret
1119 991 1286 1024 Firmum:
1309 990 1475 1031 jusserunt
1502 998 1609 1022 omnes

897 1041 1080 1074 Oleastrum
1100 1042 1183 1075 dari.
1225 1041 1360 1083 Accepit
1377 1041 1450 1080 ille,·
1470 1039 1610 1072 oblatum

894 1094 927 1123 et
941 1091 1139 1125 manubrium
1152 1091 1278 1134 Aptans
1288 1092 1390 1124 securi
1409 1100 1528 1133 mag-na
1547 1101 1609 1124 σιε-

893 1142 944 1176 ait
966 1143 1092 1185 robora,
1117 1145 1165 1176 Et
1187 1144 1323 1185 eligebat
1336 1143 1475 1176 arbores.
1522 1142 1610 1176 Tunc

895 1195 1044 1228 Fraxino
1059 1195 1196 1228 Dixisse
1209 1195 1323 1235 fertur
1347 1195 1511 1232 Quercus.-
1534 1195 1609 1227 Me-

894 1246 959 1278 rito
965 1246 1094 1286 ferreas
1110 1246 1260 1279 Patimur
1277 1245 1444 1288 bipennes.-
1466 1245 1542 1287 quia
1555 1245 1610 1278 de-

894 1298 998 1330 dimus
1021 1297 1197 1332 manubria.
1229 1297 1346 1331 Aliter
1368 1299 1406 1328 et
1427 1295 1549 1328 melius
1565 1294 1610 1328 ad

895 1348 1046 1390 vestigia
1073 1350 1204 1382 veteris
1232 1348 1338 1388 libri;
1374 1348 1517 1383 Pereunt
1544 1347 1611 1379 suis

895 1398 1051 1431 auxilium
1066 1400 1177 1432 dantes
1191 1398 1342 1432 hostibus.
1366 1398 1470 1431 Facta
1483 1396 1611 1438 bipenni

894 1451 936 1484 ab
949 1451 1112 1485 arboribus
1125 1452 1215 1485 homo
1230 1451 1328 1493 petit,
1350 1449 1557 1483 Manubrium
1573 1451 1611 1482 ut

894 1504 1009 1535 darent
1036 1513 1054 1535 e
1082 1503 1183 1544 ligno,
1214 1503 1297 1544 quod
1321 1501 1413 1540 soret
1453 1500 1612 1532 Firmum.

895 1553 1068 1586 Jusserunt
1082 1563 1188 1586 omnes
1200 1554 1374 1586 oleastrum
1394 1552 1477 1584 dari.
1514 1552 1613 1584 Acce-

892 1604 945 1645 pit
969 1603 1024 1636 ille
1046 1614 1171 1646 munus,
1201 1608 1234 1637 et
1257 1603 1457 1636 manubrium
1483 1601 1613 1645 Aptans

895 1654 999 1687 securi
1027 1665 1143 1696 magna
1168 1655 1264 1688 ccedit
1291 1654 1422 1687 robora:
1464 1653 1612 1695 Dumque

895 1707 1045 1748 eligebat,
1059 1717 1130 1749 quae
1142 1708 1248 1749 vellet,
1256 1707 1304 1739 sic
1318 1705 1463 1739 Fraxino
1475 1705 1614 1738 Dixisse

887 1756 1000 1796 fertur
1016 1758 1174 1795 Quercus.-
1199 1759 1322 1791 Merito
1336 1757 1496 1801 maleficas
1517 1757 1613 1790 Pati-

895 1817 968 1841 mur
987 1808 1148 1851 bipennes,
1164 1810 1275 1852 quibus
1295 1810 1478 1850 adiumento
1492 1819 1611 1842 sumus.

895 1857 1012 1892 Aliter
1035 1860 1168 1902 adhu03
1194 1862 1351 1902 Pereunt,
1367 1861 1435 1893 suis
1455 1861 1613 1893 auxilium

895 1910 950 1951 qui
964 1911 1050 1948 dant„
1057 1910 1206 1943 hostibus.
1233 1912 1335 1944 Facta
1345 1911 1472 1953 bipenni
1485 1911 1613 1953 quidam

896 1959 936 1992 ab
949 1960 1112 1993 arboribus
1125 1962 1224 2003 petit,
1243 1962 1371 1994 Darent
1384 1961 1584 1994 mnubrium
1596 1971 1614 1994 e

896 2011 1001 2052 lig-no,
1013 2013 1095 2053 quod
1100 2012 1236 2054 firmum
1242 2011 1345 2052 foret.
1379 2011 1494 2044 Subito
1507 2011 1613 2052 jusse-

896 2065 974 2093 runt
987 2072 1092 2095 ornnes
1105 2064 1273 2095 oleastrum
1286 2063 1370 2095 dari.
1395 2062 1530 2104 Accepit
1544 2073 1613 2096 mu-

895 2122 966 2155 nus,
971 2113 1157 2155 factumque
1168 2116 1283 2155 aptans
1291 2113 1491 2146 manubrium
1508 2113 1614 2155 Goepit

895 2166 999 2198 securi
1013 2175 1129 2207 magna
1143 2166 1286 2198 excidere
1296 2165 1420 2198 robora.
1454 2165 1522 2198 Hic
1536 2166 1613 2198 dum

896 2218 1073 2249 truncanda
1087 2217 1231 2258 eligeret,
1241 2215 1386 2248 Fraaeino
1397 2215 1533 2249 Dixisse
1539 2215 1612 2256 fer-

897 2271 951 2300 tur
967 2268 1128 2305 Quercus.-
1150 2268 1272 2300 Merito
1292 2268 1454 2302 vedimur.
1487 2267 1549 2310 [V.
1565 2267 1618 2313 ad,

896 2317 1059 2361 Append.
1074 2317 1146 2352 fab.
1161 2318 1210 2360 5.]
1243 2318 1329 2351 Gud.

940 2369 1017 2401 Non
1030 2372 1156 2402 tantum
1163 2368 1264 2410 ferae]
1297 2368 1451 2411 Satyrici
1474 2369 1612 2402 nomina

896 2419 1037 2462 scriptis
1051 2419 1120 2452 suis
1134 2419 1377 2452 convenientia
1394 2420 1611 2461 procudum3

895 2475 982 2512 puta
1005 2470 1035 2503 si
1060 2470 1097 2503 in
1118 2469 1311 2503 luxuriosas
1333 2470 1495 2503 mulieres
1515 2471 1611 2504 inve·

894 2522 1035 2564 huntur,
1047 2522 1188 2555 nomina
1198 2521 1357 2554 inserunt
1365 2521 1524 2563 Migalea,
1534 2522 1613 2555 Me·

896 2572 1048 2615 dullinae,
1058 2573 1285 2616 Tryphaenae,
1295 2573 1492 2615 Quartillae,
1503 2573 1611 2608 Quin-

896 2623 996 2665 tium,
1022 2623 1191 2666 Lyciscae,
1216 2622 1373 2664 Phiales,
1393 2622 1518 2664 Tibiae,
1532 2624 1610 2658 Flo·

896 2684 966 2715 rae;
982 2674 1011 2708 si
1026 2675 1062 2707 in
1077 2675 1209 2715 molles,
1222 2673 1413 2716 semiviros,
1422 2674 1608 2717 Trypheri,

894 2726 1144 2767 Trimalcionis,
1158 2725 1384 2768 Hedymeles,
1402 2730 1439 2758 et
1454 2726 1503 2759 sic
1514 2725 1610 2759 dein-

895 2786 990 2823 ceps.
1039 2777 1263 2812 Fabulatores
1292 2786 1429 2823 quoque
1459 2776 1608 2813 moribus
