1806 3236
249 226 304 269 52
534 237 737 270 PHAEom
771 236 1084 271 FABUBARUM
1116 237 1418 271 AEsorrAnuM

307 342 464 385 Vacca
482 346 527 386 et
543 342 745 398 Capella,
765 347 810 386 et
825 344 998 399 patiens
1018 343 1129 388 Ovis
1148 340 1338 401 injuriae,

251 409 378 453 Socii
398 410 518 453 fuere
539 425 641 454 cum
663 412 812 454 Leone
833 412 881 453 in
901 411 1104 455 saltibus·

251 477 317 520 Hi
336 491 438 521 cum
457 479 683 533 cepissent
702 492 881 522 cervum
901 481 1021 522 vasti
1043 480 1260 535 corporis,
1568 510 1571 512 -
1672 476 1709 520 ⁵

250 545 328 587 Sic
350 549 418 588 est
436 546 633 597 locutus»,
653 547 855 600 partibus
870 546 1019 599 factis,
1042 548 1163 590 Leo:

250 611 347 667 Ego
365 614 551 668 primam
571 614 695 665 tollo,
715 615 916 658 nominor
935 616 1042 671 quia
1061 615 1154 658 Leo
1170 629 1183 669 ς

249 712 395 756 tentiam.
443 723 544 756 Vacca
569 728 600 756 et
627 725 768 766 Capella,
789 729 820 757 et
837 725 915 758 ovis
930 727 1066 758 tolerans
1079 725 1282 766 injuriarum,
1307 725 1442 758 extitere
1453 724 1531 758 socii
1545 723 1660 776 Longis
1671 724 1717 768 ξπ,

249 766 358 807 sylvis.
405 767 485 799 Cum
510 767 544 798 1ιὶ
557 767 706 808 cepissent
721 778 843 800 cervum
857 770 985 800 immuni
1000 778 1139 810 corpore,
1161 768 1224 800 Leo
1247 769 1292 800 sic
1308 768 1407 806 dixit,
1421 766 1524 807 faceis
1655 808 1658 810 .
1713 798 1717 801 ,

251 809 324 850 Ego
336 819 422 841 sumo
434 809 514 841 mihi
524 810 661 851 primum
680 815 825 852 partem,
846 811 920 853 quia
935 821 1024 843 vocor
1039 813 1121 844 Leo:
1143 811 1315 843 concedetis
1334 810 1412 843 mihi
1427 815 1464 844 et
1477 810 1621 852 «Herm,
1635 810 1710 854 qnia
1742 838 1746 841 ,

861 888 921 900 ΝΟ

250 945 315 974 -4
338 943 436 976 Socii.
460 943 624 976 Heinsius
634 944 743 986 legit:
767 945 887 978 sociati
899 946 974 984 iere,
999 946 1066 988 vel,
1086 946 1190 984 ἥττω
1211 945 1299 978 citra
1313 945 1568 978 necessitatem.
1581 943 1718 987 Bm(

250 984 314 1017 tini
334 985 604 1028 interpungunt:
629 987 716 1020 Socii
728 988 825 1026 suere
847 999 918 1021 cum
941 990 1037 1022 leone.
1078 989 1122 1021 ,In
1135 989 1266 1021 nauibus
1281 988 1331 1020 Hi
1341 998 1412 1020 cum
1425 987 1576 1030 πρίασθαι
1590 996 1720 1023 ont-55⁸!

248 1027 410 1061 Vincent.
425 1029 558 1062 Bellov.
573 1029 707 1069 fuerunt
721 1031 822 1063 socioe
837 1031 932 1063 simul
941 1042 1012 1064 cum
1025 1033 1123 1065 leone.
1159 1031 1207 1064 At
1222 1031 1256 1063 in
1272 1031 1542 1074 Romulo,quem
1558 1030 1719 1074 «ξηρὴ»,

248 1070 308 1112 sit,
319 1075 372 1104 est
384 1073 536 1105 socia—5
560 1073 620 1105 Hi.
647 1074 841 1106 Meursius:
867 1074 934 1111 Qui
958 1085 1028 1107 cum
1049 1075 1212 1116 cepissent,
1230 1075 1297 1114 vel,
1317 1073 1407 1110 Ibic.
1422 1084 1449 1106 c.
1495 1071 1711 1115 conjiciebat

248 1122 384 1156 quoque
413 1115 480 1146 Hic
504 1125 585 1156 cum,
606 1120 644 1148 ut
668 1116 735 1148 Hie
760 1115 929 1148 referatur
950 1116 995 1149 ad
1020 1118 1031 1136 ⁴
1044 1117 1184 1149 saltibus
1199 1117 1220 1156 ;'
1241 1117 1331 1159 quod
1347 1121 1490 1159 propter
1503 1116 1717 1157 asperim-eu

246 1155 343 1188 illam
379 1157 488 1190 literae
520 1168 537 1190 c
569 1159 833 1197 geminationem
855 1169 922 1192 non
949 1160 1101 1192 admittit
1124 1160 1353 1199 Burmannus,
1383 1159 1451 1192 nisi
1482 1159 1616 1201 legatur
1641 1159 1711 1192 Hic

249 1209 352 1240 quum.
399 1199 463 1235 Qui
477 1210 546 1233 cum
559 1210 627 1233 non
643 1201 816 1243 displicet,
830 1206 867 1234 et
882 1207 935 1234 est
951 1203 1153 1244 elegantius.
1195 1202 1265 1235 Sed
1276 1203 1311 1234 in
1326 1203 1414 1235 Mss.
1432 1203 1526 1235 Rem.
1540 1202 1710 1235 Pitanae

247 1250 318 1274 non
332 1241 446 1275 Anon.
478 1244 548 1276 Nil.
572 1249 608 1276 et
632 1245 695 1276 Ed.
712 1249 780 1277 vet.
796 1250 850 1277 est
875 1245 925 1277 Hi
938 1256 1020 1278 cum.
1066 1245 1126 1278 Nil
1149 1245 1256 1287 igitur
1270 1248 1440 1278 mutan—7
1469 1244 1710 1287 Nonium-da

248 1283 323 1318 Leo.
344 1285 389 1317 In
402 1285 480 1328 hac,
499 1296 574 1328 quae
591 1287 763 1329 vulgatior
786 1292 848 1328 est,
872 1288 1032 1329 lectione,
1054 1288 1172 1320 ultima
1195 1288 1287 1321 vocis
1308 1287 1382 1329 quia
1396 1286 1710 1330 producenda-est:

249 1337 316 1370 quo
333 1326 453 1361 offensi
468 1329 618 1361 editores
633 1340 695 1372 pro
716 1340 777 1363 suo
794 1331 939 1374 quisque
954 1331 1089 1372 ingenio
1104 1331 1314 1372 conjecturis
1328 1331 1519 1372 indulgent.
1563 1325 1711 1374 Gudinp,

249 1369 367 1403 invitis
390 1371 501 1404 Codd.
525 1373 611 1405 Mss.
633 1374 775 1405 nominor
789 1373 863 1414 quia
879 1375 1003 1412 Crem,-
1025 1374 1092 1414 vel,
1106 1375 1180 1415 quia
1193 1383 1252 1406 rex
1261 1373 1321 1405 leo.
1365 1373 1454 1406 Sane
1468 1372 1572 1405 docta
1581 1376 1620 1405 et
1630 1381 1710 1415 spe·

248 1413 342 1445 ciosa
357 1417 449 1454 suut,
476 1423 553 1456 quae
569 1414 705 1457 profert
719 1414 851 1449 Gudius
867 1417 910 1448 ad
923 1416 1167 1449 adstruendam
1179 1415 1623 1457 emendationem,-mminoe
1682 1415 1690 1423 “

251 1455 367 1496 Creon,
389 1467 466 1498 quae
493 1458 622 1498 placuit
645 1458 881 1491 Broukhousio
906 1463 942 1492 et
959 1460 1228 1500 Hoogstratano,
1250 1459 1308 1501 qui
1323 1459 1456 1500 recepit
1470 1458 1507 1491 in
1520 1458 1614 1492 Edit.

247 1498 326 1531 stel.
343 1502 440 1531 1711.
458 1503 510 1532 12.
521 1510 658 1533 excusa.
702 1501 770 1533 Sed
781 1502 996 1534 Burmannus
1008 1502 1168 1535 observat
1182 1503 1275 1534 haec:
1299 1503 1309 1520 ‘
1328 1502 1430 1534 Creon
1442 1501 1471 1533 si
1485 1501 1718 1545 idemnotare

249 1541 370 1583 possit,
386 1547 425 1574 ut
439 1543 513 1574 vult
534 1542 678 1584 Gudius,
695 1544 785 1586 quod
801 1545 884 1585 Rex,
906 1545 1037 1586 pariter
1050 1543 1176 1586 frigida
1191 1549 1229 1577 et
1239 1543 1402 1586 languida
1417 1547 1504 1576 esset
1523 1543 1623 1585 ratio,
1633 1543 1707 1576 sive

249 1584 356 1625 dicas,
371 1585 513 1617 nominor
526 1586 599 1627 quia
614 1586 689 1626 Leo,
711 1587 782 1619 sive
800 1587 909 1619 Creon.
953 1587 990 1619 Si
1005 1597 1086 1620 vero
1107 1587 1237 1629 proprii
1251 1587 1394 1619 nominis
1409 1587 1520 1619 vicem
1531 1585 1710 1628 fungatur,

247 1627 397 1659 insolens
412 1633 523 1669 certe,
538 1638 661 1661 nomeu
675 1629 818 1662 hominis
834 1629 986 1662 tribuere
1003 1630 1153 1668 animali,
1176 1630 1335 1672 ideoque,
1359 1634 1398 1662 ut
1415 1630 1517 1662 Creon
1532 1630 1582 1662 sic
1595 1629 1710 1662 dietus

246 1668 354 1702 fuerit
367 1670 525 1703 absolute
541 1675 621 1713 post
637 1681 779 1714 regnum
794 1676 988 1715 acceptum,
1002 1673 1086 1705 licet
1100 1678 1202 1705 antea
1216 1673 1375 1704 habuerit
1399 1671 1492 1704 aliud
1512 1671 1710 1712 nomen,ita

248 1722 385 1756 quoque
401 1714 534 1745 Leones
550 1714 634 1756 (non
648 1715 752 1756 bunc,
766 1714 942 1755 velillum,
966 1715 1027 1748 sed
1052 1725 1151 1748 omne
1174 1725 1280 1756 genus
1300 1714 1470 1757 Leonum)
1487 1714 1636 1747 Creonte·
1649 1723 1708 1747 vo-

248 1764 339 1788 care.
383 1756 490 1798 Cujus
504 1757 554 1788 rei
569 1766 611 1788 au
625 1758 819 1799 exemplum
836 1758 916 1790 alibi
928 1762 1038 1798 extet,
1054 1758 1274 1790 vehementer
1295 1757 1425 1790 dubito.
1470 1757 1561 1791 Nam
1587 1756 1708 1790 eodem

241 1796 322 1839 jure
339 1803 422 1830 tunc
438 1799 576 1840 vulpem
591 1799 714 1831 liceret
732 1800 858 1832 Ulixem
874 1800 1037 1842 (aquilam
1053 1810 1133 1831 vero
1157 1801 1306 1832 Creusam
1328 1810 1359 1832 v.
1385 1799 1576 1832 Desbillon.
1601 1798 1709 1833 Praef.

247 1849 284 1882 p.
298 1839 419 1883 xxm.)
436 1841 580 1875 vocare.'
622 1843 739 1875 Docte
752 1846 788 1875 et
800 1843 939 1884 egregie
949 1843 1098 1874 rationes
1116 1842 1267 1882 singulas
1278 1842 1384 1874 Gudii
1401 1842 1552 1874 excussit
1567 1841 1709 1876 Wolflus

247 1883 292 1915 ad
303 1884 337 1916 h.
351 1884 374 1916 1.
389 1894 422 1924 p.
437 1887 490 1916 96.
506 1894 578 1927 sqq.
622 1885 846 1917 Heumannus
865 1886 1126 1927 transpositione
1143 1885 1256 1916 versui
1279 1885 1437 1916 subvenit
1451 1895 1460 1916 ι
1485 1885 1556 1925 Ego
1572 1885 1710 1926 prinam

246 1926 333 1965 tollo,
349 1927 421 1967 quia
435 1928 576 1959 nominor
587 1927 662 1960 Leo.
709 1927 790 1960 Vid.
807 1928 851 1961 N.
865 1928 906 1959 B.
924 1928 965 1960 P.
979 1936 1102 1960 xxvn.
1118 1937 1153 1969 p.
1169 1930 1243 1960 605.
1258 1927 1350 1969 quod
1365 1926 1477 1969 rejicit
1487 1927 1708 1970 Burm.quia,
1757 1966 1763 1971 ,

246 1967 276 1999 si
299 1969 420 2001 ultima
443 1970 478 2001 in
499 1970 570 2010 Ego
599 1970 822 2012 producatur,
844 1977 915 2003 tres
930 1971 1049 2011 primae
1066 1979 1168 2002 voces
1183 1970 1361 2002 absolvent
1380 1969 1485 2011 pedes
1506 1971 1556 2002 sin
1606 1971 1655 2002 los
1671 1974 1709 2003 et

247 2011 320 2043 sine
335 2012 405 2044 ulla
420 2022 553 2044 caesura
569 2022 701 2044 versum
716 2012 904 2045 inficetum.
949 2013 1088 2045 Deinde
1104 2013 1259 2044 meliores
1275 2012 1402 2054 poetae,
1419 2017 1458 2044 ut
1477 2017 1513 2044 et
1529 2012 1559 2044 P
1615 2012 1710 2055 drus,

246 2054 403 2086 ultimam
427 2055 464 2086 in
497 2055 565 2094 Ego
594 2055 845 2096 corripuerunt.
891 2055 1071 2088 Richterus
1094 2059 1130 2087 et
1152 2055 1301 2087 Harius:
1325 2054 1466 2096 quoniam
1486 2057 1626 2087 nominor
1646 2056 1707 2097 leo,

247 2097 340 2138 quod
357 2107 426 2138 prae,
452 2098 578 2130 ceteris
604 2098 736 2130 arridet
759 2098 979 2139 Heusingero
1002 2102 1039 2129 et
1067 2098 1119 2130 Cl.
1145 2097 1310 2138 Ouwens,
1328 2107 1405 2130 cum
1421 2097 1505 2129 nihil
1519 2097 1635 2130 notius
1651 2097 1710 2139 sit,
1766 2100 1771 2107 '

247 2149 350 2181 quam
366 2144 437 2172 tum
453 2139 615 2172 facillime
638 2150 752 2173 errare
772 2141 945 2181 librarios,
965 2140 994 2171 si
1016 2140 1152 2182 quando
1170 2140 1294 2172 similes
1308 2141 1342 2172 in
1359 2140 1549 2182 propinquo
1564 2139 1635 2173 sint
1649 2150 1708 2173 vo-

247 2190 315 2214 ces.
351 2183 542 2222 Bendeius,
568 2183 666 2225 cujus
691 2184 795 2215 Notae
820 2184 854 2215 in
880 2183 1064 2215 Phaedrum
1091 2183 1223 2216 criticae
1247 2183 1367 2215 mirum
1385 2183 1420 2215 in
1435 2182 1572 2215 modum
1587 2182 1709 2225 displi-

247 2228 329 2256 cent
344 2226 455 2256 eidem
471 2226 554 2257 Viro
569 2226 684 2266 docto,
699 2225 825 2257 edidit:
849 2226 971 2257 nomine
995 2226 1061 2265 hoc,
1084 2226 1160 2267 quia
1182 2235 1251 2258 sum
1274 2227 1332 2266 leo,
1356 2226 1477 2258 scabra
1505 2225 1645 2258 elisione
1669 2230 1708 2259 et

247 2276 345 2307 sono,
366 2268 547 2308 judicante
571 2269 778 2308 Burmanno,
802 2272 837 2300 et
865 2268 1004 2300 intrusis
1035 2268 1167 2300 duabus
1195 2268 1336 2300 voculis.
1381 2268 1461 2309 Ipse
1490 2268 1706 2301 Burmannus

246 2310 387 2341 mallet:
422 2311 491 2349 Ego
512 2311 649 2351 primam
673 2311 747 2342 tollo
764 2313 898 2352 partem,
914 2311 989 2352 quia
1003 2310 1145 2342 dominor
1158 2311 1227 2348 leo,·
1249 2320 1350 2351 quam
1366 2310 1600 2351 conjecturam
1614 2311 1706 2343 illue-

246 2355 317 2384 trat
332 2353 553 2391 doctissime-3
582 2354 687 2384 nihilo
712 2363 795 2384 vero
822 2352 932 2384 secius
957 2353 1106 2394 vulgatae
1133 2353 1328 2394 acquiescit.
1371 2351 1420 2384 At
1443 2361 1524 2385 vero
1543 2352 1707 2395 displicet

244 2394 434 2427 Santoroco
451 2396 556 2427 lectio
576 2397 772 2433 Burmanni,
794 2395 874 2436 quia
895 2395 944 2427 sic
968 2395 1002 2426 in
1029 2400 1150 2436 quarta
1176 2400 1209 2425 et
1236 2395 1354 2436 quinta
1380 2395 1519 2436 regione
1533 2395 1705 2437 Dactylua

246 2441 283 2469 et
302 2437 506 2479 Anapaestus
536 2438 679 2470 invicem
695 2448 729 2469 se
745 2439 970 2479 exciperent3
996 2437 1086 2479 quod
1101 2441 1309 2479 repugnaret
1336 2442 1446 2470 metro
1474 2437 1706 2472 senariorum.

246 2479 340 2512 Hinc
355 2481 475 2513 mallet
494 2480 530 2512 in
570 2485 670 2513 uarta
684 2481 822 2521 regione
845 2479 1032 2521 spondeum
1055 2490 1185 2521 ponere
1206 2481 1282 2512 loco
1297 2479 1441 2521 dactyli,
1456 2480 1506 2513 ita
1520 2484 1559 2514 ut
1571 2481 1644 2523 quia
1658 2481 1706 2514 sit

246 2523 530 2565 monosyllabum,
547 2491 618 2556 ⁴inec
638 2523 759 2555 modo:
786 2523 856 2563 Ego
877 2524 923 2554 tol
940 2523 946 2565 Ι
965 2524 996 2554 lo
1004 2522 1057 2563 pri
1076 2522 1082 2565 Ι
1101 2533 1183 2555 mam
1195 2532 1256 2564 par
1273 2522 1280 2566 Ι
1298 2526 1373 2565 tem,
1402 2521 1477 2566 quia
1496 2522 1503 2566 Ι
1520 2524 1661 2556 dominor
1678 2522 1686 2567 Ι

906 2619 936 2651 N
944 2618 1047 2651 OTAE

254 2727 255 2730 ,
290 2691 346 2725 Ad
360 2693 448 2726 hanc
470 2693 623 2726 fabulam
647 2694 799 2736 pertinet
824 2697 861 2726 et
884 2693 949 2726 alia
1001 2703 1137 2735 semper
1163 2697 1217 2727 est
1242 2693 1398 2727 vicinitas
1418 2693 1570 2727 Vitanda
1594 2693 1706 2726 tenuia

246 2742 291 2774 de
317 2743 385 2774 olla
415 2754 511 2776 aenea
541 2750 578 2776 et
602 2744 713 2785 fictili,
739 2754 781 2776 ex
806 2753 872 2786 qua
898 2745 948 2776 sic
1001 2745 1139 2778 oribus:

246 2793 412 2829 conclusit
454 2794 627 2829 Facu-nus:
677 2796 688 2814 ⁴
709 2795 947 2828 Potentiorum
