1806 3236
265 240 323 283 50
548 249 749 282 ramum
784 248 1098 282 naumann
1129 244 1430 282 asomAuuM

830 574 1043 617 FABULA
1090 576 1160 615 IV.
1228 600 1230 602 v

350 771 542 817 oANIS
576 772 706 818 PER
735 773 1036 819 FLUVIUM
1066 771 1340 818 CARNEM
1370 761 1638 820 FERENS'.
1705 834 1713 841 ,

262 967 488 1016 'Amr'rrr
508 971 667 1015 merito
685 971 932 1026 proprium,
953 971 1031 1028 qui
1051 971 1247 1016 alienum
1267 971 1453 1028 appetit.

322 1038 460 1081 Canis
480 1052 557 1094 per
576 1040 758 1090 flumen,
779 1051 957 1081 carnem
977 1039 1083 1081 dum
1101 1040 1244 1091 ferret,
1262 1042 1441 1091 natans,

262 1105 562 1162 Lympharum
581 1107 627 1147 in
647 1109 829 1162 speculo
849 1107 961 1152 vidit
978 1108 1262 1151 simulacrum
1283 1121 1437 1151 suum:

262 1172 503 1229 Aliamque
520 1174 719 1230 praedam
741 1176 798 1217 ab
816 1175 908 1218 alio
924 1175 1028 1218 ferri
1047 1180 1225 1232 putans,

258 1238 447 1298 ‘Eripere
462 1242 627 1285 voluit:
658 1256 811 1287 verum
828 1244 1019 1299 decepta
1039 1245 1242 1296 aviditas,
1697 1242 1729 1284 5

264 1307 337 1360 Et,
358 1322 490 1364 quem
510 1310 696 1352 tenebat
716 1324 805 1364 ore,
825 1311 995 1355 dimisit
1015 1312 1181 1364 cibum,

306 1452 375 1489 Qui
400 1451 588 1495 concupiscit
616 1452 764 1502 alienum,
793 1453 935 1502 deperdit
951 1452 1029 1493 jure
1051 1463 1152 1486 auum.
1197 1452 1400 1489 Intercatiam
1430 1445 1730 1536 cuidant-bstou*

261 1505 383 1527 amnem
394 1499 534 1536 gestaret
557 1496 788 1537 curnem,vtdit
813 1505 848 1527 m
872 1497 994 1536 speculo
1007 1506 1157 1538 aqnmmm
1184 1506 1274 1529 auam
1292 1496 1472 1539 imaginem,
1488 1499 1630 1538 etjam
1663 1505 1730 1536 em

261 1539 355 1570 aliam
382 1540 524 1580 proedam
546 1538 586 1570 ab
610 1539 674 1570 alio
699 1548 797 1581 cane,
822 1539 919 1571 voluit
944 1538 1012 1580 ipsi
1036 1538 1182 1578 auferre.-
1214 1540 1269 1572 sed
1289 1538 1446 1575 voracitas
1465 1537 1535 1573 fuit
1551 1538 1728 1579 mn»

303 1707 325 1737 2
348 1705 446 1737 Dum.
482 1703 648 1736 Scheffer.
676 1708 774 1737 recte
800 1705 955 1748 conjicit,
978 1716 1060 1746 cum,
1084 1705 1175 1748 quod
1198 1705 1305 1738 habet
1319 1704 1534 1748 Anonymus,
1557 1709 1593 1739 et
1612 1705 1730 1748 placet

260 1747 460 1779 Burmanno
473 1758 482 1786 3
505 1746 649 1788 praefert
671 1748 775 1779 etiam
791 1748 827 1780 in
837 1749 902 1781 hoe
917 1758 1007 1791 nexu
1024 1749 1076 1782 cl.
1090 1748 1330 1781 Tzschuckius.
1373 1749 1454 1781 vid.
1465 1749 1508 1781 V.
1517 1749 1558 1782 L.
1571 1748 1616 1783 nd
1628 1748 1688 1782 lib.
1702 1758 1730 1783 1.

260 1788 334 1822 fab.
347 1793 398 1822 15.
409 1793 461 1821 10.
473 1794 509 1822 et
519 1790 592 1822 adl.
606 1799 662 1822 ιιι.
675 1789 746 1823 fab.
757 1794 798 1823 10
808 1793 935 1823 .13.—3
949 1791 1173 1833 Lympharum.
1184 1790 1298 1829 Anon.
1309 1790 1382 1823 Nil.
1399 1791 1614 1833 Nympharum
1622 1801 1729 1834 apecu-

261 1833 303 1873 1⁰,
313 1833 436 1865 omisso
447 1833 482 1865 in
493 1844 506 1871 ,·
522 1834 776 1873 permutatione
793 1834 1000 1866 solenni.—4
1023 1833 1114 1867 Quia
1127 1834 1163 1865 iu
1177 1835 1242 1866 hoe
1253 1843 1354 1865 versu
1366 1834 1499 1875 syllaba
1508 1833 1638 1876 deficit,
1651 1844 1729 1868 vet·

261 1875 347 1908 sioni
361 1876 532 1907 laboranti
544 1876 743 1917 conjectura
754 1877 840 1908 alius
855 1877 920 1909 alia
930 1876 1103 1909 subvenit.
1117 1876 1255 1909 Marcii.
1269 1876 1312 1908 ad
1329 1876 1416 1908 Hor.
1430 1876 1495 1918 Ep.
1510 1886 1537 1909 1.
1552 1879 1587 1909 3.
1602 1886 1639 1919 p.
1652 1879 1730 1911 11⁹.

260 1917 379 1958 deferri
391 1922 530 1959 pamm,-
551 1919 601 1949 ita
625 1918 736 1951 edidit
763 1919 958 1960 Philippus.
1002 1919 1172 1959 Danetus,
1197 1923 1336 1951 secutus
1357 1918 1555 1952 Editionem
1569 1919 1730 1964 Mem-sii,

257 1961 394 2003 perferri
406 1965 531 2002 putans.
573 1961 630 1997 Sic
646 1966 683 1993 et
698 1962 813 1994 Ursin.
832 1966 869 1994 et
883 1961 1100 2002 Laurentius,
1124 1972 1189 1994 nec
1204 1971 1272 1993 non
1289 1961 1412 1994 Didot.
1433 1961 1468 1993 in
1490 1961 1582 1995 Edit.
1597 1962 1728 1997 stereo-

262 2008 360 2045 typa.
405 2004 597 2043 Remmius,
621 2004 787 2045 Aliamque
800 2006 939 2046 proedam
961 2004 1000 2036 ab
1021 2005 1084 2036 alio
1102 2004 1271 2042 caueferri
1282 2007 1410 2046 putans,
1425 2004 1593 2046 probante
1605 2004 1729 2040 Han-io.

262 2046 538 2088 Cuninghamns:
561 2046 727 2088 Aliamque
736 2049 881 2089 praedam
891 2047 930 2079 ab
939 2049 1038 2079 altero
1044 2046 1131 2086 ferri
1141 2049 1256 2088 putans
1263 2057 1276 2085 ‚·
1294 2047 1350 2080 cui
1361 2046 1516 2088 lectioni,
1527 2057 1606 2090 quae
1619 2046 1730 2090 recipi

262 2096 393 2131 posset,
415 2094 451 2120 et
476 2099 552 2132 quae
574 2090 692 2130 placet
719 2090 895 2131 Philippo,
910 2090 944 2122 in
959 2090 1042 2122 Del.
1057 2091 1140 2123 Var.
1154 2090 1268 2123 Lectt.
1281 2100 1317 2132 p.
1331 2093 1386 2123 37.
1401 2089 1496 2123 favet
1515 2089 1730 2134 Anonymns,
1763 2106 1768 2113 ·

262 2132 353 2173 apud
381 2142 480 2174 quem
507 2133 655 2173 legitur:
684 2132 884 2174 Alter-amque
910 2134 1053 2173 proedam
1066 2133 1106 2165 ab
1120 2133 1219 2164 altero
1225 2131 1312 2172 ferri
1323 2136 1440 2173 putam
1446 2143 1461 2171 ;
1485 2142 1551 2165 nec
1566 2132 1729 2176 displicet

261 2175 483 2207 Tzschuckio.
528 2175 708 2206 Heinsius:
724 2175 767 2208 A.
782 2186 814 2216 ρ.
831 2186 861 2207 a.
878 2176 941 2207 alio
954 2185 987 2207 se
994 2175 1025 2214 f.
1036 2187 1073 2218 p.
1087 2175 1124 2207 id
1138 2180 1204 2214 est,
1221 2175 1263 2207 ab
1273 2176 1340 2207 alio
1355 2185 1396 2207 ac
1410 2176 1486 2217 ipse
1499 2180 1595 2215 erat;
1616 2176 1672 2208 vel
1683 2175 1728 2208 ab

263 2217 331 2250 alio
358 2227 397 2248 ac
425 2227 462 2248 se
477 2228 486 2256 ;
510 2217 643 2249 Gudius
667 2216 777 2258 offerri
787 2229 800 2255 ,·
835 2218 1010 2259 Bipontini
1049 2228 1127 2250 cum
1159 2218 1332 2258 Marcilio,
1361 2217 1481 2257 dasem-i
1507 2221 1631 2259 putans.
1673 2218 1728 2252 Cl.

263 2259 532 2298 Schulzeferrier
546 2263 667 2300 putans.
714 2260 857 2292 Plurimi
872 2261 1074 2301 confugiunt
1097 2261 1140 2292 ad
1168 2270 1200 2292 m
1220 2270 1289 2292 non
1313 2261 1521 2300 elidendum,
1537 2265 1576 2293 ut
1590 2261 1727 2294 Wasius

263 2302 299 2333 in
329 2302 450 2334 Senar.
474 2312 508 2343 p.
523 2305 577 2334 68.
607 2303 729 2334 Barth.
753 2302 844 2334 Adv.
873 2303 930 2335 lib.
953 2311 1067 2336 xzvn.
1083 2313 1112 2335 c.
1130 2306 1182 2334 10.
1207 2303 1397 2335 Burmann.
1423 2303 1726 2342 Desbillouius‚a'l.

263 2346 351 2379 Quae
367 2345 468 2376 litera
483 2345 564 2386 quia
585 2345 708 2386 saepius
725 2355 745 2375 a
760 2345 908 2377 Phaedro
934 2346 1074 2387 aliisque
1097 2345 1209 2386 poetis
1225 2354 1292 2377 non
1300 2344 1459 2385 eliditur,
1481 2350 1579 2377 recte
1600 2345 1727 2378 retine-

263 2391 321 2419 tur
336 2388 524 2427 vulgatum.
561 2385 617 2419 Cf.
647 2387 833 2420 Burmann.
876 2388 1018 2420 Bothius
1045 2387 1163 2419 malit:
1185 2387 1352 2428 Aliamque
1362 2389 1501 2428 proedam
1525 2388 1565 2419 ab
1583 2388 1646 2420 alio
1668 2398 1727 2430 quo

255 2429 343 2470 ferri
368 2431 559 2471 putarim—6
581 2429 728 2461 Dimisit.
762 2430 819 2461 Sic
846 2431 931 2463 Mss.
953 2429 1047 2462 Pith.
1070 2430 1166 2462 Rem.
1196 2429 1306 2462 Anon.
1331 2430 1479 2462 Nilantii
1505 2435 1542 2462 et
1563 2431 1727 2463 Romulus

265 2473 359 2505 Ulm.
405 2472 460 2503 Sic
477 2471 585 2504 Editt.
601 2472 696 2504 Vett.
712 2472 840 2504 Merito
857 2473 962 2514 igitur
980 2472 1128 2514 reposui.
1171 2472 1314 2504 Habent
1333 2472 1439 2505 etiam
1468 2473 1577 2506 Editt.
1605 2474 1722 2508 Benu.

264 2515 416 2548 Brotier.
431 2515 647 2557 Bipontinor.
663 2514 880 2547 Desbillonii.
917 2516 1133 2547 Burmannus
1145 2519 1225 2557 post
1235 2515 1352 2548 Ursin.
1368 2521 1404 2548 et
1414 2515 1577 2550 Scheffer.
1587 2517 1728 2557 demisit,

924 2658 1065 2692 NOTAE

306 2758 328 2787 4
349 2741 725 2797 Aliamque'proedamab
739 2754 818 2796 alio]
851 2755 970 2788 Litera
1022 2764 1111 2787 rum.
1169 2755 1227 2787 Ita
1256 2756 1392 2788 Lucret.
1424 2756 1435 2773 ⁴
1451 2754 1590 2787 Semina
1618 2763 1726 2798 seque

264 2814 297 2838 nn
321 2814 389 2838 non
404 2805 541 2839 eliditur
562 2806 627 2839 hoc
648 2807 739 2849 loco,
761 2815 856 2840 more
878 2810 971 2839 vete·
1022 2805 1123 2839 simul
1139 2815 1216 2838 cum
1231 2815 1272 2839 eo
1287 2805 1500 2839 commiscuit
1514 2803 1624 2848 ignis!
