1806 3236
646 269 798 300 LIBER
830 268 882 300 11.
915 269 1024 301 ΕΑΒ.
1054 259 1095 301 5.
1121 283 1124 289 .
1525 234 1609 301 117*

133 365 250 419 Quae
270 368 416 409 moute
434 378 608 409 summo
627 365 777 422 posita
791 365 972 409 Luculli
991 366 1143 417 manu,

133 434 399 490 Prospectat
418 433 636 486 Siculum,
657 437 703 477 et
721 433 916 490 despicit
932 434 1133 478 Tuscum
1153 438 1301 488 mare3

131 501 206 546 Ex
224 503 461 547 alticinctis
475 516 591 547 uuus
613 502 913 556 Attiensibus,

1494 394 1497 398 i
1542 412 1610 479 10

130 634 353 679 Misenensem,
374 647 456 679 Μ,
472 638 632 682 edificata
653 649 674 671 u
688 639 818 672 Litcullo
842 639 877 672 in
888 639 1006 672 vertice
1020 638 1149 680 montis,
1170 640 1291 681 spectat
1313 646 1407 670 mare
1423 636 1564 669 Siculum
1578 639 1609 669 et

127 679 244 722 aspicit
255 690 343 714 mure
368 681 515 726 Tuscum,
530 691 610 716 unns
623 693 802 717 servorum
815 683 1004 717 atriensium
1020 683 1118 716 aleius
1136 684 1322 724 cincturam,
1337 680 1425 722 cnjus
1440 681 1535 713 vestis
1549 681 1611 713 col-

748 777 967 792 oeeuoeoeaee
971 778 989 792 O

129 841 319 884 primas-o
340 843 477 877 Luculli.
510 844 579 878 Ms.
602 845 721 879 Lucili.
755 845 938 880 Gud.-1o
960 846 1329 889 Prospectat-..despicit.
1372 845 1460 878 Sunt
1483 843 1541 887 qui
1566 843 1610 876 de

128 885 244 919 fronte
259 891 298 918 et
313 890 415 930 tergo
431 888 619 922 Phaedrum
634 890 845 932 intelligant,
859 894 897 922 et
909 890 1040 932 respicit
1056 889 1260 933 praeferant,
1285 893 1324 922 ut
1339 888 1517 930 Heinsius,
1530 888 1611 920 Tol-

127 929 204 972 lius,
218 929 429 965 Gronovius.
474 932 562 966 Quae
578 933 696 975 rejicit
720 934 952 976 Burmannus,
973 934 1032 977 qui
1057 934 1200 967 lectioni
1216 933 1420 976 obsequitur
1434 932 1586 974 vulgatoe
1599 942 1610 964 :

127 973 319 1016 Prospectat
330 974 472 1008 Siculum
493 979 525 1009 et
534 977 689 1019 prospicit
704 977 742 1009 Τ.
757 987 799 1010 m.
843 977 932 1010 Cum
956 978 991 1010 in
1017 977 1115 1010 libris
1130 978 1268 1019 scriptis
1284 977 1330 1010 sit
1356 976 1523 1019 perspicit,
1543 975 1609 1007 hoc

127 1021 240 1050 mutat
254 1018 373 1051 Bentl.
396 1019 431 1051 in
445 1020 591 1062 despicit.
637 1020 740 1055 Quod
763 1021 841 1063 jam
856 1020 939 1053 olim
957 1020 1168 1063 conjiciebat
1189 1021 1350 1062 Gnyetus
1371 1020 1455 1062 (qui.
1476 1023 1514 1052 et
1539 1018 1610 1060 legi

127 1070 232 1102 posse
246 1061 397 1103 putabat
406 1062 599 1106 proeepicit),
620 1068 658 1096 et
680 1063 837 1107 probant,
856 1064 1028 1107 Cnningh.
1043 1069 1081 1097 et
1096 1065 1199 1098 Both.
1226 1065 1344 1106 [Legit
1367 1059 1498 1096 Anton.
1522 1063 1607 1095 Pro-

125 1107 245 1147 spectat
267 1104 348 1147 Sic„
365 1106 521 1148 perspicit
544 1107 582 1140 Τ.
607 1107 669 1150 πω]
713 1108 792 1142 Jac.
809 1107 1007 1141 Gronovius
1021 1108 1172 1150 perspicit
1188 1107 1346 1150 praefert,
1370 1107 1433 1147 ita,
1460 1110 1500 1139 ut
1527 1106 1608 1138 Pro-

124 1151 246 1190 spectat
260 1147 306 1182 de
321 1148 395 1182 visu
412 1159 434 1182 e
447 1150 647 1194 longinquo,
673 1151 736 1184 sed
748 1151 903 1194 perspicit
918 1151 963 1185 de
976 1151 1053 1184 visu
1068 1162 1087 1184 e
1103 1152 1299 1195 propinquo
1314 1151 1501 1193 intelligat.
1525 1149 1611 1191 Ipse

126 1195 245 1225 tamen
259 1191 328 1225 sibi
342 1191 483 1236 diffidit,
497 1204 575 1228 cum
587 1198 789 1237 prospectare
804 1195 908 1228 etiam
926 1195 1123 1239 propinqua
1139 1200 1175 1228 et
1190 1195 1304 1229 vicina
1319 1199 1483 1238 spectare
1498 1192 1610 1226 fatea-

126 1239 195 1268 tur.
239 1235 314 1269 Cui>
327 1237 474 1270 assentit
503 1238 556 1272 ct.
584 1239 764 1272 Schirach.
810 1239 864 1279 De
889 1239 1039 1272 lectione
1068 1239 1221 1282 perspicit
1251 1238 1320 1271 vid.
1343 1238 1424 1272 Jac.
1452 1237 1610 1271 Gronov.

125 1278 327 1313 Emendatt.
340 1279 376 1313 iu
391 1280 532 1316 Phaedr.
549 1292 581 1324 p.
595 1285 672 1315 144.
684 1292 736 1326 sq.
751 1282 830 1316 coll.
847 1282 932 1316 Not.
946 1283 1149 1325 Burmanni,
1165 1282 1223 1316 cui
1239 1286 1355 1315 tamen
1371 1280 1611 1319 accedendum

124 1332 193 1356 nou
219 1326 280 1356 est‘
296 1322 496 1369 affirmanti,
520 1325 635 1359 villam
654 1326 774 1361 Siculo
790 1326 878 1363 mari
894 1326 1178 1370 propinquiorem
1201 1325 1322 1368 fuisse,
1347 1335 1450 1367 quam
1472 1325 1609 1365 Tusco;

124 1366 230 1400 immo
245 1377 329 1400 vero
344 1367 460 1403 Tusco
474 1369 702 1413 propinquior
727 1368 836 1403 fuisse
858 1370 1013 1412 putanda
1036 1374 1101 1403 est.
1147 1371 1228 1405 Chr.
1245 1369 1387 1403 Crusius
1411 1368 1521 1411 legit:
1546 1368 1611 1400 Re-

123 1413 246 1455 spectat
259 1410 404 1444 Siculum
417 1415 450 1445 ct
469 1413 631 1456 prospicit,
643 1414 777 1447 Ίὶιεοιιηι
1548 1455 1554 1463 ο
1583 1455 1591 1462 ·

123 1458 360 1540 ἲζὶὲἔέἕξ
379 1455 610 1542 ²«u⁵‘⁸2⁶“2'2·⁸..’2'1“.·2'f
611 1457 1062 1542 '5¹§ainfl‘333332”}2v{¹2'22
1072 1458 1410 1535 2¹2¹÷¹2¹3¹1¹53323¹325
1412 1466 1504 1533 εἷ’
1515 1455 1611 1550 ἒρζἱῐ

123 1541 248 1576 Senec.
262 1542 295 1576 E
321 1565 330 1575 .
345 1545 402 1576 92.
418 1547 507 1577 extr.
522 1545 638 1578 Gloss.
651 1545 822 1587 Stephani
833 1547 844 1565 ‘
860 1544 1095 1586 &vem-anninus
1107 1546 1291 1578 alticinctus
1299 1547 1322 1584 ,·’
1338 1549 1375 1577 at
1389 1554 1474 1576 vero
1485 1543 1611 1576 Heius.

126 1584 172 1617 ad
185 1585 277 1618 hunc
346 1585 432 1619 andri
448 1588 560 1621 locum
577 1588 723 1630 conjicit
737 1589 927 1631 oltecinctis,
954 1589 1045 1631 quod
1063 1590 1180 1631 placet
1194 1588 1407 1628 Schirachio,
1431 1589 1453 1620 1.
1467 1597 1498 1620 c.
1518 1586 1562 1618 P.
1581 1585 1609 1619 ι.

123 1637 158 1671 p.
175 1630 229 1663 2⁴1.
273 1629 316 1662 In
344 1630 414 1664 Ms.
441 1630 548 1664 Gudii
572 1637 662 1674 erat,
689 1633 751 1665 alti
772 1632 904 1666 cinctus.
947 1633 1029 1666 vid.
1045 1633 1183 1667 Ferrar.
1205 1633 1251 1666 de
1275 1642 1313 1666 re
1327 1633 1427 1665 Vest.
1442 1640 1502 1664 m.
1516 1633 1548 1664 7.
1571 1633 1610 1663 et

802 1423 901 1448 mare.
947 1414 1112 1448 Graevius
1129 1414 1292 1457 conjicit:
1319 1412 1486 1455 Prospicit
1510 1411 1614 1454 infer:

791 1743 940 1778 NOTAE

123 1814 205 1849 dam
226 1815 408 1852 dominus!
452 1818 518 1852 Est
544 1824 662 1853 autem
686 1820 836 1853 vicinum

122 1866 210 1901 illud
235 1867 517 1904 Promontorium
543 1872 668 1912 monti,
696 1873 836 1905 Miseno

122 1915 233 1962 dicto,
258 1916 430 1954 aMiseuo
456 1922 551 1955 socio
575 1922 696 1956 AEneae
721 1922 767 1956 ibi
785 1932 837 1955 se-

122 1969 235 2013 pulto'.
294 1970 351 2005 De
379 1969 450 2015 quo
479 1973 606 2016 virgil.
637 1974 770 2007 AEneid.
786 1984 837 2007 v1.

123 2022 134 2070 ξ
151 2022 277 2056 Monte
290 2023 354 2056 sub
376 2023 472 2058 aerio
493 2025 554 2068 qui
569 2035 662 2058 nunc
676 2025 836 2059 Misenus

122 2073 429 2109 abilloDicit'ur?
475 2100 479 2103 -

165 2127 189 2158 9
221 2124 350 2158 Luculli
375 2126 486 2169 monn]
531 2125 648 2161 Quam
674 2131 838 2169 posuerat

123 2175 303 2218 Lucullus,
314 2177 474 2220 Pompeii
486 2182 524 2210 et
536 2177 716 2210 Ciceronis
726 2187 839 2221 aequa-

119 2227 177 2270 lis,
206 2235 357 2261 summus
386 2233 425 2262 et
448 2227 742 2262 fortunatissimus
769 2230 838 2262 Ro·

121 2286 300 2313 manorum
315 2279 464 2323 legatus,
483 2279 542 2324 qui
558 2279 691 2313 duobus
708 2280 838 2324 praeliis

121 2329 206 2364 vicit
235 2330 494 2372 Mithridatem,
534 2335 572 2364 et
601 2331 676 2374 egit
703 2331 747 2364 de
777 2331 837 2364 illo

120 2381 242 2415 Romae
269 2381 493 2425 triumphum.
537 2382 669 2416 Postea
695 2383 838 2426 abjecta

121 2443 239 2467 rerum
254 2434 470 2478 publicarum
496 2444 580 2467 cura
607 2434 709 2477 genio
723 2435 837 2468 indul-

122 2485 183 2527 sit,
197 2489 236 2518 et
258 2485 372 2528 posuit
387 2485 538 2528 superba
553 2485 705 2525 Palatia,
729 2485 836 2519 aedes-

122 2537 190 2581 que
205 2536 420 2581 magnificas,
443 2538 537 2571 inter
559 2548 645 2582 quas
670 2537 738 2572 fuit
753 2539 838 2573 villa

121 2588 342 2622 Misenensis.
551 2599 562 2611 ‘

131 2665 134 2667 Α
166 2640 378 2686 lqfflcalum]
387 2641 617 2686 Subiutellige
626 2652 736 2685 mare,
746 2643 838 2687 quod

121 2702 142 2725 a
155 2693 272 2726 Sicilia
288 2693 428 2726 Cretam
442 2703 551 2736 usque
565 2694 730 2727 excurrit.

168 2743 322 2786 Tamum]
343 2744 457 2778 Mare.
504 2745 607 2779 Quod
635 2756 700 2778 non
727 2746 836 2779 solum

122 2795 339 2837 Hetrurium,
354 2795 416 2828 sed
428 2801 466 2829 et
476 2795 630 2836 Latium,
641 2802 678 2829 et
693 2807 836 2840 regnum

122 2846 397 2888 Neapolitanum
413 2856 520 2891 usque
545 2846 589 2881 ad
614 2848 759 2882 Fretum
782 2848 837 2883 Si-

123 2898 237 2930 culum
253 2897 364 2931 alluit.

934 1825 974 1854 11
1002 1823 1057 1854 Ex
1071 1820 1259 1863 alticinctis]
1276 1819 1501 1863 ‚Alticinctos
1524 1828 1613 1860 pue·

890 1883 946 1906 ros
963 1878 1068 1907 vocat
1082 1873 1250 1906 Horatius
1266 1881 1386 1905 servos
1400 1869 1607 1909 Nasidieni;

891 1925 928 1958 id
943 1929 1010 1968 est,
1022 1929 1181 1958 strenuos
1196 1929 1234 1958 et
1248 1923 1450 1965 industrios,
1467 1922 1533 1966 ‚qui
1549 1922 1609 1954 de-

891 1976 1028 2009 missam
1045 1981 1180 2010 vestem
1205 1985 1274 2009 non
1290 1975 1473 2019 gerebant,
1496 1984 1540 2007 ne
1557 1970 1611 2011 iu}

891 2032 946 2060 ter
960 2026 1133 2069 agendum
1149 2027 1411 2069 impedirentur.
1596 2061 1600 2068 ,

903 2104 905 2106 .
934 2077 1155 2119 Ati-iensibus]
1192 2078 1260 2112 Qui
1287 2076 1430 2110 stabant
1455 2077 1490 2109 in
1518 2076 1608 2110 atrio

892 2128 1026 2170 domus,
1053 2129 1228 2172 limenque
1250 2128 1505 2161 custodiebant.
1549 2127 1608 2161 Ab

892 2179 1060 2213 atriorum
1088 2181 1212 2222 tutela,
1234 2180 1394 2214 Varrone
1421 2183 1523 2221 teste,
1547 2189 1608 2211 no-

891 2241 974 2266 men
988 2232 1121 2266 liabent
1136 2232 1228 2265 servi
1239 2230 1433 2265 Atrienses.
1464 2231 1606 2263 Fulvius

891 2283 1039 2317 Ursinus
1053 2284 1252 2328 suspicatur
1279 2283 1417 2316 eosdem
1443 2293 1519 2316 esse
1547 2283 1607 2326 qui

890 2334 924 2368 in
941 2335 1227 2378 inscriptionibus
1243 2334 1420 2376 dicuntur,
1443 2335 1453 2354 ‘
1471 2334 1570 2380 Servi
1586 2344 1608 2367 a

890 2386 1100 2430 supellectili
1112 2386 1134 2420 :’
1157 2387 1239 2431 quia
1250 2396 1374 2429 nempe
1389 2386 1609 2419 servaverint

888 2438 1143 2482 supellectilem
1157 2438 1385 2480 convivalem,
1398 2443 1608 2480 veteresque

890 2489 1102 2524 coenitarent
1124 2491 1158 2523 in
1184 2490 1287 2531 atrio,
1311 2489 1376 2522 hoc
1400 2493 1468 2529 est,
1493 2498 1606 2530 prope

891 2542 1053 2582 culinam,
1065 2546 1104 2586 nt
1113 2541 1233 2574 videre
1244 2545 1299 2574 est
1311 2550 1354 2573 ex
1368 2539 1484 2573 verbis
1492 2539 1607 2573 Servii

890 2591 927 2625 in
948 2591 1084 2626 AEneid.
1100 2602 1127 2625 1.
1149 2592 1159 2610 ‘
1174 2593 1377 2634 Vocemque
1402 2600 1468 2633 per
1491 2591 1607 2633 ampla

893 2644 1052 2677 volutant
1064 2642 1194 2684 Atria]
1230 2642 1358 2684 Tangit
1371 2642 1605 2675 Romanorum

890 2705 1046 2728 morem:
1069 2705 1161 2737 nam,
1183 2698 1223 2727 ut
1236 2695 1287 2726 ait
1304 2694 1408 2735 Cato,
1434 2693 1470 2726 in
1490 2692 1606 2735 Atrio,

891 2751 929 2779 et
944 2746 1076 2779 duobus
1091 2745 1235 2778 ferculis
1258 2744 1491 2787 epulabantur
1515 2746 1604 2778 anti-

891 2798 961 2841 qui.
1005 2797 1060 2830 Ibi
1077 2797 1181 2829 etiam
1193 2801 1230 2829 et
1244 2796 1406 2838 pecunias
1420 2796 1604 2831 habebant.

890 2847 993 2880 Unde
1019 2847 1080 2890 qui
1109 2847 1346 2880 honoratiores
1372 2848 1462 2880 servi
1489 2854 1603 2893 erant,

891 2900 1045 2933 liminum
1058 2899 1221 2933 custodes
1236 2899 1514 2934 adhibebantur.’
