1806 3236
278 183 366 227 622

281 290 369 324 vade
395 289 512 323 foras.’
536 290 655 323 Heius.
699 291 828 333 Cnper.
857 290 944 323 Obs.
961 300 987 324 1.

282 345 312 375 1.
334 343 453 375 vadunt
469 341 524 374 hic
541 341 757 373 celeritatem
780 345 902 373 notare
928 351 990 383 pu-

282 396 336 425 tat
350 403 359 425 z
383 393 524 434 ponitur
538 401 618 424 vero
635 401 710 435 pro,
722 391 846 424 vadere
858 392 988 434 volunt,

282 448 464 476 conantur.
707 472 710 475 .

325 496 365 527 13
397 494 488 527 Vetat
510 493 648 536 dimitti]
684 493 909 527 Praecesserit
934 494 988 527 hic

279 544 454 578 minimum
470 554 588 577 versus
599 553 699 585 unus,
715 544 883 577 rationem
898 555 989 578 com·

279 597 450 640 plectens,
465 607 532 640 qua
553 601 665 630 motus
690 597 835 638 Jupiter
859 597 988 630 dimitti

277 648 355 681 illos
368 648 420 681 ita
434 648 594 689 noluerit,
609 649 676 682 etsi
687 649 819 691 ejectos
830 654 906 691 post
918 653 988 682 tam

279 704 382 742 turpe
394 698 540 732 facinus.
563 700 686 733 Meure.
731 701 805 742 Ego
830 700 915 732 nihil
928 699 988 733 de-

279 761 360 785 esse·
369 755 468 795 puto,
483 761 548 785 nec
563 752 652 785 enim
669 762 754 795 opus
776 757 831 786 est
846 762 987 785 narrare

279 802 566 845 circumstantias,
581 812 665 845 quas
691 803 768 845 ipse
783 807 903 845 potest
917 802 983 835 sibi

278 854 447 896 subjicere
458 855 580 887 lector.
625 853 741 897 Atque
757 853 847 886 idem
869 854 988 896 judico

279 904 324 938 de
339 905 585 948 sequentibus:
610 905 620 924 ‘
634 905 753 937 Mirati
759 905 781 945 ,'
794 906 858 938 διο.
880 905 988 937 Item—

279 965 365 998 que:
387 956 398 974 ‘
409 955 540 988 Rumor
555 956 687 998 legatos
703 956 895 998 superiores
910 965 990 998 pro·

279 1006 394 1041 didit:
437 1007 503 1040 Est
525 1007 615 1040 enim
640 1007 847 1040 commatiea
873 1016 989 1039 narra—

278 1057 342 1098 tio,
358 1061 398 1090 ut
413 1057 531 1100 debet,
553 1069 656 1101 quum
682 1068 823 1092 narrare
836 1058 990 1092 breviter

278 1110 435 1142 volumus
450 1108 580 1142 fastidii
597 1110 729 1143 vitandi
743 1110 867 1153 gratia.
898 1109 990 1143 Vide

280 1170 356 1203 qnae
383 1162 500 1194 notavi
531 1162 566 1194 in
607 1161 764 1194 Curtium
794 1170 845 1195 vr.
874 1164 906 1194 1.
938 1164 990 1195 1⁷.

280 1211 427 1244 Freinsh.
472 1213 620 1245 Rursum
647 1213 816 1246 excidisse
855 1214 990 1245 versum

279 1266 382 1304 putat
405 1263 472 1295 isto
494 1263 571 1297 loco
586 1264 772 1296 Meursins.
818 1264 894 1306 Ego
909 1273 990 1296 con-

280 1317 336 1346 tra
351 1314 474 1347 sentio.
497 1315 593 1356 Vult,
607 1316 736 1357 ejectos
751 1314 891 1358 putidos
905 1314 989 1347 istos

279 1373 396 1406 canes,
426 1374 503 1398 cum
528 1365 702 1398 venisseut
732 1375 752 1398 e
778 1365 885 1407 regia,
915 1375 988 1407 prae

279 1419 375 1448 metu
407 1424 448 1447 ac
491 1415 626 1458 pudore
666 1418 806 1458 penitus
844 1416 990 1449 voluisse

281 1466 379 1499 abire
394 1477 403 1500 z
419 1466 485 1499 Sed
500 1467 624 1500 Jovem
639 1468 763 1501 iratum
779 1469 988 1511 praeeepisse

281 1519 365 1560 suis,
375 1527 420 1551 ne
431 1518 663 1560 dimitterent,
671 1523 707 1551 et
717 1519 813 1552 abire
825 1519 918 1561 ipsos
931 1529 990 1562 pu-

280 1573 453 1611 terentut‚
483 1570 545 1602 sed
572 1574 735 1603 tenerent
759 1571 795 1603 in
818 1570 989 1603 custodia.

280 1621 408 1664 Itaque
425 1622 543 1654 statim
557 1631 635 1655 cum
657 1622 823 1664 exissent,
838 1625 919 1654 sunt
936 1631 988 1654 re-

281 1672 385 1705 tenti.
407 1672 516 1712 Sches.

324 1726 369 1757 14
404 1724 524 1757 Mirati
545 1723 623 1765 sibi]
660 1723 877 1757 Exciderunt
911 1724 989 1757 heic

280 1784 400 1809 versus
426 1776 495 1808 duo
511 1779 584 1809 tres
599 1775 851 1817 praecedentes,
865 1774 989 1817 quibus

282 1825 580 1869 comprehenderit
597 1825 779 1867 Phaedrus,
796 1825 878 1868 quid
889 1825 989 1867 Jupi-

283 1881 350 1920 ter,
364 1882 545 1920 postquam
561 1876 692 1910 dimitti
708 1876 886 1918 vetuisset,
910 1886 989 1909 cum

281 1927 350 1961 illis
377 1927 508 1970 egerit:
546 1928 621 1960 illos
649 1937 730 1960 vero
757 1936 829 1970 prae
857 1927 989 1969 pudore

281 1978 369 2012 fecti
380 1978 423 2012 ad
441 1987 519 2012 suos
531 1978 661 2012 reverti
674 1984 773 2011 ausos
784 1987 852 2010 non
865 1976 989 2011 fuisse:

281 2030 402 2073 itaque
432 2039 509 2062 cum
539 2033 751 2071 emanerent,
791 2029 850 2062 alii
877 2038 992 2071 canes,

283 2080 403 2113 Mirati
414 2080 475 2113 sibi
489 2081 618 2123 legatos,
630 2083 684 2123 ᾀτ.
699 2081 829 2113 Meurs.
874 2081 921 2113 Et
934 2080 990 2113 hic

284 2136 387 2175 putat
404 2132 534 2166 Meurs.
545 2142 681 2165 versum
707 2133 837 2165 abesse.
882 2130 992 2175 Atqui

283 2185 313 2216 si
329 2192 371 2216 ex
389 2183 499 2225 primo
516 2193 615 2215 versu
632 2183 784 2225 vocem‚‘
795 2182 923 2225 canes,’
935 2183 991 2216 hic

284 2233 473 2275 intelligas,
486 2234 660 2266 sententia
675 2238 730 2266 est
752 2234 900 2275 integra.
945 2234 993 2266 Et

284 2286 374 2318 nolet
389 2285 521 2317 Noster
543 2285 593 2316 ita
608 2284 714 2327 loqui.
759 2284 830 2316 Sibi
856 2285 992 2326 elegan-

284 2336 416 2368 tissime
432 2335 596 2378 abundat,
606 2340 644 2368 ut
660 2340 773 2368 tamen
786 2335 852 2367 vim
863 2335 992 2368 habeat

286 2395 374 2429 eam,
388 2387 484 2429 quasi
500 2397 568 2419 non
584 2390 844 2420 reverterentur
859 2387 897 2427 ii,
907 2396 991 2429 quos

285 2438 418 2471 reverti
445 2448 507 2470 sua
529 2438 727 2470 interesset.
770 2437 826 2469 Ita
849 2438 990 2470 Terent.

288 2488 391 2522 Adel.
404 2498 440 2522 v.
456 2499 506 2521 sc.
521 2492 553 2521 8.
577 2490 587 2507 ⁴
602 2490 671 2521 Suo
687 2488 750 2521 sibi
773 2487 886 2530 gladio
901 2488 991 2521 hune

280 2539 428 2582 jugulo?
487 2539 609 2572 Cicero
638 2538 750 2572 Attio.
791 2539 855 2581 Ep.
882 2547 908 2571 1.
939 2541 991 2571 11.

288 2592 299 2610 ‘
312 2591 382 2624 Hic
397 2590 462 2624 tibi
471 2594 584 2623 rostra
599 2591 687 2623 Cato
703 2590 861 2623 advolat:
896 2588 992 2631 Apu-

286 2642 377 2675 leius
403 2641 499 2675 Asin.
514 2644 547 2675 6.
581 2641 716 2674 ‘Anum
740 2650 818 2674 cum
839 2650 900 2673 suo
926 2639 992 2671 sibi

287 2692 441 2726 funiculo
465 2692 662 2724 devinctam
685 2691 811 2724 dedere
837 2690 993 2733 praecipi-

288 2743 384 2776 tem.’
426 2743 518 2776 Vide
542 2753 617 2784 sup.
647 2742 706 2775 lib.
733 2751 790 2775 m.
820 2745 854 2775 6.
886 2739 993 2780 Sches.

289 2792 409 2836 Forte,
425 2793 543 2826 Mirati
558 2793 591 2825 hi
606 2792 677 2826 sibi.
701 2793 823 2825 Heius.

738 194 881 228 No'rAE
913 194 1178 229 VAmomiM
1212 196 1265 228 IN

1084 295 1124 324 15
1147 291 1369 334 AEetimonm]
1408 291 1470 326 Uti
1494 301 1598 339 supra
1608 288 1740 328 lihnr.

1039 346 1072 375 5.
1097 341 1204 382 Schef.
1483 342 1485 344 ’
1744 343 1748 348 ’

1083 396 1125 426 16
1146 393 1311 438 Adscribi]
1342 393 1434 427 Illud
1458 394 1560 428 nauci
1587 398 1653 436 est,
1676 394 1740 428 hoc

1038 444 1119 477 loci.
1140 445 1210 478 Ms.
1235 445 1333 478 Rem.
1355 446 1485 479 adsciri.
1535 444 1670 489 ser-ibe,
1690 457 1742 480 ac-

1038 495 1110 528 ciri.
1153 495 1315 529 Tacitus:
1335 495 1476 531 ‘Acciri
1490 497 1648 540 properis
1662 497 1740 534 lite·

1039 546 1111 579 ris!
1154 547 1319 589 Virgilius
1346 546 1406 581 lib.
1431 556 1486 582 1¹.
1508 544 1663 590 ‘AEnean
1686 558 1742 582 ac·

1038 598 1102 630 ciri
1116 607 1232 630 omnes
1247 598 1461 643 populusque
1474 602 1663 643 putresque
1673 598 1742 632 Ex-

1037 655 1199 692 poscunt,
1211 650 1371 694 mittique
1383 650 1474 685 viros
1483 649 1543 695 qui
1553 651 1636 700 talia
1647 649 1742 686 man·
1793 659 1795 662 ’

1038 700 1148 734 dent!
1195 701 1316 734 Malim
1330 705 1447 735 tamen
1459 700 1520 742 iiic
1531 700 1678 744 m,
1691 701 1741 734 ni·

1038 753 1159 784 mirum
1175 752 1209 784 in
1229 752 1381 795 priorum
1394 749 1589 795 legatorum
1601 746 1716 787 iocum
1731 763 1742 794 ;

1038 811 1115 835 nam
1137 803 1234 836 acciri
1248 813 1316 836 non
1339 803 1477 837 videtur
1489 803 1602 837 locum
1613 803 1743 838 habere

1037 863 1161 896 posse3
1183 855 1276 888 unde
1299 854 1391 888 euim
1418 855 1637 898 acciti,'cu'm
1652 851 1741 898 ρι’-ω-

1037 909 1151 938 sentes
1167 907 1308 939 essent?
1333 905 1420 940 θεαὶ.

1079 956 1242 1000 Adscribi]
1277 956 1518 1000 Superioribus
1532 954 1614 1001 illis,
1628 959 1708 990 ante
1723 966 1744 989 a

1037 1017 1074 1041 se
1089 1008 1202 1041 missis
1227 1007 1271 1041 ad
1291 1007 1438 1045 Jovemz
1459 1017 1536 1051 pro,
1563 1007 1744 1047 adsociat-i,

1039 1058 1192 1102 adjungi,
1217 1059 1246 1091 si
1275 1058 1378 1092 modo
1401 1057 1508 1095 lectio
1522 1056 1741 1102 estintegra,

1039 1110 1082 1143 de
1111 1121 1178 1154 qno
1206 1114 1322 1143 tamen
1348 1109 1449 1143 valde
1479 1106 1608 1142 dubito}
1632 1107 1740 1149 Solus.

1039 1162 1144 1194 Forte
1172 1161 1297 1194 adsciri.
1331 1161 1451 1194 Heius.
1499 1159 1574 1205 [Ita
1606 1166 1742 1203 quoque

1038 1212 1249 1255 Bentleius.]

1083 1265 1125 1295 17
1149 1263 1269 1295 Rumor
1283 1261 1418 1306 legatos]
1440 1261 1510 1296 Hic
1523 1261 1744 1305 precesserit

1041 1323 1158 1347 versus
1171 1324 1258 1347 unus
1282 1313 1405 1358 aliquis
1421 1313 1499 1347 tulis
1513 1312 1531 1345 ='
1548 1313 1630 1346 eum
1642 1311 1743 1346 inem-⁴

1038 1375 1074 1398 ea
1087 1375 1121 1398 se
1143 1365 1279 1407 gessisse
1303 1374 1395 1408 quam
1421 1363 1601 1408 turpisaeime
1624 1363 1744 1396 Rumor

1038 1415 1169 1458 leg-atos,
1183 1418 1239 1458 ξε.
1262 1415 1395 1449 Meurs.
1440 1415 1580 1448 Notaut‘
1597 1414 1655 1448 bic
1677 1414 1744 1448 ite-

1040 1475 1115 1499 rum
1144 1467 1313 1500 lacunam.
1357 1466 1498 1509 Nempe·
1526 1465 1636 1508 deest,
1662 1461 1745 1510 duur¹

1039 1519 1104 1551 hoc
1119 1518 1266 1561 faciunt,
1278 1518 1357 1551 dum
1378 1518 1507 1562 jubent
1522 1516 1671 1551 adscribi
1684 1516 1744 1550 uli-

1040 1579 1091 1612 os,
1105 1570 1241 1603 interea
1256 1578 1373 1603 rumor
1385 1570 1459 1603 haec
1474 1567 1638 1612 prodidit.
1672 1567 1743 1601 Sed

1032 1621 1105 1663 jam
1121 1625 1201 1653 ante
1223 1621 1350 1663 monui,
1377 1619 1606 1659 connexiones,
1628 1618 1743 1652 istius-

1039 1671 1133 1703 modi
1153 1670 1314 1704 omittere
1331 1671 1510 1712 Nostrum,
1537 1669 1652 1704 studio
1665 1669 1743 1703 bre-

1039 1721 1168 1755 vitatis.
1226 1722 1285 1754 Ita
1313 1731 1403 1754 mox.
1450 1720 1556 1762 Senes.
1610 1720 1745 1763 Malim,

1041 1771 1163 1803 Rumor
1175 1771 1295 1811 legatos
1307 1774 1344 1803 ut
1354 1770 1479 1813 priores
1489 1770 1642 1813 mutate.

1083 1821 1250 1863 Prodidit]
1280 1820 1428 1863 Aperuit
1442 1825 1629 1864 notumque
1643 1819 1750 1862 feeit,

1040 1881 1140 1915 quam
1157 1872 1309 1914 turpiter
1323 1881 1360 1905 se
1375 1872 1411 1906 in
1424 1872 1523 1907 Jovis
1546 1872 1643 1915 regia
1668 1877 1743 1915 ‘ges-

1040 1923 1175 1956 sissent.
1198 1922 1304 1963 Schqf.

1085 1978 1127 2008 18
1152 1973 1361 2016 Rmeittibus]
1400 1973 1544 2007 Rectius
1568 1973 1648 2006 ‹luae
1674 1973 1744 2017 pri·

1042 2036 1154 2059 mores
1170 2025 1350 2068 editiones,
1368 2025 1536 2059 Timentes.
1573 2026 1671 2060 Quas
1683 2027 1746 2058 c'ur

1042 2078 1214 2121 Rigaltius
1230 2081 1368 2111 secutus
1386 2086 1454 2110 non
1477 2075 1595 2118 fuerit,
1618 2075 1746 2109 nescio.

1043 2130 1165 2162 Mem.
1643 2151 1650 2157 .

1086 2182 1128 2212 19
1152 2178 1272 2222 Odore]
1316 2177 1538 2211 Aromatibus
1555 2179 1652 2210 recte
1667 2175 1746 2210 mt-

1042 2230 1229 2263 tershusius
1259 2229 1414 2272 exponit.
1456 2228 1572 2272 Atque
1598 2228 1651 2260 sie
1679 2226 1744 2260 Ar·

1041 2282 1162 2315 nobius
1178 2281 1239 2315 lib.
1254 2289 1320 2314 vn.
1343 2280 1451 2321 Schef.
1494 2280 1599 2313 Forte
1624 2278 1744 2312 Adon.

1043 2334 1165 2367 Heius.
1585 2336 1588 2342 “
1751 2331 1753 2334 ⁴

1088 2383 1207 2426 Odore]
1237 2383 1295 2416 Sic
1320 2392 1400 2416 mox
1413 2381 1505 2415 iufra
1518 2382 1641 2414 odorem
1655 2379 1745 2413 dixit

1042 2446 1105 2478 pro
1121 2435 1296 2473 aromatis,
1320 2434 1356 2467 in
1379 2443 1447 2477 quo
1471 2429 1664 2475 significatu
1675 2428 1743 2463 nsi-

1042 2487 1151 2520 tatior
1164 2485 1418 2528 estplurativus
1428 2493 1600 2524 numerus,
1611 2481 1744 2515 odores.

1041 2538 1211 2579 Exempla
1224 2536 1393 2580 quondam
1406 2535 1488 2568 milii
1503 2534 1685 2569 observate
1707 2533 1744 2566 in

1042 2587 1241 2630 Epistolicis
1266 2586 1516 2620 Exercitation.
1541 2585 1585 2618 ad
1602 2584 1743 2617 Ausoni—

1042 2648 1099 2670 um
1116 2638 1177 2671 lib.
1191 2646 1232 2669 11.
1249 2640 1302 2670 26.
1345 2636 1402 2669 Sic
1418 2635 1581 2678 1mpp.in
1598 2634 1656 2667 lib.
1674 2643 1742 2668 xri.

1042 2688 1154 2720 nullus
1170 2686 1317 2720 omnino.
1363 2687 1402 2719 C.
1415 2686 1477 2718 Th.
1494 2686 1540 2718 de
1553 2694 1677 2728 pagan.
1691 2688 1744 2717 sri-

1043 2739 1150 2772 crific.
1164 2742 1200 2771 et
1216 2738 1333 2781 templ.
1366 2738 1376 2756 ‘
1388 2738 1539 2771 Penates
1566 2737 1672 2770 odore
1686 2746 1743 2770 ve-

1042 2789 1172 2823 nerari'
1196 2788 1367 2822 dixerunt,
1411 2787 1478 2821 Sed
1511 2796 1741 2830 proponamus
