1806 3236
392 205 596 239 nummu
629 203 1082 238 rAn.-AEs01³1ARuM
1115 205 1215 238 mn.
1250 205 1282 236 1.
1312 194 1385 238 12.

154 303 269 337 *Ἕκα
290 301 484 336 munusve
514 300 603 343 funt,
624 301 719 334 nullo
746 300 865 334 discri-

152 352 268 396 miness
289 353 357 387 ᾱο.
400 352 543 386 Fon-mut
571 356 686 386 autern
721 362 765 384 ex
789 361 864 385 sese

144 402 221 443 suoi
244 401 290 436 nd
315 401 462 435 eundem
492 403 596 446 plane
621 400 774 444 modum,
795 413 863 446 quo

152 453 337 489 dicebatur
374 453 386 472 ⁴
401 453 501 496 pluo,
536 453 656 496 pluvi!
716 454 862 488 Plautus

148 504 282 540 alicubi
299 504 336 538 in
350 505 596 539 Menaechmis:
620 507 630 525 ⁴
645 506 735 540 Nam
751 517 808 539 rus
824 510 866 540 ut

149 556 222 590 ibat
235 555 341 600 forte,
354 562 395 590 ut
418 557 563 591 multum
578 557 764 600 pluverat.’
805 558 863 591 Ita

150 608 199 644 ἐκ
217 609 319 642 adm
341 608 503 643 ‘adnuvi'
517 609 610 652 apud
622 609 770 642 Ennium
785 609 864 643 Me-

148 659 235 695 2¹⁸1ae
250 669 285 702 p.
298 662 355 694 1⁰.
396 659 456 700 Et,
471 661 563 703 quod
580 660 651 693 scio
672 660 780 703 magis
799 660 862 693 mi-

147 720 230 746 mm-
241 711 355 745 visum
365 711 408 745 iri
423 711 642 755 quibusdam,
650 721 694 744 ex
706 721 788 752 geno
803 721 862 744 ve-

148 766 244 797 teres
254 762 431 797 faciebant
446 764 456 782 ⁴
475 761 626 805 genuvi!
666 761 770 804 Apud
779 771 862 795 eun-

149 813 227 848 dem
245 824 279 858 p.
295 817 328 848 8.
345 819 383 848 et
397 817 431 847 9.
477 814 642 847 Ceterum
669 814 712 846 P.
729 814 861 847 Danie-

147 866 191 899 lis
206 867 388 908 exemplar
406 865 573 908 habebat,
586 865 685 900 simili
702 864 862 906 fugissem

147 920 243 951 metu.
286 917 390 952 Quod
419 917 457 950 in
478 917 590 960 prima
615 916 769 950 editione
791 926 861 949 mo-

147 972 274 1002 nuerat
287 967 460 1010 Rigaltins
483 969 528 1000 V.
551 968 647 1002 Clara
687 967 807 1000 Possis
823 971 860 1001 et

145 1019 222 1053 olio‘
241 1017 444 1062 confugere,
461 1022 502 1053 ut
526 1019 675 1062 primum
698 1019 796 1052 dicas
820 1019 860 1051 τὸ

139 1066 277 1111 suitam
287 1079 366 1104 esse
383 1069 603 1113 disyllabum,
619 1079 683 1113 per
696 1069 860 1112 συνίζησιν

148 1122 223 1157 scil.
238 1120 320 1156 dein
338 1120 378 1155 τὸ
391 1121 437 1156 Μ
448 1121 614 1158 extritum
639 1130 709 1155 non
736 1131 812 1156 esse
838 1133 859 1157 a

1541 194 1629 240 36⁷

917 301 1076 335 Phaedro.
1108 302 1188 336 Fnb.
1231 301 1342 334 Metri
1375 310 1479 334 causa
1509 299 1632 334 scribit

918 353 1034 387 Faber
1045 353 1213 395 favissem,
1235 353 1325 386 sicut
1340 352 1489 384 Plautus
1510 351 1521 370 ⁴
1534 350 1632 385 fuve-

917 404 1008 446 rim,’
1034 408 1072 437 et
1091 404 1245 437 Lucilius
1266 404 1276 423 ‘
1289 402 1564 444 adfuvissemus:
1586 402 1631 436 ab

918 455 1129 500 antiquosuo
1145 452 1315 490 extulere.
1360 454 1490 489 Nescio
1503 458 1634 498 tamen,

917 518 1031 542 annon
1045 508 1302 551 praeferendum
1316 507 1375 549 sit,
1401 507 1497 550 quod
1523 507 1633 541 habet

917 559 1031 594 codex
1047 559 1204 593 Danielis
1219 563 1311 593 teste
1337 559 1509 602 Rigaltio:
1532 559 1633 593 simili.

908 610 1068 652 fugissem
1082 614 1181 644 metu.
1226 611 1318 644 Nam
1330 610 1515 653 praecedit,
1536 611 1547 629 ‘
1565 611 1631 644 Fu.

916 663 1051 705 gientes
1065 662 1143 705 ipse
1158 662 1363 705 exciperet.’
1394 662 1508 695 Item:
1534 662 1544 681 ‘
1562 662 1632 695 Ex·

914 713 984 746 itus
1015 717 1116 747 notos
1154 713 1302 756 petunt?
1359 713 1519 747 Probant
1549 723 1631 747 sane

917 765 1125 806 Neveletus,
1140 765 1405 805 Freinshemius,
1422 769 1460 798 et
1474 766 1632 800 Ursinus.

915 815 1022 856 Sches.
1072 817 1174 850 Hanc
1201 817 1387 850 lectionem
1413 817 1521 851 etiam
1551 827 1631 859 pro-

914 866 976 900 bat
991 867 1171 909 Heinsius,
1189 868 1248 911 qui
1265 878 1338 902 eam
1362 869 1396 901 in
1413 868 1500 902 Mss.
1514 869 1631 902 Vossii

915 921 1054 950 exstare
1070 919 1113 951 ad
1130 919 1320 962 marginem
1335 919 1494 952 notavit:
1518 923 1556 952 et
1578 919 1630 952 ita

906 968 978 1008 fuit
993 973 1030 1001 et
1043 969 1138 1010 fugit
1154 970 1190 1001 in
1207 971 1291 1003 Mss.
1316 969 1461 1003 confusa
1476 979 1552 1002 esse
1568 979 1630 1011 ap·

913 1024 1015 1062 paret
1030 1024 1066 1052 et
1081 1020 1173 1052 notis
1189 1020 1327 1054 Heinsii
1339 1020 1383 1054 ad
1394 1019 1499 1054 Ovid.
1515 1020 1629 1064 Epist.

915 1079 1010 1107 xvu.
1027 1073 1101 1106 192.
1124 1071 1242 1108 Burm.
1476 1090 1489 1093 -

677 1379 939 1424 FABULA
981 1382 1104 1426 XII.

193 1535 313 1569 (ἔσται.
325 1535 368 1567 ud
382 1532 526 1576 fontem]
548 1532 768 1575 Aphthonius
784 1532 856 1566 fab.

148 1587 201 1617 18.
244 1584 413 1618 Rubrius:
435 1583 511 1626 Περὶ
519 1582 642 1626 δορκάδ.
656 1583 791 1622 τὴντῶν
801 1595 856 1615 πο·

142 1634 404 1674 wama-rma
413 1633 621 1677 μεμφομένης.
649 1635 728 1676 Rig.

149 1701 157 1720 s
190 1691 209 1721 1
234 1688 388 1721 Laudatis
408 1688 557 1728 utiliora,
574 1686 644 1729 θα]
667 1687 781 1720 Locus
797 1686 858 1720 ob-

143 1738 292 1781 scurior,
313 1742 460 1781 propter
478 1738 631 1781 ellipsin.
674 1738 782 1770 Totus
807 1739 858 1771 sic

144 1798 184 1823 se
205 1789 332 1824 babet:
357 1789 523 1823 Narratio
548 1790 625 1824 haec
652 1790 780 1831 exerit,
808 1790 859 1822 in-

143 1841 256 1876 veniri
283 1851 390 1885 sepe,
423 1840 564 1874 utiliora
593 1850 668 1874 esse
694 1850 750 1883 eu,
781 1851 858 1884 qnae

141 1893 383 1935 contemneris,
405 1891 568 1934 laudatis,
588 1893 656 1926 hoc
671 1897 739 1934 est,
754 1902 858 1936 quam

145 1949 201 1988 αι’,
216 1956 293 1989 quae
308 1945 507 1980 laudantur.
535 1946 683 1979 Laudato
696 1945 764 1987 bic,
778 1955 857 1988 quae

145 2000 368 2040 opponuntur
389 1996 568 2038 contemtis,
589 2000 684 2038 sunt,
710 1996 858 2029 aestima-

145 2047 336 2091 tafmngni
363 2046 471 2081 faeta.
523 2048 696 2080 Caeterum
721 2047 757 2078 hi
782 2056 858 2079 ver-

147 2109 204 2132 sus
218 2099 320 2132 aliter
335 2108 373 2132 se
391 2098 522 2132 babent
536 2098 570 2131 in
591 2098 743 2131 laudatis
758 2097 857 2131 Sere-

146 2150 231 2184 niss.
256 2149 440 2185 Christinoe
459 2148 606 2191 schedis,
627 2149 679 2182 uti
703 2148 857 2190 comperi

147 2212 170 2235 n
195 2201 275 2236 nob.
303 2201 474 2242 Heinsi03
506 2201 557 2234 sic
586 2210 732 2243 nempe:
767 2199 858 2242 Saepe

147 2263 214 2287 esne
227 2253 360 2286 utiliora
373 2263 444 2295 quoe
457 2251 671 2293 contemmis,
688 2250 800 2291 Eiusce
811 2250 860 2283 rei

147 2303 239 2338 tedis
259 2303 326 2336 hac
349 2303 493 2336 munatio
507 2306 566 2336 est.
610 2302 723 2335 Faber
739 2302 771 2334 in
787 2301 858 2335 edi-

141 2355 243 2389 tione
257 2364 392 2397 nupera
408 2354 459 2387 sic
471 2358 570 2388 notat
581 2353 625 2386 ad
640 2353 715 2386 haec
730 2352 856 2385 verba:

142 2407 158 2442 ,⁴
174 2405 241 2441 Sed
256 2406 321 2440 hoc
344 2405 523 2439 didicerim
537 2404 663 2446 libens,
687 2404 778 2447 quod
794 2404 859 2436 hoc

147 2467 275 2492 novum
309 2457 541 2492 trimetrorum
584 2465 690 2498 genus
730 2454 858 2488 fuerit?

116 2547 119 2549 ,
148 2509 240 2543 Item
254 2519 265 2542 ι
287 2509 298 2528 ‘
310 2507 365 2542 An
380 2508 436 2542 hic
453 2518 589 2552 quoque
602 2517 721 2540 versus
734 2507 860 2540 lambi—

152 2561 320 2604 ens,Soepe
332 2570 398 2594 esse
405 2561 548 2601 utiliora,
561 2570 629 2602 quoe
639 2559 838 2592 contemseris
846 2571 856 2591 .-

151 2622 214 2646 vns
228 2613 347 2653 dicite,
359 2612 495 2646 Musae.’
520 2611 741 2645 Scilicet'hoc
760 2610 858 2643 nobis

150 2661 218 2697 ruit
230 2664 460 2706 propositum,
482 2667 522 2696 ut
537 2673 654 2696 versus
674 2662 723 2695 illi
738 2662 858 2694 crede·

150 2718 272 2749 rentur
287 2715 443 2756 lambici,
468 2714 694 2757 omnibusque
707 2713 858 2746 numeris

152 2763 308 2799 absoluti.
353 2766 430 2800 Quo
453 2771 568 2799 antem
591 2765 696 2798 verbo
711 2766 774 2798 hoc
791 2769 858 2797 tra-

153 2814 322 2853 didimus?
367 2818 461 2862 Ergo
475 2817 537 2854 hoc
552 2817 642 2852 haud
658 2826 741 2853 sane
757 2816 858 2851 bene.

910 1533 1055 1567 Licebat
1070 1533 1221 1575 interim,
1249 1533 1385 1575 opinor,
1407 1531 1534 1565 afferre
1557 1533 1628 1566 lec-

912 1585 1042 1618 tionem
1068 1589 1236 1626 veterem,
1259 1585 1288 1616 si
1315 1584 1392 1627 quis
1416 1584 1627 1626 ingeniosior

913 1635 1100 1677 exculpere
1127 1644 1171 1667 ex
1201 1644 1242 1668 ea
1268 1639 1398 1676 posset,
1423 1633 1516 1676 quod
1545 1633 1626 1666 huic

912 1687 990 1719 loco
1017 1686 1242 1719 conduceret.
1271 1685 1377 1726 Schef.
1422 1686 1530 1717 Forte
1555 1685 1627 1727 legi

911 1738 1035 1770 melius
1051 1741 1189 1780 posset:
1214 1737 1306 1779 Soepe
1327 1747 1393 1770 esse
1409 1735 1505 1776 factu
1519 1735 1628 1777 utilia,

911 1799 981 1831 quae
994 1790 1216 1822 contemmis.-
1240 1789 1354 1829 Ejusce
1372 1788 1433 1828 rqii
1452 1787 1544 1820 testis
1557 1787 1626 1819 haec

911 1840 1059 1873 narratio
1074 1843 1140 1873 est:
1163 1839 1337 1882 producta
1358 1840 1472 1882 prima
1494 1839 1529 1871 in
1555 1838 1627 1880 rqu',

912 1895 952 1924 ut
967 1901 1062 1934 saepe
1089 1891 1182 1934 apud
1198 1891 1414 1924 Lucretium.
1458 1889 1549 1929 Vid.=
1565 1889 1626 1927 Gi·

911 1943 1016 1985 phan.
1035 1942 1147 1976 Indic.
1162 1943 1196 1975 in
1210 1942 1283 1982 rq'i.
1314 1941 1382 1974 Vel
1396 1941 1518 1975 melius
1530 1939 1625 1974 forte

912 1994 958 2026 ad
984 1993 1131 2035 vestigia
1153 1993 1234 2025 libri
1255 1992 1436 2026 Vossiani:
1456 1991 1549 2034 Soepe
1562 2000 1627 2023 esse

910 2044 1019 2086 utilia,
1048 2054 1134 2076 more
1156 2054 1228 2086 quoe
1254 2043 1476 2076 contemseris:
1510 2042 1626 2082 Eiusce

911 2094 972 2135 reJ’i
988 2093 1080 2126 testis
1101 2093 1167 2126 haec
1187 2093 1331 2126 narratio
1356 2096 1415 2127 est.
1460 2093 1569 2134 More,
1588 2092 1625 2125 id

912 2150 979 2183 est,
994 2145 1038 2178 de
1053 2155 1163 2187 more,
1173 2149 1212 2178 ut
1227 2144 1318 2187 apud
1335 2144 1453 2177 Plaut.
1468 2143 1625 2178 Trinum.

912 2207 938 2230 1.
952 2200 985 2230 4.
1007 2197 1018 2216 ‘
1041 2197 1142 2230 More
1170 2197 1299 2230 habent
1324 2195 1527 2229 licentiam:
1577 2196 1625 2229 Et

913 2248 994 2281 ibid.
1018 2249 1028 2266 ‘
1046 2248 1147 2281 More
1168 2247 1234 2281 fit:
1280 2247 1396 2281 Cicer.
1409 2247 1453 2280 ad
1470 2247 1565 2280 Fam.
1582 2257 1624 2282 ιι.

912 2303 967 2334 29.
991 2300 1000 2318 ‘
1015 2300 1081 2342 Tu,
1096 2300 1143 2333 mi
1159 2299 1270 2342 Oppi,
1290 2299 1509 2332 conservabis
1532 2309 1625 2332 nmo-

913 2362 984 2385 rem
997 2351 1178 2394 tuum‚etsi
1189 2360 1284 2384 more
1296 2350 1403 2394 magis
1411 2349 1476 2383 hoc
1486 2350 1624 2393 quidem

913 2402 1043 2444 scribo,
1067 2413 1168 2445 quam
1195 2413 1262 2446 quo
1298 2407 1334 2435 te
1371 2401 1623 2434 admonendum

914 2454 1057 2497 putem.'
1080 2454 1207 2496 Virgil.
1223 2455 1298 2487 AEn.
1314 2457 1346 2486 7.
1372 2455 1382 2472 ‘
1399 2454 1478 2486 Hoc
1495 2453 1624 2485 Priami

914 2510 1091 2546 gestamen
1104 2510 1190 2547 erat,
1202 2505 1283 2538 dum
1290 2506 1371 2548 jura
1383 2504 1512 2537 vocatis
1522 2503 1624 2537 More

913 2555 1015 2588 daret
1039 2555 1199 2599 populis!
1247 2556 1315 2588 Vel
1341 2565 1425 2588 more
1449 2554 1504 2586 liic
1531 2552 1625 2595 posi-

913 2611 997 2650 tum,
1029 2612 1068 2641 ut
1097 2608 1179 2641 alibi
1213 2618 1308 2650 saepe
1341 2607 1482 2646 Noster,
1513 2606 1622 2640 stulte,

911 2659 967 2692 Sic
992 2658 1131 2702 praefat.
1153 2659 1232 2692 libri
1259 2658 1373 2691 tertii:
1397 2658 1406 2675 ‘
1422 2657 1537 2690 Stulte
1563 2666 1623 2689 nu-

913 2709 1011 2742 dabit
1037 2710 1141 2742 animi
1167 2707 1449 2742 conscientiamz'
1473 2711 1510 2740 et
1529 2716 1622 2749 saepe

913 2761 1006 2794 alibi.
1021 2762 1136 2794 Heins.
1167 2759 1348 2802 Ingeniosa
1363 2758 1500 2802 quidem
1514 2757 1624 2794 Heiu-

914 2814 955 2849 sii
985 2814 1196 2859 conjectura,
1227 2817 1263 2847 et
1290 2811 1340 2845 ita
1367 2820 1451 2848 more
1478 2809 1624 2847 sumitur
