1806 3236
389 207 592 240 mmmm
627 206 737 238 us.
769 205 1073 239 AESOPIARUM
1109 206 1206 238 Lis.
1239 207 1315 239 111.
1347 197 1389 239 6.

141 307 329 346 teme,
348 307 389 338 ut
419 302 570 337 Horatio
595 302 605 321 ⁴
621 302 696 336 Ora
722 301 855 344 frenis,'

10 353 17 358 “
87 368 92 373 ·
141 356 201 389 vix
219 339 329 399 'pesse
354 358 453 398 pato.
508 354 627 389 Quare
653 359 857 396 corruptum

140 407 255 441 hena
277 410 316 440 et
339 405 628 440 considerandum
653 405 715 447 do,
729 415 773 438 an
789 415 872 438 non·

139 457 244 492 forte.
262 458 449 501 legendnm
473 458 533 499 sit,
566 458 703 499 Tergum
723 457 859 499 flagello

140 512 294 552 m
310 509 395 542 lento
414 518 530 550 mem,
554 509 601 541 Et
620 519 689 550 ora,
700 509 755 550 ὅγε.
778 518 858 541 nam

140 559 176 592 in
187 559 341 594 lectione
357 569 379 593 ι
399 559 454 593 Cl.
466 559 609 593 Graevio
625 560 774 603 prolata,
789 569 858 592 non

132 609 255 653 ‘videm
265 620 331 644 eur
338 610 510 654 flagellans
524 620 627 644 meam
638 610 735 643 dieat
747 611 859 651 Mula,

142 666 181 695 et
208 672 278 706 qna
299 663 437 696 ratione
460 662 576 705 potius
594 662 719 704 jugum
741 662 860 695 lentum

141 712 291 755 dicetur,
322 723 424 757 quam
450 712 639 756 flagellum.
693 714 786 746 Nam
815 723 858 746 eo

141 764 246 798 modo
269 765 280 783 ‘
298 765 425 798 lautas
455 764 586 807 virgas’
617 764 708 797 dixit
736 764 856 797 Plaut.

141 813 242 849 Asin.
256 824 316 850 ιιι.
328 818 364 849 8.
410 816 480 848 Ora
496 825 577 848 vero
593 816 668 848 siue
684 815 792 848 dubio
809 816 859 848 le·

143 865 295 909 gendum
310 876 388 900 esse
403 871 502 909 puto.
524 867 642 899 Bam.

186 918 331 959 flagello
345 917 446 960 lento]
469 917 635 960 Sequacis
662 917 698 950 iu
714 917 860 951 verbera

142 968 303 1002 lentitia.
323 968 403 1011 mg.

186 1019 369 1063 stupent]
417 1019 534 1062 uegit,
568 1019 780 1062 moderatur,
814 1028 860 1052 ne

142 1070 278 1104 tardius
302 1076 365 1104 aut
393 1071 541 1104 celerius
564 1071 735 1111 incedam,
757 1080 859 1114 qnam

98 1120 103 1124 ”
141 1127 297 1165 oportet.
328 1123 389 1157 Sic
403 1123 415 1142 ‘
425 1123 635 1166 Temperare
648 1133 710 1155 ora
724 1122 860 1155 fraenis’

141 1173 236 1207 dixit
249 1173 375 1208 nont.
402 1174 511 1215 selues.

185 1225 305 1270 Mo]
352 1226 464 1260 Paeto
501 1225 634 1270 quippe
671 1235 716 1258 ex
763 1226 860 1260 loris.

184 1330 207 1361 ’1
229 1327 377 1370 Eum]
412 1327 585 1361 continere
607 1329 688 1368 lom,
715 1332 783 1368 est,
808 1332 860 1361 te-

143 1387 230 1412 nere
239 1387 283 1412 aa
293 1388 413 1420 maan,
425 1378 599 1422 quomodo
610 1379 703 1422 apud
718 1380 859 1413 cornel.

144 1430 239 1465 Mut.
255 1439 287 1465 e.
297 1433 331 1464 2.
347 1431 359 1450 ‘
372 1430 615 1472 Communivi,’
629 1442 708 1474 pro,
719 1431 861 1474 munivi,

144 1485 183 1514 et
208 1481 304 1524 apud
334 1481 435 1515 Ciu-t.
450 1490 487 1514 v.
501 1491 534 1515 c.
549 1485 583 1515 8.
602 1483 613 1500 ‘
627 1482 859 1524 Condonare‚’

143 1542 221 1576 pro,
232 1533 376 1567 donare.
399 1533 524 1567 Mallet
535 1538 651 1567 tamen
663 1534 861 1578 Praschius,

142 1594 212 1626 ora,
238 1593 304 1627 pro
331 1585 421 1618 lom.-
452 1585 488 1618 id
517 1585 611 1628 quod
637 1586 859 1618 vehementer

143 1636 271 1678 placet.
313 1636 373 1668 Sic
396 1636 487 1669 enim
503 1635 650 1669 Ovidius
665 1637 675 1655 ⁶
688 1636 860 1670 Co'e'rcere

142 1695 204 1720 ora
233 1685 360 1720 frenis'
388 1687 583 1730 usurpavit.
628 1687 860 1720 Doctissimus

143 1742 183 1771 et
208 1734 441 1772 amicissinius.
454 1738 535 1773 Joh.
553 1738 684 1781 Georg.
701 1739 860 1772 Graevius

142 1788 180 1822 id
194 1790 308 1833 ipsum
334 1789 451 1823 fimat
475 1790 512 1823 in
537 1790 762 1824 lectionibus
786 1790 859 1823 He·

144 1840 272 1876 sionei·
285 1851 317 1875 e.
332 1844 387 1876 19.
409 1841 518 1882 Sebel-

186 1892 276 1926 lam
288 1892 396 1932 frenis
409 1891 565 1934 continet]
598 1893 705 1925 Forte
719 1903 776 1926 ora
787 1905 798 1926 .·
822 1898 859 1926 et

142 1941 196 1976 ita
208 1943 411 1986 conjecerat
426 1943 627 1984 Prascliius,
644 1948 682 1976 et
698 1944 858 1978 Gravius

69 2016 76 2020 -
143 1992 189 2026 ad
203 1993 348 2027 Hesiod.
363 1997 461 2027 c.19.
505 1994 563 2027 Sic
589 1993 747 2027 Lucanus
769 1996 792 2028 l.
808 2004 858 2029 xv.

143 2045 156 2062 ‘
169 2044 315 2086 Bigidos
325 2045 487 2077 vexantia
497 2043 616 2077 frenos
626 2046 702 2077 Ora
713 2046 858 2079 tenens!

146 2095 204 2130 Sic
230 2095 324 2138 apud
353 2095 542 2129 Ovidium:
579 2096 774 2130 ‘Coercere
799 2108 859 2132 ora

144 2146 274 2182 frenis?
297 2147 366 2182 Sed
381 2158 437 2181 orn
451 2152 557 2182 tenere
568 2153 603 2180 et
614 2150 784 2192 contium,
795 2155 860 2193 est,

146 2203 290 2240 κιαι-ος
311 2203 351 2232 nt
364 2199 484 2242 Vis-gil.
496 2201 571 2233 AEn.
581 2210 622 2234 ιι.
632 2210 681 2234 vs.
694 2203 722 2234 1.
745 2205 756 2221 ⁶
767 2202 857 2235 Con—

144 2251 279 2284 ticuere
305 2261 437 2293 omnes,
457 2251 654 2295 intentique
678 2261 738 2284 on
759 2257 858 2286 teue-

144 2301 255 2336 διαί)
296 2301 401 2335 Unde
425 2302 552 2336 rectius
577 2303 716 2344 vulgata
732 2304 860 2336 retine·

145 2356 214 2385 tur.
258 2352 438 2387 ,luvenalis
458 2354 533 2387 Sat.
550 2363 577 2388 ι.
601 2355 611 2372 ‘
626 2354 720 2387 Puer
746 2354 858 2388 Auto-

145 2402 269 2436 medon
292 2413 371 2437 nam
399 2405 472 2437 lora
499 2405 666 2439 tenebat)
709 2405 856 2440 Ovidius

143 2454 202 2487 lib.
230 2463 272 2488 ιι.
297 2456 341 2488 ad
373 2455 585 2491 Phaethont.
606 2456 743 2490 ‘Parce
770 2467 858 2500 puer

144 2505 303 2547 stimulis,
327 2511 364 2539 et
387 2506 510 2539 fortius
532 2512 632 2540 utere
658 2508 765 2540 loris!
808 2510 855 2542 Et

145 2556 287 2589 statim:
310 2557 320 2574 ‘
332 2557 476 2600 Corripe
490 2558 563 2590 lora
577 2558 702 2592 manu.’
725 2559 771 2592 Et
782 2564 855 2592 tan·

145 2607 247 2641 dem:
270 2611 280 2627 ⁴
293 2609 382 2641 Lora
397 2609 552 2642 remisit?
585 2610 707 2652 Virgil.
719 2611 855 2645 AEneid.

144 2658 206 2692 lib.
223 2668 248 2692 ι.
270 2660 280 2678 ‘
298 2659 478 2703 Curruque
490 2660 591 2693 haesit
613 2662 792 2703 resupinus
808 2663 856 2694 in-

147 2710 216 2752 ani,
230 2711 319 2744 Lora
335 2716 457 2744 tenens
468 2715 609 2745 tamen.’
645 2713 762 2746 Plaut.
779 2714 855 2746 Me-

146 2760 256 2794 uoecli.
286 2767 355 2796 aet.
380 2772 416 2795 v.
443 2772 492 2795 sc.
515 2766 548 2795 2.
570 2763 671 2797 ‘Jam
697 2764 792 2797 astiti
820 2765 855 2797 in

147 2822 296 2855 currum,
303 2813 377 2855 jam
391 2814 466 2847 lora
475 2818 591 2856 tenco,
595 2814 667 2857 jam
681 2816 856 2848 stimulum

1537 195 1624 238 499

906 303 940 335 in
957 313 1060 336 mauu
1076 302 1156 338 est.'
1203 303 1319 337 Frenis
1331 301 1560 345 spumantibus,
1584 307 1624 335 ut

907 354 1086 398 Virgilius,
1096 354 1107 372 ‘
1117 354 1265 397 Spumas
1277 354 1352 397 agit
1364 363 1424 387 ore
1437 353 1628 386 cruentas!

906 406 1044 438 ‘Frena
1067 404 1280 448 spumantia'
1310 409 1366 437 est
1389 405 1482 447 apud
1508 405 1625 448 Virgi-

907 456 992 489 lium
1008 457 1086 490 AEn.
1103 457 1164 490 lib.
1178 466 1231 490 ιν.
1247 460 1284 489 et
1299 465 1336 489 v.
1379 456 1439 490 Sic
1461 460 1500 489 et
1520 456 1624 488 Silius

907 507 990 541 Ital.
1015 506 1076 540 lib.
1103 516 1171 540 xn.
1206 508 1217 526 ⁴
1240 507 1417 541 Immitem
1442 507 1625 550 quatiebat

908 558 1252 600 equum,spumantia
1267 568 1363 591 saevo
1373 558 1486 591 Frena
1501 567 1625 591 cruen-

908 612 1040 641 tantem
1055 608 1193 643 morsu.’
1229 609 1309 643 Vid.
1327 610 1451 643 Heius.
1465 609 1509 642 ad
1527 609 1627 642 Clau-

908 659 1001 693 dian.
1017 669 1052 702 p.
1066 662 1144 693 152.
1187 660 1311 693 Totum
1335 662 1426 694 liunc
1445 661 1559 694 locum
1574 661 1627 694 ita

908 711 1015 744 habet
1042 710 1180 745 Romul.
1216 711 1277 745 lib.
1299 721 1342 745 11.
1367 712 1441 745 fab.
1469 715 1523 746 17.
1559 713 1626 750 Qui

906 763 1012 804 prima
1026 764 1103 796 sella
1115 764 1215 805 sedet,
1229 763 1285 806 qm*
1299 763 1410 804 frenis
1428 774 1486 797 ora
1507 767 1624 806 tempe-

908 818 974 855 rat,
989 817 1021 846 et
1035 815 1111 847 loris
1132 814 1196 848 iter
1209 815 1320 858 flectit
1335 815 1470 858 flagello
1484 825 1627 850 excusso.

910 865 1004 899 Gud.

953 916 1197 959 Spumantibus]
1211 917 1271 951 Ita
1279 921 1436 959 tenet,ut
1451 922 1627 960 spument.

910 967 997 1000 Vult
1022 967 1171 1001 reddere
1205 968 1389 1010 rationem,
1417 978 1526 1012 quare
1556 978 1626 1002 non

912 1019 1023 1061 possit
1045 1019 1192 1052 celerius
1220 1019 1395 1053 incedere.
1441 1020 1520 1053 Nou
1551 1025 1630 1054 tau-

911 1075 997 1112 tum,
1011 1070 1073 1111 ait,
1090 1074 1201 1110 tenet,
1215 1071 1276 1103 sed
1293 1074 1394 1103 tenet
1409 1075 1482 1103 tam
1496 1071 1626 1113 valide,

910 1130 1033 1164 meque
1048 1121 1202 1160 cohibet,
1225 1125 1264 1154 ut
1279 1126 1317 1154 et
1332 1120 1433 1154 frena
1453 1129 1628 1165 spument,

910 1171 944 1205 h.
966 1181 998 1203 e.
1026 1181 1150 1213 spuma
1178 1181 1222 1204 ex
1252 1172 1372 1205 labore
1401 1173 1625 1215 oppleantur.

910 1221 1109 1255 Imitatione
1126 1223 1329 1265 virgiliana,
1342 1223 1402 1266 qui
1419 1224 1470 1257 sic
1482 1224 1559 1258 AEn.
1575 1233 1625 1258 iv.

909 1277 920 1292 ‘
932 1275 1013 1307 Stat
1021 1275 1174 1317 sonipes,
1189 1284 1230 1308 ac
1243 1274 1344 1308 frena
1354 1274 1454 1309 ferox
1467 1286 1628 1319 spumau-

912 1325 962 1357 tia
983 1325 1138 1359 mandit:
1184 1326 1230 1358 Et
1253 1326 1311 1359 lib.
1332 1335 1366 1360 ν.
1390 1327 1400 1345 ‘
1416 1330 1628 1369 spumantia-

910 1387 976 1420 que
991 1376 1092 1409 addit
1106 1377 1220 1410 Frena
1233 1376 1339 1410 feris.’
1362 1377 1468 1418 Schef.

954 1430 976 1460 8
997 1427 1118 1471 Aufer]
1144 1427 1189 1461 Id
1205 1433 1272 1470 est,
1294 1429 1418 1462 omitte
1433 1439 1523 1463 eam.
1567 1430 1627 1463 Sic

911 1478 1052 1511 Terent.
1068 1479 1174 1512 Phor.
1191 1489 1227 1511 v.
1244 1489 1291 1512 sc.
1307 1483 1340 1513 6.
1362 1481 1371 1499 ‘
1387 1481 1479 1515 Quin
1495 1485 1532 1514 tu
1545 1481 1626 1514 hinc

912 1530 1184 1572 pollicitationes
1209 1531 1331 1565 aufer!
1375 1533 1494 1566 Plaut.
1525 1534 1626 1568 Pers.

910 1591 944 1614 v.
975 1592 1024 1615 sc.
1049 1585 1083 1616 2.
1120 1583 1130 1601 ‘
1151 1582 1314 1626 Jurgium
1343 1582 1485 1617 auferas
1521 1584 1626 1618 hinc.'

910 1634 1015 1674 &hef-

958 1687 1134 1730 Fn'oolam]
1163 1689 1311 1730 Vanam,
1337 1689 1396 1722 cui
1417 1689 1521 1722 nunae
1546 1690 1626 1723 sub-

910 1742 991 1771 sunt
1019 1738 1120 1771 vires.
1176 1740 1324 1772 Festus:
1359 1740 1516 1773 ‘Frivola
1544 1745 1627 1774 sunt

910 1790 1052 1833 proprie
1068 1801 1150 1823 vasa
1162 1791 1283 1824 fictilia
1294 1802 1433 1835 quassa,
1447 1793 1540 1826 uude
1553 1793 1626 1826 dic-

909 1846 946 1875 ta
961 1842 1057 1875 verbu
1073 1842 1209 1885 frivola,
1233 1853 1309 1887 quae
1334 1844 1446 1877 minus
1462 1849 1542 1878 suut
1556 1844 1633 1888 fide,

908 1894 1077 1929 subnixa.'
1101 1895 1207 1935 Sches.

952 1948 975 1978 9
998 1946 1086 1978 Nam
1099 1946 1170 1988 ubi]
1197 1947 1306 1990 Lego,
1332 1949 1478 1990 Namque
1494 1947 1563 1990 ubi,
1588 1953 1625 1982 et

909 2006 1001 2038 mox,
1032 2006 1094 2039 pro
1123 2000 1312 2030 currendum
1344 2002 1404 2040 est,
1416 1999 1419 2003 ’
1433 2001 1626 2032 car-rendam

908 2046 982 2079 erit.
1028 2046 1126 2080 Alias
1140 2048 1232 2080 enim
1249 2059 1366 2081 versus
1382 2059 1452 2082 nou
1474 2055 1625 2092 constat,

909 2107 1117 2141 quamquam
1143 2100 1196 2141 M,
1225 2105 1264 2132 ut
1290 2099 1386 2142 alibi,
1419 2100 1528 2142 possit
1555 2111 1624 2134 nou

909 2148 1002 2180 elidi.
1023 2149 1149 2183 Buchn.

956 2200 1019 2232 Ubi
1029 2201 1247 2244 strigon-dum]
1261 2202 1622 2245 Interquieseendum.

909 2251 1060 2293 Cynthia
1082 2252 1339 2295 Propertiana:
1365 2253 1376 2271 ⁴
1391 2253 1523 2296 Striga,
1542 2264 1623 2287 nam

907 2303 1006 2345 capio
1022 2304 1107 2336 vulsi
1119 2309 1291 2346 carpenta
1304 2304 1467 2346 nepotis:
1489 2305 1625 2338 Seneca

909 2353 1022 2396 Epist.
1042 2363 1153 2388 xxx1.
1176 2357 1186 2374 ‘
1202 2356 1332 2388 Rursus
1347 2355 1392 2388 ad
1406 2355 1553 2389 honesta
1575 2357 1625 2389 ni·

907 2409 1036 2447 tentes,
1071 2410 1203 2449 quanto
1240 2407 1350 2449 magis
1387 2407 1624 2450 incubuerint,

907 2458 1087 2502 minusque
1111 2459 1176 2492 sibi
1202 2458 1295 2491 vinci
1320 2468 1361 2491 ac
1377 2459 1527 2500 strigare
1542 2468 1624 2501 per-

907 2510 1076 2551 miserint,
1092 2509 1289 2542 admirabor
1302 2514 1339 2543 et
1354 2509 1623 2548 clamabo,Tau-

907 2566 944 2595 to
962 2563 1105 2603 melior;
1129 2572 1233 2604 surge
1258 2566 1295 2595 et
1312 2562 1482 2604 restriga:
1507 2566 1544 2595 et
1558 2562 1620 2595 cli-

906 2623 986 2646 vum
1003 2614 1106 2647 istum
1127 2624 1206 2655 uno,
1232 2615 1260 2646 si
1286 2617 1399 2656 potes,
1420 2614 1546 2656 spiritu
1561 2624 1621 2647 ex·

905 2665 1052 2707 supera?
1096 2664 1269 2698 Charisius
1285 2664 1345 2697 lib.
1357 2674 1384 2697 1.
1406 2664 1415 2682 ‘
1429 2665 1560 2706 Striga,
1571 2665 1621 2697 in-

906 2715 1088 2748 tervallum
1104 2720 1296 2748 turmarum
1311 2715 1540 2757 siguificat‚in
1553 2726 1622 2759 quo

906 2766 988 2808 equi
1000 2766 1217 2808 strigantur!
1239 2766 1318 2800 vid.
1335 2766 1486 2809 Higinus
1502 2767 1562 2800 lib.
1575 2767 1620 2800 de

907 2821 1069 2850 casti-am.
1095 2817 1174 2858 Εἰς.
