1806 3236
193 238 279 284 518

193 345 272 388 bus,
283 348 326 379 ut
340 344 431 389 apud
447 345 701 388 Centumviros,
717 346 784 388 ipsi
806 345 900 388 judi·

193 406 252 430 ces
267 397 410 440 exigunt
425 397 590 430 sollicitas
605 402 642 431 et
651 402 830 432 accuratas
844 409 899 432 ac-

192 447 326 481 tiones!
347 448 426 489 Rig.

236 499 491 541 Pertraxerunt]
529 499 592 532 Est
607 503 644 533 et
659 501 724 534 hoc
740 501 832 534 inter
846 510 900 533 so·

192 549 320 591 lemna,
350 550 392 582 de
408 551 529 593 quibus
546 551 752 585 Brissonius-
795 552 901 594 Apud

195 600 320 632 Horat.
336 601 466 642 legitur
479 603 607 635 extrahi
631 603 695 635 hoc
708 613 811 635 sensu
826 603 901 636 Sat.

192 658 218 684 1.
231 654 262 684 1.
285 651 296 670 ‘
307 652 373 684 Ille
400 652 490 685 datis
504 653 661 694 vadibus,
676 654 733 696 qui
749 663 828 687 rure
843 663 901 686 ex-

193 705 327 735 tractus
343 703 378 734 in
395 704 538 736 urbem!
559 705 664 745 Scires.

236 751 291 785 Aa
309 753 443 785 Centum
457 754 556 795 viros]
590 754 693 796 Apud
723 756 784 789 hos
809 757 900 790 enirn

194 803 386 844 agebantur
400 804 753 849 disceptabanturque
769 817 899 841 caussae

194 854 382 896 graviores,
405 865 482 897 quae
511 859 547 888 et
573 856 582 873 ‘
596 857 871 891 Centumvirales
887 858 898 875 '

193 904 276 937 inde
291 905 479 946 appellatae
497 906 670 949 Ciceroni,
685 908 899 942 Quintiliano

194 959 231 988 et
243 957 357 989 Plinio
370 957 540 991 Secundo.
565 959 652 992 Ritt.

240 1008 472 1051 Centumviros]
503 1010 592 1042 Vide
605 1011 749 1044 Sueton.
760 1011 804 1044 de
820 1022 899 1045 cen-

195 1059 435 1092 tumviralibus
465 1060 619 1102 judiciis.
673 1062 804 1095 Lucan.
830 1064 899 1095 Pa-

193 1119 314 1152 negyr.
330 1110 421 1142 inter
443 1110 564 1153 Epigr.
590 1112 669 1144 Vet.
685 1122 719 1154 p.
732 1115 806 1145 114.
828 1113 839 1131 ‘
853 1115 900 1146 Et

192 1159 332 1192 firmare
342 1161 446 1202 jubet
462 1165 609 1194 centeno
619 1162 740 1204 judice
756 1163 900 1196 causas!

198 1211 285 1244 Gud.

234 1265 281 1295 36
300 1263 479 1305 Βερνίηιίέ]
530 1265 637 1307 Lege,
672 1265 744 1298 dein
770 1266 899 1307 premit.

194 1313 317 1346 Heius.

236 1362 396 1405 Suspicio]
418 1364 580 1407 Suspeceio
592 1366 789 1408 legendum,
809 1371 849 1400 ut
863 1371 900 1400 et

193 1414 378 1447 Salmasius
416 1406 560 1450 notavit.
618 1417 781 1459 &spectio
809 1418 899 1450 idem

194 1470 261 1506 est,
289 1467 380 1508 quod
408 1467 554 1509 suspicio.
624 1469 744 1500 Celsus
771 1468 815 1500 de
845 1469 899 1501 Re

193 1516 291 1549 Med.
309 1516 366 1549 lib.
382 1526 424 1549 11.
455 1528 486 1551 c.
502 1521 557 1551 10.
586 1529 620 1560 p.
636 1523 689 1551 85.
710 1519 769 1551 ‘Si
790 1519 900 1552 morbi

194 1566 287 1599 ratio
319 1567 486 1608 patiatur,
515 1572 589 1600 tum
619 1569 768 1611 demum,
806 1571 901 1603 nulla

193 1617 378 1650 cruditatis
394 1619 612 1660 suspectione
628 1624 840 1661 remanente,
863 1621 900 1653 id

193 1667 281 1700 fiet!
350 1668 407 1700 Ita
443 1669 507 1702 lroc
535 1670 610 1702 loco
636 1671 791 1703 vetustis.
821 1671 899 1705 libr.

195 1719 296 1752 Quod
324 1730 406 1752 vero
429 1721 464 1753 in
490 1721 692 1763 quibusdam
720 1722 898 1755 codicibus

192 1769 342 1802 habetur
369 1771 517 1812 suspicio,
547 1773 719 1813 glossema
743 1778 810 1813 est,
834 1783 899 1806 nec

191 1821 396 1854 Editor-ibus
412 1822 531 1855 debuit
553 1824 706 1864 placere.
749 1824 839 1857 Vide
854 1824 898 1857 ad

193 1871 331 1914 proefat.
347 1872 447 1914 hujus
461 1872 551 1905 libri.
575 1873 662 1907 Gud.

236 1925 279 1954 3⁷
304 1922 409 1965 Quod]
431 1924 536 1955 Forte
553 1925 643 1961 Quae.
665 1926 785 1959 Heius.

237 1973 331 2005 Bona
340 1973 512 2015 possideat]
551 1975 663 2008 Nimis
694 1977 809 2009 brevis
833 1981 899 2010 est.

194 2023 287 2055 Puto
317 2027 432 2056 autem
459 2025 524 2057 hoc
555 2027 665 2059 velle:
706 2029 899 2070 suspicatos

193 2073 392 2116 plerosque,
416 2075 627 2109 commisisse
642 2077 676 2109 id
693 2077 838 2120 facinus,
860 2083 900 2112 ut

194 2129 276 2166 post
301 2125 432 2158 obitum
448 2127 563 2160 mariti
590 2132 626 2160 et
650 2128 711 2161 filii
733 2131 806 2163 sola
822 2141 900 2172 pos·

194 2175 324 2209 siden-et
337 2176 428 2209 bona
456 2182 492 2210 et
515 2178 769 2222 haereditatem‚
794 2181 900 2224 idque

193 2237 238 2259 ex
252 2237 308 2271 eo,
320 2227 400 2269 quia
414 2228 556 2260 tenebat
572 2229 630 2260 illa
645 2229 745 2263 bona.
782 2232 837 2264 Ita
851 2233 900 2264 el-

194 2277 318 2319 liptica
331 2278 398 2310 erit
413 2278 534 2318 oratio,
552 2279 601 2311 sic
613 2282 806 2321 explenda:
831 2283 900 2315 De-

195 2329 314 2370 primit
328 2330 476 2371 suspicio
492 2330 694 2374 obid‚quod
713 2334 899 2373 possideat.

194 2378 310 2412 Aliter
326 2379 499 2422 interpres
512 2380 630 2413 Gallus
642 2383 805 2415 nonnihil.
830 2385 899 2416 Vc-

195 2440 269 2462 rum
287 2432 535 2472 expositionem
562 2437 713 2465 nostram
738 2439 821 2475 puto
842 2445 900 2467 ne-

195 2482 291 2523 gotio
308 2491 381 2513 esse
394 2482 761 2520 convenientissimam.
794 2485 899 2525 Scleef.

237 2532 417 2576 Possideat]
443 2533 629 2566 Salmasius
647 2534 800 2576 possidat.
830 2536 901 2569 Gu-

193 2585 284 2618 dius.

238 2635 351 2676 Stant]
375 2634 417 2667 Id
431 2638 496 2673 est,
509 2635 686 2669 resistunt.
715 2635 834 2669 Sumta
847 2637 898 2669 lo-

193 2686 287 2718 cutio
303 2696 346 2718 ex
362 2696 466 2718 arena
491 2686 729 2728 gladiatorum,
760 2691 798 2720 ut
825 2689 897 2721 vult

194 2736 294 2767 Voss.
310 2736 407 2769 Com.
423 2737 525 2769 Rhet.
539 2746 564 2769 1.
578 2740 611 2771 6.
626 2741 656 2770 5.
681 2738 734 2770 vel
756 2738 862 2771 etiam
878 2749 898 2771 a

195 2795 234 2817 re
247 2787 401 2819 militari.
428 2788 517 2819 Nam
534 2793 570 2820 et
583 2790 698 2821 Dares
713 2790 898 2833 Phrygius,

194 2837 230 2871 in
265 2845 331 2880 quo
362 2837 448 2871 bona
478 2838 636 2883 quaedam
671 2844 707 2873 et
735 2840 897 2884 antiqua:

662 249 805 283 No'rAE
838 250 1105 286 VARmRUM
1139 255 1192 286 IN

946 346 957 365 ‘
970 347 1192 382 Penthesilea
1205 348 1381 392 occurrit:
1403 350 1466 392 ait,
1487 351 1500 371 ⁶
1511 350 1654 387 fortiter

949 398 1102 431 cominus
1131 399 1231 432 stetit
1242 399 1264 440 ς’
1293 405 1330 434 et
1358 401 1549 436 locutiones
1574 403 1659 438 alinr

949 446 1074 480 similes
1087 457 1124 480 se
1139 447 1300 483 offerunt.
1345 451 1437 485 Hinc
1452 456 1656 495 arguments
1694 467 1696 469 ·

950 499 1112 532 dicuntur
1133 500 1143 518 ‘
1154 501 1296 534 Hastae'
1319 502 1478 536 Ciceroni
1493 509 1530 538 et
1545 505 1654 540 Quin-

951 550 1090 582 tiliano:
1106 551 1187 584 hinc
1202 552 1212 570 ‘
1227 552 1416 587 Conflictus
1425 565 1620 590 caussarum
1631 555 1655 589 ε’

950 601 1030 634 hinc
1061 602 1213 635 ‘Arcem
1227 613 1357 637 caussas
1381 606 1572 649 invadere‚'
1601 617 1657 640 ar·

952 657 1117 697 gumenta
1145 655 1354 697 ‘Dirigere,’
1384 657 1502 690 ‘Tela'
1527 658 1656 692 submi·

950 706 1109 747 nistrare,
1131 711 1169 739 et
1197 717 1273 749 quae
1300 708 1397 749 plura
1422 713 1567 750 possunt
1581 710 1655 745 ani-

950 757 1135 790 madverti.
1173 758 1310 791 Prason.
1368 759 1659 793 Fiducinmaeom

949 809 1178 851 stantiamque
1192 814 1303 849 notat,
1327 814 1367 841 ut
1388 810 1423 842 in
1436 810 1503 843 isto
1517 810 1656 853 Virgilii

948 859 1024 893 AEn.
1040 869 1107 893 vn.
1123 860 1214 902 qnod
1225 860 1354 892 Noster
1370 859 1463 893 forte
1477 860 1656 903 respexit:

949 912 960 930 ‘
977 912 1043 944 His
1058 911 1117 944 ubi
1131 912 1359 955 nequicquam
1374 913 1477 946 dictis
1498 918 1657 956 experta,

949 963 1109 996 Latinum
1132 963 1260 996 Contra
1288 968 1380 996 stare
1408 963 1527 997 videt.'
1569 964 1656 997 Per-

948 1014 1017 1046 sius
1035 1015 1107 1047 Sat.
1132 1024 1166 1047 v.
1191 1017 1244 1047 96.
1266 1015 1369 1047 ‘Stat
1395 1020 1516 1048 contra
1542 1015 1656 1049 ratio:

949 1065 1103 1097 Martial.
1116 1074 1143 1098 1.
1166 1065 1175 1083 ‘
1187 1065 1268 1098 Stat
1287 1070 1406 1098 contra
1420 1065 1578 1108 dicitque
1590 1066 1656 1099 tibi
1701 1087 1704 1090 ,

950 1120 1011 1148 tua
1038 1116 1184 1158 pagina:
1234 1117 1303 1148 Fur
1332 1115 1392 1149 es?
1457 1117 1555 1149 Solet
1581 1116 1657 1150 fere

949 1166 1108 1207 usurpari
1135 1166 1178 1198 de
1207 1166 1364 1209 patronis
1394 1177 1584 1208 causarum,
1619 1171 1656 1200 et

949 1218 1053 1259 plane
1069 1217 1205 1249 forense
1228 1222 1293 1250 est.
1337 1218 1427 1250 Vide
1450 1217 1513 1251 inf.
1533 1218 1595 1251 lib.
1618 1227 1654 1250 v.

949 1272 982 1300 6.
1027 1267 1119 1300 Illud
1127 1267 1280 1309 fortiter,
1306 1267 1524 1300 referendum
1539 1272 1595 1300 est
1609 1267 1654 1300 ad

950 1318 1158 1361 subsequens
1188 1322 1320 1360 tuentes,
1363 1328 1442 1352 mea
1471 1319 1655 1352 sententia.

949 1369 1077 1401 Fabius
1106 1369 1195 1401 Inst.
1218 1379 1269 1402 vr.
1287 1372 1318 1403 1.
1350 1369 1539 1403 ‘Quaedam
1564 1369 1656 1402 enim

944 1419 1020 1461 jam
1055 1418 1197 1451 fortiter
1236 1419 1368 1452 tuenda
1408 1419 1512 1452 suut!
1549 1419 1654 1459 &laef-

951 1470 1076 1502 Horat.
1090 1470 1163 1503 Sat.
1179 1479 1204 1502 ι.
1219 1474 1252 1502 9.
1275 1470 1285 1488 ‘
1297 1470 1516 1512 Dispeream,
1537 1470 1567 1502 si
1582 1469 1656 1503 Ant
1719 1506 1727 1519 Ι

950 1522 1049 1554 valeo
1063 1525 1168 1561 stare,
1183 1524 1242 1553 aut
1255 1521 1334 1552 novi
1350 1521 1466 1553 civilia
1473 1519 1578 1562 jura)

993 1572 1088 1604 Stant
1100 1572 1228 1614 patroni
1234 1571 1384 1612 fortiter]
1418 1570 1533 1603 Infra:
1557 1571 1567 1590 ‘
1583 1570 1656 1603 Pro

944 1623 1081 1665 judicio
1097 1623 1176 1655 dum
1193 1626 1286 1654 stant
1309 1621 1437 1654 erroris
1456 1620 1538 1654 sui!
1581 1622 1656 1655 Cic.

950 1678 987 1706 et
1014 1674 1183 1707 Victor-in.
1212 1672 1388 1705 Rhetoric.
1415 1682 1442 1705 1.
1467 1673 1478 1690 ⁸
1491 1671 1655 1714 Mendaci

949 1725 1102 1757 oratione
1118 1727 1240 1756 contra
1256 1732 1371 1755 veram
1386 1732 1520 1755 causam
1535 1722 1654 1756 stare-f

949 1775 1030 1807 vid.
1054 1775 1184 1807 Donat.
1198 1774 1243 1806 ad
1256 1773 1344 1805 illud
1355 1773 1497 1805 Terent.
1511 1772 1654 1807 Phorm-

949 1827 959 1845 ‘
974 1826 1021 1858 Ni
1043 1826 1117 1857 haec
1139 1825 1189 1857 ita
1215 1827 1345 1864 essent,
1375 1833 1453 1856 cum
1479 1823 1539 1855 illo
1560 1823 1653 1856 haud

919 1879 924 1883 ”
947 1881 1072 1917 stares,
1086 1874 1271 1908 Phaedria!
1295 1874 1374 1915 Εἰς.

993 1927 1151 1969 Fortiter]
1170 1926 1243 1959 Ita‘
1254 1925 1408 1958 Fortiter
1418 1924 1546 1959 dicere’
1558 1934 1653 1974 σερε

949 1978 1203 2012 Quinctilianus
1232 1976 1277 2009 de
1301 1985 1498 2009 caussarum
1527 1975 1654 2009 actori-

944 2030 1025 2064 hus.
1069 2028 1151 2060 vid.
1177 2027 1233 2060 ad.
1257 2028 1343 2060 Inst.
1369 2027 1428 2059 lib.
1443 2036 1485 2060 u.
1501 2030 1554 2060 12.
1567 2031 1605 2060 et
1617 2035 1655 2060 x.

949 2082 983 2111 4.
1024 2083 1061 2112 et
1090 2079 1125 2111 in
1155 2076 1478 2111 Declamationibus
1513 2077 1653 2120 passim.

949 2132 1066 2164 Burm.

993 2185 1035 2215 40
1062 2182 1106 2214 Ut
1131 2181 1294 2222 adiuvaret
1308 2180 1520 2221 ,iurisiurandi
1534 2181 1652 2224 fidem]

951 2234 1120 2267 Nimirum
1130 2233 1266 2275 judices
1283 2232 1543 2274 pronunciaturi
1558 2241 1653 2265 se'ex

950 2284 1052 2316 animi
1068 2283 1242 2316 sententia
1256 2282 1375 2315 facere
1390 2281 1655 2324 profitebantur.

950 2335 1035 2367 Fab.
1062 2334 1165 2367 Deci.
1180 2342 1331 2367 cccxm.
1375 2332 1521 2367 Quintil.
1544 2332 1654 2365 libn'.

950 2395 981 2419 c.
997 2388 1050 2417 ll.
1071 2385 1080 2402 ‘
1095 2384 1252 2426 Rogandi
1276 2383 1381 2416 etiam
1403 2386 1485 2415 sunt
1503 2381 1653 2424 judices,

949 2440 988 2468 ut
1002 2445 1073 2467 rem
1086 2435 1201 2477 potius
1213 2434 1411 2467 intueantur
1421 2433 1540 2474 ipsam,
1552 2442 1652 2474 quam

945 2485 1164 2528 jurijurando
1179 2484 1292 2516 alieno
1308 2493 1406 2516 suurn
1429 2481 1591 2514 donent:’
1616 2485 1653 2514 et

950 2547 1029 2578 cap.
1055 2539 1087 2568 6.
1110 2535 1168 2567 ubi
1193 2535 1236 2566 de
1254 2532 1502 2576 jurejurando:
1525 2531 1596 2564 ‘At
1611 2532 1652 2571 is,

950 2587 1008 2630 qui
1034 2585 1160 2627 defert,
1187 2595 1289 2626 agere
1318 2583 1471 2616 modeste
1500 2581 1651 2624 videtur,

950 2647 1053 2680 quum
1076 2637 1145 2668 litis
1164 2636 1319 2676 judicem
1340 2633 1572 2666 adversarium
1601 2632 1651 2665 fa-

949 2687 1032 2727 ciat,
1047 2690 1082 2718 et
1098 2695 1188 2727 eum,
1199 2685 1296 2726 cujus
1307 2683 1458 2726 cognitio
1469 2689 1535 2723 est,
1547 2693 1652 2716 onere

948 2737 1096 2771 liberet:
1120 2736 1178 2779 qui
1208 2733 1363 2777 profecto
1386 2734 1498 2766 alieno
1517 2734 1652 2776 jureju-

949 2787 1057 2820 rando
1074 2786 1170 2825 stari,
1199 2795 1298 2827 quam
1315 2794 1388 2826 suo,
1403 2784 1522 2816 malit!
1565 2785 1574 2802 ‘
1588 2784 1651 2818 Ju-

947 2839 1054 2881 dices,
1075 2842 1253 2880 antequam
1273 2835 1484 2878 judicarent,
1506 2835 1540 2870 in
1556 2835 1650 2879 leges
