1806 3236
214 221 299 263 166
508 229 707 261 nulnum
744 227 1053 260 flauminum
1088 227 1385 260 AESOPIARUM

782 499 992 539 FABULA
1044 499 1116 538 XI.

516 669 869 722 EUNUCHUS
901 678 992 722 AD
1022 678 1395 723 IMPROBUM.

224 823 507 866 EUNUCHUS
526 823 729 877 litigabat
749 836 850 865 cum
867 822 1062 878 quodam
1079 823 1300 878 improbo,

225 891 335 943 Qui,
357 904 493 946 super
511 891 726 933 obscoena
744 890 865 933 dicta
884 894 926 934 et
944 891 1148 946 petulans
1161 890 1367 946 jurgium,

226 959 450 1001 Damnum
471 958 718 1001 insectatus
736 962 805 1000 est
822 958 979 1001 amissi
999 960 1215 1013 corporis.

227 1026 310 1079 En,
331 1027 411 1077 ait,
429 1026 516 1068 hoc
535 1039 668 1068 unum
684 1030 770 1077 est,
789 1038 869 1068 cur
885 1026 1085 1068 laborem
1107 1026 1313 1078 validius,

226 1093 501 1148 Integritatis
519 1096 653 1136 testes
673 1093 778 1148 quia
797 1093 955 1136 desunt
972 1093 1093 1135 mihi.
1514 1118 1522 1124 ν
1658 1097 1687 1138 ⁵

229 1161 317 1204 Sed
339 1161 446 1217 quid
465 1161 668 1212 fortunae,
685 1160 849 1214 Stulte,
865 1161 1073 1203 delictum
1093 1160 1269 1215 arguis?

271 1271 377 1313 spado
391 1272 546 1313 jurgabat
570 1281 641 1305 cum
662 1272 765 1314 aliquo
786 1272 944 1312 nebulone,
965 1271 1031 1313 qui,
1049 1275 1168 1313 proeter
1190 1271 1283 1304 verbu
1307 1271 1470 1305 iunonem
1490 1275 1524 1305 et
1540 1273 1688 1314 jurgium

227 1325 311 1354 acre,
332 1315 532 1357 exprobravit
548 1315 711 1356 jacturam
734 1315 900 1348 virilitatis
919 1318 1045 1357 erepta.
1090 1315 1157 1356 En,
1177 1315 1290 1356 inquit,
1311 1315 1388 1348 alud
1411 1325 1508 1347 unum
1527 1319 1588 1357 cut,
1608 1317 1688 1358 qnod

227 1369 276 1391 me
289 1359 381 1400 angit
394 1359 613 1400 vehementius,
633 1359 780 1400 quoniam
793 1369 883 1391 careo
907 1358 1038 1390 tatibus
1051 1358 1190 1399 corpori·
1203 1358 1334 1399 integri.
1377 1356 1440 1390 Sea
1461 1359 1548 1400 qnid,
1569 1360 1689 1399 insane,

222 1404 333 1485 §arpis
348 1401 517 1444 flagitium
530 1399 698 1441 fortune?
752 1401 839 1434 Illud
869 1401 980 1443 quippe
1007 1400 1125 1441 insama
1153 1404 1200 1433 ent
1227 1400 1359 1444 homini,
1389 1402 1469 1443 quod
1493 1401 1625 1435 meritus
1646 1402 1689 1434 rit

245 1455 324 1478 erre.

273 1556 294 1585 2
319 1552 396 1590 Qui.
420 1551 503 1590 Alii,
518 1556 557 1585 ut
571 1552 696 1585 Nevel.
717 1551 846 1594 Rigalt.
872 1551 938 1586 Ed.
952 1554 984 1586 2.
999 1552 1122 1594 legunt
1143 1551 1216 1592 cni,
1230 1550 1322 1594 quod
1346 1550 1453 1584 habet
1475 1551 1544 1585 Ms.
1559 1550 1655 1587 Pith'.
1669 1562 1689 1586 e

231 1596 363 1629 solenni
378 1596 437 1627 ilia
450 1595 508 1627 τοῦ
528 1606 546 1627 c
571 1600 608 1627 et
622 1606 664 1637 qu
678 1595 944 1638 permutatione,
971 1595 1014 1628 de
1030 1605 1098 1637 qua
1117 1594 1254 1627 erudite
1275 1594 1414 1627 disserit
1440 1594 1532 1627 Gud.
1547 1594 1592 1627 ad
1608 1595 1690 1629 Fab-

231 1649 287 1714 sq.t
301 1638 579 1715 CSgdgleingus
594 1638 891 1714 ‘lumtffittmhus'
913 1638 1099 1715 legtithyi,
1115 1647 1192 1714 gu}
1214 1638 1319 1688 lectio
1343 1637 1468 1688 deinde
1491 1636 1693 1717 {anemius

232 1692 269 1715 es
332 1692 351 1714 o
377 1705 386 1715 .
434 1691 484 1714 er.
537 1691 557 1713 u
583 1690 602 1713 e
620 1691 659 1714 us
691 1691 790 1715 amen
804 1691 962 1714 revocavi
1026 1692 1115 1715 ut.-—
1191 1690 1279 1714 must
1301 1689 1441 1722 corpora
1579 1690 1600 1715 e
1676 1692 1694 1714 r

230 1725 270 1757 -in
285 1725 370 1757 Mss.
386 1724 483 1757 Pith.
501 1691 596 1757 Regi.
623 1727 660 1757 et
683 1716 794 1757 Editt.
816 1729 887 1757 vet.
913 1725 976 1757 sed
1015 1725 1071 1757 uia
1092 1723 1239 1756 amissum
1263 1733 1373 1774 corpus
1395 1703 1494 1756 reete
1507 1720 1577 1758 dici
1590 1691 1637 1767 ιε
1673 1735 1693 1758 e

230 1770 375 1809 negant,
398 1767 494 1800 varie
513 1767 546 1800 h.
572 1768 596 1799 1.
621 1767 796 1801 solicitant
820 1767 954 1799 Critici.
1032 1767 1182 1799 raschius
1198 1766 1341 1799 con'icit
1356 1766 1464 1799 aniani
1477 1766 1608 1806 roboris.
1620 1766 1645 1801 i.
1660 1776 1692 1800 e.

233 1810 419 1851 virilitatis,
433 1810 605 1852 probante
619 1809 763 1843 Heinsio
779 1810 845 1851 Ep.
861 1818 944 1842 vm.
960 1809 1004 1841 ad
1017 1807 1144 1842 scheff.
1159 1809 1249 1841 Sana
1274 1813 1384 1850 on,.et
1399 1809 1551 1852 Philipp.
1565 1809 1696 1845 «mm

230 1853 580 1895 ›corporis,praeeunte
595 1852 783 1893 Praschio;
814 1852 887 1893 alii,
914 1856 953 1885 ut
973 1850 1101 1885 Scheff.
1125 1851 1311 1884 emendant
1334 1851 1431 1885 uersi
1567 1851 1574 1860 ‘
1592 1875 1603 1886 .
1635 1852 1696 1889 ⁴..At

235 1906 318 1929 vero
333 1906 410 1929 cum
423 1906 534 1938 corpus
550 1905 612 1938 pro
628 1895 718 1928 virili
733 1900 834 1938 parte
857 1899 991 1928 rectum
1005 1895 1063 1934 sit,
1079 1898 1116 1927 et
1129 1895 1275 1927 amittere
1290 1893 1478 1928 virilitatem
1515 1893 1562 1927 'ci
1574 1895 1695 1937 possit,

235 1939 462 1981 probantibus
477 1939 632 1981 Rigaitio
645 1942 750 1982 atque
763 1936 938 1971 Scheffero
962 1947 1004 1970 ex
1027 1937 1190 1970 ICtorum
1205 1937 1343 1979 scriptis
1367 1937 1428 1971 lib.
1452 1945 1503 1972 ιν.
1523 1937 1636 1971 Pana.
1651 1938 1696 1972 ad

237 1983 277 2015 L.
306 1983 408 2016 Corn.
433 1982 519 2016 nihii
545 1981 704 2025 impedit,
727 1991 795 2024 quo
819 1981 930 2015 minus
956 1980 1102 2014 omissum
1129 1989 1239 2022 eorpus
1268 1979 1406 2013 dicatur
1429 1979 1474 2013 de
1500 1980 1622 2016 eadem
1644 1990 1694 2014 re.

232 2026 354 2059 Etiam
370 2026 443 2059 Cic.
460 2025 503 2058 ad
518 2025 597 2058 Div.
612 2024 671 2059 lib.
686 2034 753 2058 vn.
767 2027 822 2058 263
838 2024 905 2058 etsi
921 2033 1023 2056 sensu
1050 2024 1221 2066 paululum
1244 2022 1380 2057 diverso
1403 2022 1506 2064 dixit,
1527 2024 1539 2042 ⁸
1553 2023 1697 2059 vin-unt

238 2078 362 2111 corpus
376 2068 496 2101 amisi?
511 2067 558 2102 cf.
573 2069 838 2101 Burmanu.—⁴.
853 2071 872 2099 5
895 2066 1118 2100 Incommode
1130 2066 1312 2100 admodum
1327 2065 1512 2101 credebaut
1526 2066 1697 2111 olimfvbaec

237 2112 346 2145 verba
359 2112 534 2145 conarere
549 2110 827 2154 praecedentibus
840 2115 876 2143 et
889 2109 1123 2153 sequentibus,
1139 2114 1176 2142 et
1191 2109 1297 2142 tribui
1321 2109 1386 2151 ipsi
1407 2109 1584 2151 Eunucho.
1595 2119 1699 2154 quare

239 2156 354 2197 potins
369 2155 548 2188 continere
563 2164 712 2188 scomma
731 2154 948 2189 insectatoris
970 2152 1116 2195 improbi
1131 2152 1336 2193 arbitrabar,
1359 2156 1395 2193 et
1409 2151 1503 2187 forte
1515 2151 1699 2194 legendum

240 2208 318 2230 esse
333 2198 578 2240 conjectabam,
594 2198 648 2234 En
669 2199 729 2238 ait,
742 2198 798 2229 hoc
821 2207 916 2230 unum
934 2199 993 2237 est,
1011 2206 1066 2228 cur
1090 2196 1207 2228 labores
1231 2195 1377 2238 validius,
1388 2195 1700 2237 numantinum

234 2241 312 2282 *quio
327 2242 437 2273 desunt
451 2241 524 2282 tibi,
533 2246 572 2273 ut
579 2241 684 2283 jocus
698 2240 792 2273 sitin
808 2240 965 2282 ambigua
980 2239 1073 2271 vocis
1087 2239 1201 2271 labori·
1212 2237 1472 2280 significatione,
1482 2239 1580 2281 quusi
1591 2238 1699 2279 dicat,

238 2285 306 2317 hoc
322 2293 436 2324 unum,
446 2284 482 2316 id
497 2288 564 2324 est,
578 2284 686 2316 solum
702 2287 770 2324 est,
780 2293 842 2316 cur
858 2283 932 2325 pius
945 2282 1072 2314 laboris
1087 2281 1122 2313 in
1143 2281 1208 2314 hac
1227 2282 1290 2314 lite
1313 2286 1431 2314 nostra
1442 2278 1604 2323 insumas,
1618 2282 1699 2325 quin

242 2331 353 2360 testes
368 2327 575 2368 integritatis
590 2331 627 2358 et
641 2327 797 2358 candoris
812 2324 936 2359 desunt
951 2325 1027 2366 tibi,
1042 2334 1119 2367 quae
1139 2324 1221 2357 mihi
1233 2322 1367 2356 facilius
1387 2333 1451 2366 per
1464 2333 1501 2356 se
1516 2329 1698 2365 constant;

235 2370 299 2403 >vel
314 2370 433 2402 labores
446 2375 510 2408 est,
525 2371 632 2411 magis
644 2369 798 2402 solicitus
821 2370 881 2410 sis,
907 2367 1057 2400 verearis
1070 2377 1114 2399 ne
1129 2366 1253 2409 perdas
1274 2367 1383 2407 litem,
1398 2371 1438 2401 ut
1451 2366 1592 2400 laborare
1608 2369 1700 2402 sumi

242 2412 389 2445 vidimus
414 2413 458 2445 ad
481 2413 626 2445 Petron.
652 2421 730 2453 cap.
758 2415 832 2444 116.
880 2411 1079 2453 Respondet
1104 2419 1187 2443 vero
1210 2409 1392 2443 Eunuchus
1407 2410 1564 2452 sequenti
1586 2419 1700 2451 vena,

245 2456 308 2488 Sed
324 2456 410 2498 quid,
424 2458 477 2498 &a
493 2455 640 2487 nondum
665 2459 778 2486 tamen
794 2454 885 2487 forte
911 2458 1010 2496 patet
1035 2452 1133 2486 nobis
1154 2453 1252 2495 hujus
1277 2452 1364 2486 dicti
1390 2452 1606 2494 obscoenstas,
1625 2463 1699 2496 quae

245 2504 362 2541 potest
373 2500 481 2531 latere
492 2498 527 2530 in
542 2498 601 2530 illo
615 2497 720 2530 verbo
735 2497 864 2538 labores,
881 2502 920 2529 ut
935 2497 1024 2539 apud
1040 2496 1182 2529 Petron.
1210 2505 1286 2538 cap.
1303 2498 1356 2530 92.
1378 2495 1534 2537 ‘juvenis
1555 2494 1700 2529 laborio-

245 2542 327 2574 sus.'
355 2543 457 2574 Nunc
469 2541 579 2573 adhuc
594 2540 724 2580 dubito,
740 2550 782 2572 an
800 2540 963 2572 Eunucho
977 2540 1052 2571 haec
1067 2538 1173 2571 verba
1187 2539 1255 2570 sint
1269 2538 1465 2579 tribuenda,
1477 2548 1519 2570 an
1533 2538 1700 2580 improbo.

245 2585 327 2617 Non
341 2585 460 2627 liquet.
486 2585 658 2616 Burmann.
681 2583 768 2614 Haec
783 2582 863 2614 mihi
879 2582 1061 2624 displicere
1072 2582 1219 2621 ingenue
1233 2580 1356 2614 fateor.
1381 2581 1541 2613 Heinsius
1557 2581 1701 2614 arbitra-

247 2628 299 2659 ria
316 2637 378 2660 nec
394 2627 588 2660 necessaria
602 2626 840 2658 emendatione
854 2625 939 2666 legit
949 2635 960 2656 ι
973 2624 1071 2663 Quin,
1082 2624 1142 2663 uit,
1157 2625 1212 2655 hoc
1222 2625 1276 2655 uni
1290 2627 1347 2664 est,
1360 2634 1416 2656 cur
1426 2623 1560 2655 laborem
1570 2624 1702 2657 valdan.

250 2671 336 2706 Quin
348 2671 394 2702 ait
410 2671 525 2712 placet
538 2669 712 2709 Bentleio,
724 2673 759 2700 et
775 2671 977 2709 receperunt
993 2667 1216 2706 Cuningham.
1232 2671 1269 2698 et
1284 2666 1403 2698 Didot.
1433 2666 1581 2707 Conjicit
1595 2667 1700 2699 etiam

249 2714 413 2745 Heinsius
436 2713 637 2753 Integritati,
658 2712 712 2744 cui
739 2711 944 2752 conjecturae
959 2709 1054 2742 favet
1079 2710 1146 2741 Ms.
1162 2709 1311 2740 Perotti.
1345 2707 1536 2740 Schefl'erus
1560 2719 1624 2750 pro
1649 2711 1701 2742 En

250 2757 368 2788 mallet
385 2756 518 2797 Ee‚hoc
542 2765 666 2787 sensu:
691 2754 795 2787 etiam
808 2755 873 2786 hoc
896 2758 946 2786 est
973 2762 1075 2784 unum
1091 2762 1134 2784 ex
1151 2751 1205 2792 iis,
1220 2751 1264 2783 ob
1280 2761 1357 2794 quae
1384 2755 1562 2793 tantopere
1586 2756 1701 2785 tecum

251 2799 434 2832 contendo.
467 2799 683 2832 Frustra—6
711 2797 879 2831 Delictum.
910 2795 1075 2828 Heinsius
1099 2799 1136 2827 et
1164 2794 1298 2827 Gudius
1323 2794 1511 2835 conjiciunt
1535 2794 1701 2835 defectum,
