1806 3236
332 226 536 262 PHAEDRI
572 226 680 261 ΕΑΒ.
713 225 1019 260 AESOPIARUM
1055 226 1154 261 1⁴1ss.
1190 226 1258 259 1V.
1293 226 1438 260 PROL-

1536 216 1628 275 557„

593 499 596 502 .
665 450 943 501 LIBER
1004 450 1099 500 IV.
1164 477 1167 479 —

696 707 1042 753 PROLOGUS
1050 740 1060 752 .

174 836 194 868 1
207 832 324 877 Operis
334 831 451 868 mere
461 831 645 875 terminum]
658 832 846 866 Salmasius

131 885 176 919 ad
191 892 287 919 oram
302 883 383 918 libri
406 883 460 917 sui
475 883 637 917 notavit:
675 884 847 922 ter-mistum

129 934 218 978 operi
245 935 385 969 tradere.
428 935 505 977 Ego
532 934 644 968 molo:
676 935 847 968 terminum

129 987 218 1029 open-l
229 989 394 1025 meru
427 989 469 1019 nt
484 985 578 1029 apud
593 985 743 1020 Livium.
791 985 848 1019 Fi-

129 1050 201 1074 παι
211 1043 354 1074 ast-ee
366 1048 462 1082 saepe
478 1038 572 1082 apud
587 1039 794 1073 Ciceronem
809 1043 848 1073 et

127 1084 278 1126 Livium.
299 1090 454 1125 Statum
467 1098 552 1132 ergo
566 1099 639 1124 vor
646 1090 788 1133 propria
803 1090 847 1124 de

127 1142 201 1178 fine
213 1147 252 1177 et
266 1142 430 1176 termino.
454 1142 542 1177 Gud.

171 1193 303 1232 Habere
326 1193 512 1238 terminum]
543 1194 702 1228 Luxatus
725 1203 846 1227 versus

126 1248 199 1286 est,
211 1253 314 1288 quem
328 1243 478 1278 restituo
489 1256 500 1278 :
539 1246 621 1279 cum
641 1245 846 1279 destinassem

123 1295 231 1339 operis
250 1295 368 1329 habere
379 1295 564 1330 terminum.
608 1296 722 1330 Porro
738 1295 846 1330 debet

123 1345 203 1381 heic
217 1344 323 1380 statui
337 1345 476 1380 inititun
490 1346 571 1380 libri
586 1346 712 1390 quinti,
726 1356 796 1380 non
806 1345 846 1379 fi-

123 1397 178 1431 nis
184 1397 314 1441 quarti.
339 1397 443 1431 Clare
450 1401 554 1441 patet
562 1407 606 1431 ex
613 1397 689 1431 istis
700 1407 846 1441 sequen-

125 1446 238 1483 tibun-
275 1447 437 1486 mmm
461 1448 599 1482 libeum
637 1449 713 1482 aum
737 1448 845 1482 vacivo

122 1499 279 1540 perlego,
303 1500 359 1542 ξε.
383 1498 520 1532 Meurs.
565 1498 711 1533 Priores
736 1499 843 1533 libri.

123 1550 412 1594 smirna-operio
433 1550 570 1591 haben,-
593 1551 687 1584 unde
711 1551 844 1586 mtter-

124 1602 259 1636 sbusius
279 1605 319 1636 et
344 1601 532 1636 Bartbius:
561 1602 733 1636 terminum
755 1603 844 1646 operi

122 1653 195 1687 lude
216 1654 344 1688 addere.
386 1653 507 1689 Quid?
530 1653 560 1687 si
584 1654 756 1696 legamus.
780 1657 844 1687 ter-

122 1704 246 1739 minuas
268 1704 357 1746 open·
379 1706 533 1739 εἰάκατε.
577 1704 671 1737 Sane
694 1704 844 1738 ‘Termi-

122 1765 206 1792 num
219 1755 396 1790 statuere’
418 1755 603 1799 usurpavit
625 1755 745 1790 Livius
758 1766 843 1800 quo-

122 1815 206 1850 qne,
214 1810 254 1841 et
263 1805 275 1825 ‘
283 1806 407 1840 Finem
417 1806 587 1842 statuere'
595 1806 686 1841 dixit
696 1807 841 1843 Terent.

121 1856 160 1892 in
185 1856 278 1892 Hec.
301 1866 330 1892 1.
356 1867 406 1892 sc.
429 1860 464 1892 2.
519 1857 579 1892 Ita
608 1859 841 1903 conjeceram,

121 1916 202 1942 cnm
215 1909 306 1942 banc
321 1909 560 1952 conjecturam
576 1909 718 1944 firmant
742 1911 839 1946 litte-

121 1968 171 1993 ω
186 1959 368 2003 Gronovii,
393 1960 486 2004 quod
505 1960 672 2004 impense·
688 1962 838 2005 gaudeo.

120 2009 344 2054 ‘Rigonum'
356 2011 426 2045 ait:
447 2012 459 2030 ⁸
475 2012 580 2054 operis
593 2011 707 2046 habere
730 2014 840 2048 termi-

120 2071 208 2095 nans.
252 2061 577 2105 Egoconjeceram‚
591 2064 761 2097 uminum
771 2075 853 2108 ope-—

120 2113 170 2146 ris
179 2115 328 2146 statuve.
360 2113 487 2147 Cicero
502 2123 564 2157 pro
581 2115 703 2150 Quint.
733 2116 743 2135 ‘
756 2117 840 2152 Cer-

124 2168 181 2199 tos
194 2164 279 2198 mibi
297 2162 384 2198 fines
411 2165 646 2210 terminosque
670 2168 841 2202 constitu-

125 2213 229 2248 ΨΜ
249 2214 363 2256 δολό-

170 2265 351 2301 Ter-sinum
373 2267 479 2311 opeeis
491 2267 622 2312 habere]
655 2269 697 2303 F.
711 2270 840 2304 addere.

125 2316 217 2352 Ritt.

165 2372 188 2403 2
210 2367 252 2418 [ι
263 2368 335 2413 hoe]
360 2368 420 2403 Ad
444 2369 522 2412 boc,
542 2370 610 2404 hoc
625 2370 709 2406 fine.
736 2371 840 2406 Colu-

122 2420 227 2455 mella
241 2429 309 2454 vu.
322 2430 354 2454 c.
369 2422 402 2453 Β.
425 2420 436 2439 ‘
452 2420 617 2455 cratibus
639 2422 677 2455 in
691 2423 756 2456 hoc
768 2422 840 2457 fac·

121 2472 244 2508 timita
269 2471 473 2514 ordinatur„
494 2482 540 2506 ne
571 2474 663 2507 alter
690 2475 839 2509 alterum

122 2524 315 2568 contingat.
344 2524 500 2558 Velleius
517 2533 560 2558 11.
573 2535 604 2558 c.
620 2528 696 2560 114.
732 2526 743 2545 ⁴
758 2527 840 2562 Jam

122 2575 159 2610 in
172 2576 239 2610 boc
252 2576 364 2610 solnm
388 2576 617 2619 importatum
636 2577 840 2612 instrumen-

123 2631 197 2662 tum
212 2627 363 2670 balinei,{
378 2629 446 2661 διο.
469 2627 578 2668 Schef.
602 2628 735 2672 Hygia.
752 2629 839 2665 Fab.

122 2680 181 2711 ⁴oe
220 2679 232 2698 ‘
246 2679 288 2712 In
314 2678 380 2712 boc
395 2678 560 2712 Daedalus
586 2681 667 2713 exul
686 2691 764 2715 cum
779 2691 838 2716 ve-

122 2729 254 2763 nis-ete
311 2730 382 2764 Ubi
413 2741 448 2764 v.
488 2731 632 2766 doctiss.
669 2733 837 2768 Muukeri

124 2785 238 2815 notas.
262 2782 352 2816 vell.
376 2783 556 2817 Paterc.l.
571 2793 614 2817 11.
638 2795 669 2819 c.
682 2788 737 2819 41.
773 2786 839 2819 ‘In

123 2832 191 2866 hoc
204 2832 354 2877 scilicet,
368 2843 413 2868 ue
438 2840 623 2878 suspectus
644 2836 695 2870 bis
723 2836 838 2872 foret!

901 832 950 866 Et
963 831 1013 866 sic
1026 832 1038 852 ‘
1054 832 1126 866 Per
1140 831 1226 866 hoc'
1241 842 1318 875 pro,
1332 830 1476 873 idcirco,
1492 831 1535 865 de
1553 842 1621 875 quo

902 883 980 916 vide
996 883 1123 917 Pricae.
1139 883 1184 916 ad
1200 882 1344 926 Apulei.
1368 883 1487 917 Miles.
1512 892 1569 915 111.
1586 893 1622 925 p.

902 937 980 967 137.
1003 935 1119 967 Burm.

944 986 986 1019 In
1001 985 1073 1028 hoc]
1096 986 1194 1019 Nota
1209 984 1341 1019 locutio
1356 984 1454 1020 Juris
1469 985 1622 1019 auctori·

900 1037 977 1071 bus.
1002 1038 1084 1079 Rig.

944 1090 965 1121 3
988 1087 1152 1121 Damnavi
1165 1086 1284 1128 meum]
1308 1087 1418 1120 Meum
1431 1090 1485 1120 est
1506 1097 1527 1120 a
1548 1088 1621 1121 sal-

899 1138 1020 1173 masio.
1064 1139 1170 1173 Forte
1187 1139 1624 1182 legendum,damnavi1›ri-

900 1199 958 1225 us.-
983 1194 1022 1224 ut
1034 1190 1127 1223 idem
1141 1190 1237 1223 dicat
1249 1190 1341 1234 quod
1352 1192 1495 1225 Terent.
1508 1191 1619 1225 Andr.

899 1250 953 1275 ιν.
970 1243 1003 1274 3.
1025 1243 1036 1260 ⁴
1052 1241 1229 1284 Repudio,
1242 1242 1334 1285 quod
1351 1243 1535 1276 consilium
1550 1244 1620 1288 pri-

899 1302 994 1327 mum
1006 1292 1247 1327 intenderam?

942 1347 965 1378 4
991 1344 1077 1377 Talis
1090 1345 1189 1377 etiam
1211 1347 1258 1377 est
1283 1344 1374 1379 tituli
1388 1346 1527 1390 artifex]
1558 1347 1620 1381 Se-

899 1401 1049 1441 quentes
1078 1401 1151 1430 tres
1176 1407 1296 1430 versus
1322 1397 1373 1430 sic
1396 1400 1555 1442 suppleo,
1582 1404 1621 1433 et

899 1448 1058 1490 corrigo:
1081 1448 1179 1491 [Vid.
1207 1448 1294 1482 Var.
1326 1448 1385 1490 L.]
1424 1449 1538 1483 Plane
1565 1460 1618 1483 re-

899 1499 1017 1541 spexit
1031 1498 1146 1532 Poeta
1157 1498 1200 1532 ad
1216 1499 1284 1532 ista
1309 1500 1451 1543 Epilogi
1464 1502 1619 1544 superio-

897 1549 944 1584 ris
961 1550 1064 1583 libri:
1087 1550 1204 1583 ‘Dein
1229 1551 1258 1583 si
1285 1551 1361 1594 quis
1387 1551 1511 1584 eadem
1526 1552 1619 1592 forte

897 1602 1018 1635 conari
1049 1602 1149 1644 velit,
1177 1603 1321 1636 Habere
1342 1607 1385 1636 ut
1415 1604 1527 1646 possit
1558 1605 1621 1638 ali-

896 1654 981 1698 quid
996 1654 1114 1698 operis
1128 1655 1281 1688 residui)
1298 1656 1425 1689 Mem-s.
1459 1657 1618 1692 Titulum

896 1706 1063 1748 intelligit
1078 1706 1207 1749 poetae,
1233 1706 1292 1750 qui
1316 1706 1453 1741 fabulas
1478 1708 1619 1750 scribit3

897 1757 996 1802 quasi
1011 1757 1169 1791 diceret:
1194 1759 1286 1792 Nam
1310 1758 1449 1792 etiamsi
1464 1759 1619 1794 fortassis

897 1813 953 1843 est
968 1808 1076 1852 poeta
1090 1808 1277 1852 quispiam,
1313 1810 1372 1854 qui
1388 1814 1426 1843 et
1441 1810 1516 1853 ipse
1531 1812 1616 1845 scri-

895 1860 979 1894 bere
1004 1860 1155 1894 fabellas
1184 1861 1291 1904 volet,
1327 1863 1513 1905 quomodo<
1530 1863 1617 1898 divi-

893 1922 978 1946 nare
995 1912 1129 1955 poterit
1145 1922 1217 1954 eas,
1241 1923 1327 1956 quas
1354 1923 1420 1956 ego
1447 1915 1561 1955 omisi,
1577 1922 1617 1950 ut

893 1972 965 1996 non
987 1963 1075 1996 alias
1103 1963 1237 1996 scribat
1263 1963 1393 2006 potius,
1422 1974 1508 2007 quas
1539 1966 1616 2009 ipse

893 2012 1019 2057 fingat,
1049 2013 1204 2047 diversas
1230 2013 1337 2056 longe
1363 2014 1408 2047 ab
1431 2015 1497 2057 bis,
1531 2027 1617 2060 quas

894 2066 1040 2099 omitto?
1085 2065 1233 2098 Ursinus
1257 2065 1403 2099 scribit:
1426 2067 1541 2100 acidus
1554 2072 1615 2104 est.

894 2116 1013 2160 Atque
1039 2115 1075 2149 id
1092 2116 1200 2149 etiam
1217 2116 1395 2150 Grouovio
1407 2118 1443 2151 in
1459 2123 1614 2154 mentem

894 2168 1005 2210 venit,
1027 2171 1068 2200 ut
1082 2171 1255 2201 testantur
1281 2168 1354 2212 ejus
1383 2170 1526 2214 litterae,
1552 2172 1614 2206 nbi

893 2221 994 2254 simul
1009 2221 1176 2264 explicat,
1190 2220 1349 2263 ejusdem
1374 2223 1487 2257 laudis
1514 2226 1615 2269 cupi-

893 2271 989 2313 dum,
1004 2275 1042 2305 et
1055 2271 1100 2304 ab
1116 2276 1309 2305 statuarum
1327 2273 1438 2308 titulis
1462 2276 1512 2310 ait
1536 2287 1614 2311 esse

893 2324 1111 2356 translatum·
1140 2322 1248 2364 Schef.
1293 2325 1403 2367 Lege,
1421 2326 1509 2367 erin·
1531 2329 1614 2362 alio-

893 2376 953 2419 qui
966 2386 1085 2410 versus
1102 2386 1171 2409 non
1187 2377 1295 2410 stabit
1309 2378 1377 2411 nisi
1391 2377 1430 2412 τὸ
1454 2380 1493 2412 Μ
1510 2381 1614 2414 susti·

893 2431 978 2461 neat
992 2427 1160 2470 syllabam
1176 2439 1186 2469 ς
1202 2428 1285 2462 dein
1301 2429 1350 2462 ita
1366 2429 1436 2473 legi
1448 2436 1612 2473 oportere

894 2478 985 2512 ratio
1001 2480 1143 2512 clamat.
1167 2479 1284 2512 Faber.
1333 2480 1452 2524 Forte,
1473 2481 1562 2515 Nam
1582 2483 1614 2516 si

893 2531 1054 2573 quinatis
1078 2534 1126 2564 est
1151 2530 1249 2564 etiam
1273 2531 1364 2564 tituli
1388 2533 1484 2566 locus.
1529 2534 1612 2576 Vel,

894 2581 983 2614 Nam
995 2582 1025 2615 ri
1039 2582 1110 2624 quis
1120 2582 1258 2624 reliquus
1272 2586 1319 2615 est
1334 2583 1432 2616 etium
1453 2584 1544 2618 tituli
1566 2586 1612 2618 lo-

892 2642 956 2675 cus,
973 2633 1048 2671 Quo
1061 2637 1154 2676 pacto
1168 2634 1308 2675 damnet,
1329 2634 1359 2667 si
1383 2634 1461 2677 quid
1473 2635 1526 2669 hic
1535 2637 1612 2669 omn·-

890 2682 997 2719 serit?
1033 2683 1157 2718 Heius.
1216 2684 1444 2717 Freinshemii
1470 2687 1611 2729 conjec-

892 2739 974 2769 tura
1002 2745 1074 2778 prae
1090 2735 1230 2768 caeteris
1246 2736 1417 2778 placeret,
1444 2736 1473 2769 si
1499 2741 1612 2771 trans-

894 2791 1044 2829 ponatur
1074 2787 1177 2820 modo
1206 2790 1253 2819 est
1277 2787 1342 2820 hoc
1367 2787 1494 2821 modo:
1519 2789 1609 2831 [Ob-

893 2848 995 2873 serva
1023 2838 1062 2872 τὸ
1085 2840 1173 2872 modo
1200 2838 1252 2872 bis
1283 2839 1444 2882 dictum]
1472 2841 1559 2874 Nam
1579 2842 1609 2875 ri
