1806 3236
407 223 1093 256 PHAEDR1FAB.AEsomARUM
1128 222 1287 255 1.113.1
1317 211 1387 254 19.

162 326 327 365 w
340 317 434 353 mei?
477 317 535 351 Ita
559 322 596 350 et
620 316 713 350 iufra
741 317 804 352 lib.
831 327 876 353 ιι.

162 369 236 416 fab.
248 371 306 409 4„
303 369 435 404 Grani
457 369 513 402 ita
533 374 679 403 utuntur
702 370 875 411 ἀνατίθημι.

162 420 255 461 ffl-
274 420 398 464 steph.
421 421 466 454 ad
488 421 577 455 Call.
591 421 723 464 Hymn
741 422 776 454 in
792 422 873 457 Jov.

162 475 221 513 15.
230 477 270 507 ot
282 473 390 508 Dian.
403 475 458 507 25.
480 473 596 507 Bam-2.

194 523 385 567 ”aponum
393 523 487 566 onus]
509 524 554 557 Id
575 528 641 564 est,
665 523 787 558 foetum
812 524 872 558 de-

161 579 325 620 poneret,
333 580 376 611 nt
389 574 458 608 fab.
473 584 546 618 seq.
562 580 600 608 et
614 575 674 608 lib.
690 585 732 608 11.
750 575 822 608 fab.
836 578 871 610 4.

159 626 325 670 loquitur.
368 625 428 660 Sic
444 626 626 659 Lueretius
640 626 741 667 dixit,
756 627 766 645 ‘
780 626 872 670 pon-

159 678 226 713 dus
240 677 446 721 suscipere‚’
459 687 535 720 pro,
550 678 748 720 concipere.
775 678 862 711 Gna.

203 732 225 764 7
247 730 375 763 unam
384 729 500 773 fiairi]
535 729 615 762 Hoc
642 734 757 762 tamen
781 729 873 762 malo

158 780 322 816 laborans
330 781 453 813 mulier
464 790 550 813 sana
559 785 723 817 censetur
734 791 745 813 ι
767 779 874 814 maxi-

159 842 255 867 mum
269 832 360 866 enim
376 841 418 864 ac
430 832 643 874 precipuum
657 830 873 864 foeminamm

160 892 284 917 munus
311 886 379 924 est,
401 883 467 916 hoc
493 883 620 917 malum
643 883 813 925 accipere,
835 888 874 916 et

160 938 369 977 conceptum
394 935 497 967 tueri.
540 934 621 968 vid.
646 935 670 968 l.
692 943 771 968 x1v.
793 936 822 977 ς.
840 938 871 979 l.

161 986 220 1020 De
234 985 389 1019 AEdilitio
405 985 545 1019 Edicto.
576 986 656 1028 Εἰς.

206 1038 412 1081 Conceptam]
433 1038 642 1082 Acceptum.
688 1040 768 1073 Sic‘
782 1041 874 1074 Con-

1550 209 1640 254 393

929 318 1048 362 cipere
1075 318 1260 352 maculam'
1288 318 1380 351 dixit
1414 317 1539 351 Cicero
1577 327 1640 361 pro

930 372 1036 405 Rosc.
1052 371 1172 406 Amer.
1215 370 1283 405 Sed
1297 371 1355 405 hic
1369 372 1509 414 elegans
1525 375 1590 411 est,
1604 370 1640 403 in

928 427 1093 466 respectu
1109 423 1152 456 ad
1168 422 1431 466 conceptionem
1446 426 1580 465 partus,
1594 420 1639 454 de

926 485 994 519 qua
1008 475 1075 508 hoc
1089 476 1168 508 loco
1183 474 1310 517 agitur.
1333 472 1442 513 Schef.

971 527 1161 569 conceptum
1175 526 1237 568 est]
1262 526 1373 558 Vetus
1389 524 1502 558 Gloss.
1524 525 1535 542 ‘
1546 521 1643 558 Συνέ-

924 580 1036 619 λαβεν,
1051 577 1102 610 ἐπὶ
1114 576 1270 618 γυναικός·
1295 574 1493 618 Concepit!
1532 574 1641 608 Ludit

926 629 1095 662 Phaedrus
1130 629 1166 661 in
1184 656 1186 659 .
1203 627 1360 669 ambiguo
1389 626 1488 659 verbi
1524 635 1639 659 sensu.

926 680 1075 712 Veteres
1097 678 1252 712 Glossae:
1282 679 1293 697 ‘
1307 675 1527 721 Ἀνδροληψία·
1552 676 1641 710 Con-

926 731 1066 773 ceptio!
1087 731 1168 771 Εἰς.

970 782 1086 825 Initio]
1111 782 1154 815 In
1180 781 1318 815 schedis
1344 780 1448 823 regiis
1471 779 1551 821 fuit,
1573 780 1638 812 im·-

926 834 1029 872 tium‚·
1052 833 1144 866 unde
1167 833 1331 866 Heinsius
1353 831 1555 874 colligebat,
1574 832 1640 874 pri-

927 885 1055 917 mulum.
1078 883 1196 917 Sebef.
1240 885 1382 916 Terent.
1405 883 1556 925 Adelph.
1578 892 1637 916 ιιι.

928 939 960 969 1.
998 937 1008 954 ‘
1029 936 1177 969 Dolores
1214 934 1394 978 occipiunt
1430 933 1641 977 primulum-¹

927 987 1042 1021 Heius.

668 1251 930 1297 FABULA
980 1251 1132 1296 XIX.

203 1395 304 1431 Canis
325 1398 525 1440 munim]
579 1398 662 1432 vid.
693 1399 870 1433 Camerar.

156 1457 238 1491 pag.
249 1451 326 1483 12⁸.
370 1449 474 1491 Hanc
485 1448 636 1483 fabulam
652 1451 757 1493 paulo
767 1450 871 1484 aliter

155 1504 275 1532 narrat
296 1500 502 1534 comanus
515 1501 777 1544 Segotegiorum
792 1502 868 1535 Rex

155 1549 251 1592 apud
277 1550 454 1585 Justinnm
483 1552 543 1586 lib.
571 1561 678 1586 nm.
711 1554 721 1572 ‘
737 1553 868 1586 Canem

156 1599 341 1643 aliquando
366 1605 470 1643 partu
497 1603 676 1644 gravidam
706 1604 819 1637 locum
845 1613 869 1636 a

156 1655 300 1693 pastore
314 1652 476 1694 precario
490 1653 646 1696 petiisse,
669 1655 705 1686 in
724 1664 792 1697 quo
808 1665 866 1697 pa-

155 1705 271 1736 reret:
293 1712 362 1746 quo
375 1703 534 1743 obtento,
560 1705 687 1738 iterato
711 1705 869 1747 petiisse,

155 1753 288 1790 anibi
312 1754 463 1788 educare
487 1755 610 1788 eodem
635 1756 713 1788 loco
734 1756 868 1789 catulos

153 1803 280 1839 liceret
294 1815 304 1838 ι
328 1805 373 1838 ad
389 1810 614 1849 postremum,
629 1806 758 1840 adultis
769 1811 867 1840 catu-

153 1855 210 1898 lin,
232 1854 356 1891 fultam
373 1857 568 1891 domestico
585 1858 761 1901 praesidio,
787 1868 868 1901 pro-

154 1908 343 1951 prietatem
356 1909 425 1942 loci
439 1909 506 1942 sibi
522 1909 743 1944 vindicasse?
765 1910 845 1951 Rig.

198 1962 215 1992 l
233 1959 382 2002 Habent]
396 1961 588 1994 Continent
597 1961 632 1995 in
643 1971 700 1995 se:
724 1962 868 2004 optime.

154 2011 215 2047 Sic
229 2011 353 2046 cicero
363 2012 409 2045 de
417 2013 487 2046 LI..
500 2022 542 2046 ιι.
553 2015 608 2045 26.
623 2013 635 2031 ‘
646 2012 768 2046 Habet
779 2013 871 2045 enim

154 2063 285 2097 luctum
297 2073 484 2097 concursus
494 2064 667 2097 bominum
678 2064 700 2097 :’
722 2068 760 2096 et
772 2064 873 2096 Luci-

154 2114 243 2148 llus:
287 2115 298 2133 ‘
317 2115 438 2148 Virtus
464 2119 520 2148 est
553 2115 682 2148 homini
710 2115 801 2148 scire
829 2115 867 2148 id

154 2165 247 2209 quod
269 2175 419 2210 qumque
447 2166 578 2199 habeat
605 2166 684 2200 res.’
730 2167 868 2200 Cornel.

154 2217 250 2260 Nep.
266 2217 339 2251 vita
348 2217 513 2259 'l'braayb-
525 2227 556 2251 e.
567 2221 599 2252 3.
622 2219 632 2236 ‘
646 2218 781 2251 Corona
792 2218 868 2250 uul-

154 2268 223 2304 lnm
242 2268 361 2302 habuit
376 2268 564 2302 invidiam?
607 2269 808 2311 Petronius,
823 2269 868 2302 de

153 2319 294 2357 inimico
316 2320 500 2354 vitiorum:
522 2320 700 2353 ‘Primum
723 2325 869 2364 propter

153 2381 286 2414 morum
313 2370 550 2406 differentiam
585 2372 703 2405 odium
739 2372 869 2406 habet.’

152 2421 234 2456 Alio
249 2422 348 2456 locoz
370 2423 381 2442 ‘
396 2423 529 2455 Mentis
555 2423 690 2464 pavidae
705 2423 869 2465 gaudium

150 2475 322 2509 lacrumas
333 2475 462 2508 habet)
484 2475 635 2508 Rursum
645 2475 730 2508 alio:
755 2475 869 2508 ‘Con-

153 2531 307 2570 temptus
338 2536 434 2560 amor
465 2526 554 2560 vires
587 2526 719 2561 habet?
763 2526 868 2560 Adde

152 2578 325 2613 Velleium
338 2578 398 2611 lib.
413 2587 456 2611 11.
471 2588 503 2611 c.
517 2580 572 2611 76.
605 2578 729 2612 senec.
742 2578 868 2612 Troad.

153 2639 205 2664 vs.
217 2633 294 2664 862.
309 2629 416 2670 Sobel.
436 2629 550 2672 Supra
563 2628 634 2662 fab.
650 2632 703 2663 12.
726 2630 736 2648 ⁴
749 2631 867 2664 Quan-

154 2685 228 2716 tun
236 2682 349 2715 luctus
358 2681 562 2715 habuerint.’
586 2681 755 2716 Quinctil.
763 2682 866 2716 Decl.

153 2734 232 2765 2⁷⁸.
250 2731 262 2752 ‘
277 2732 378 2767 Bella
392 2741 531 2776 quoque
543 2732 687 2766 insidias
701 2732 830 2767 habent
842 2734 865 2767 :'

154 2785 194 2816 et
206 2781 312 2816 etiam
336 2783 438 2817 Decl.
451 2792 526 2817 nv.
543 2793 622 2827 cap.
638 2785 702 2818 ult.
726 2790 736 2804 ‘
747 2785 783 2818 Si
807 2795 864 2819 ve-

155 2842 281 2867 nenum
316 2832 409 2868 istud
449 2844 518 2868 non
552 2835 659 2869 babet
693 2836 863 2870 mortem.'

924 1398 1005 1431 Vid.
1033 1397 1077 1430 ad
1104 1397 1248 1430 Petron.
1273 1405 1352 1439 cap.
1375 1398 1429 1429 51.
1451 1397 1506 1428 66.
1530 1397 1567 1427 et
1581 1395 1636 1426 84.

924 1449 1040 1482 Burm.

967 1499 1100 1532 Habent
1135 1499 1271 1532 insidias
1306 1498 1442 1531 hominis
1474 1490 1639 1529 blanditie

922 1550 1014 1592 mali]
1047 1551 1105 1583 De
1139 1549 1336 1593 hujusmodi
1371 1548 1506 1582 homine
1540 1550 1639 1579 recte

922 1602 1164 1645 usurpabimus
1206 1610 1344 1634 versum
1387 1599 1638 1633 Lucillianum:

923 1659 934 1677 ‘
950 1659 1092 1693 Quanto
1119 1655 1292 1697 blandior,
1318 1655 1384 1688 boc
1408 1657 1507 1687 tanto
1534 1652 1638 1684 vehe-

921 1709 1071 1743 mentius
1094 1707 1264 1741 mordet2’
1296 1705 1408 1739 refert
1436 1704 1571 1738 Nonius
1602 1703 1638 1735 in

921 1760 1098 1803 Improbum.
1122 1759 1214 1792 Ritt.

964 1814 984 1844 8
1010 1812 1168 1852 Rogasset
1189 1808 1339 1851 alterum]
1362 1807 1457 1841 Alter
1487 1815 1550 1849 pro
1569 1805 1638 1838 alio

921 1861 1056 1906 quovis,
1070 1861 1162 1894 sicut
1175 1860 1325 1893 vicissim
1338 1860 1423 1892 alius
1436 1867 1500 1900 pro
1514 1858 1639 1890 altero.

923 1914 1040 1947 Plaut.
1063 1913 1167 1955 Capt.
1190 1913 1201 1931 ‘
1216 1913 1347 1955 Captus
1371 1911 1440 1943 fuit
1462 1911 1498 1943 in
1521 1919 1639 1952 pugna

925 1964 1094 2006 Hegionis
1124 1962 1238 2003 filius3
1274 1961 1391 1994 Alium
1421 1960 1639 2004 quadrimum

924 2015 1062 2058 fugiens
1079 2023 1197 2046 servus
1210 2012 1392 2046 vendidit.’
1434 2011 1577 2053 Apulei.
1593 2011 1639 2044 de

925 2065 1024 2099 Asin.
1051 2075 1101 2098 ιν.
1123 2065 1307 2106 ‘Namque
1330 2064 1390 2095 ille
1416 2063 1501 2095 alius
1523 2062 1638 2095 asinus

921 2117 1077 2149 divinato
1097 2118 1135 2148 et
1152 2118 1341 2156 antecapto
1362 2123 1442 2146 meo
1457 2112 1638 2155 cogitatu!

923 2168 970 2200 Et
985 2167 1048 2200 lib.
1063 2175 1100 2200 v.
1124 2165 1170 2198 de
1184 2165 1359 2208 colloquio
1382 2164 1529 2197 duarum
1543 2173 1639 2197 soro-

922 2229 1010 2261 rum,
1035 2217 1211 2260 ‘Suscipit
1238 2216 1306 2249 alia
1317 2216 1341 2257 ς’
1367 2215 1404 2248 id
1431 2220 1502 2257 est,
1528 2216 1640 2248 altera

923 2269 1126 2312 respondet.
1165 2268 1297 2302 Eodem
1310 2268 1422 2301 libro:
1445 2267 1456 2287 ‘
1471 2267 1640 2300 Pervenit

923 2321 967 2354 ad
983 2321 1162 2354 civitatem
1179 2320 1295 2361 aliam,
1310 2319 1345 2351 in
1362 2327 1430 2362 qua
1443 2318 1520 2361 pari
1535 2318 1638 2352 modo

923 2381 1022 2404 soror
1049 2370 1249 2404 morabatur
1278 2368 1368 2403 alia?
1397 2369 1544 2412 Schiopp.
1590 2368 1640 2402 Α·

922 2422 1026 2455 liam:
1051 2422 1125 2456 Cic.
1153 2422 1197 2454 de
1229 2419 1299 2455 Off.
1327 2430 1385 2454 m.
1417 2421 1639 2454 ‘Detrahere

922 2479 1040 2508 autem
1056 2473 1158 2507 alteri
1175 2473 1227 2506 sui
1243 2472 1413 2505 commodi
1427 2471 1556 2513 causa‚'
1569 2472 1637 2506 &m

922 2526 1041 2559 Plaut.
1076 2525 1087 2544 ‘
1112 2524 1183 2559 Qui
1210 2523 1254 2556 de
1284 2524 1395 2555 altero
1425 2522 1638 2566 obloquitur,

923 2577 1036 2620 ipsum
1060 2586 1098 2609 se
1138 2574 1299 2608 contueri
1325 2573 1490 2617 oportet.'
1533 2572 1643 2606 Adde.

922 2628 1014 2662 infra
1028 2638 1063 2661 v.
1078 2631 1110 2661 7.
1142 2626 1247 2664 Senes.

963 2684 985 2714 4
1012 2680 1167 2722 augurio]
1188 2680 1234 2712 V.
1249 2679 1342 2711 Dan.
1360 2677 1495 2719 ingulfo.
1518 2677 1599 2721 Rig.

963 2730 1159 2775 Deponeret]
1185 2730 1372 2772 Deponere
1388 2729 1535 2762 liceret=
1559 2732 1639 2772 pro-

919 2782 995 2826 prie
1007 2787 1124 2817 autem
1139 2784 1317 2824 deponeret,
1346 2789 1388 2813 ac
1411 2784 1574 2823 respectu
1590 2781 1636 2814 ad

920 2834 1053 2878 foetum,
1068 2844 1171 2879 quem
1189 2837 1226 2866 et
1243 2842 1348 2876 supra
1363 2831 1453 2865 dixit
1479 2831 1489 2850 ⁴
1501 2830 1599 2866 Onus
1611 2832 1633 2865 ι’
