1806 3236
207 222 294 266 496

212 334 405 374 externam,
421 332 577 377 formam,
593 337 628 368 et
645 335 747 377 piane
758 336 805 378 id,
820 338 912 380 quod

209 385 333 419 faciem
368 386 451 418 alias
490 386 682 428 appellant,
723 387 913 423 denotabit.

210 438 312 473 Quod
326 439 441 471 nescio
456 448 499 470 an
513 438 594 471 alibi
608 439 814 481 reperiatur.
851 442 914 473 Fa-

208 490 271 523 ber
286 490 355 522 ita:
379 490 422 522 Je
434 499 509 521 eous
521 488 644 531 repens,
657 500 715 532 que
728 492 801 523 telle
814 491 914 533 qu’est

210 542 242 573 la
256 544 347 582 teste,
363 541 406 573 tel
416 544 463 573 eat
478 541 506 572 le
519 539 597 581 goat
611 542 653 573 du
664 545 754 574 reste.
776 543 910 576 Vellem

211 592 336 624 clarius
353 591 580 634 exposuisset.
604 592 708 632 Schef.

251 644 446 686 Proestatur]
467 644 612 686 Expone
626 654 634 676 :
656 645 698 675 Je
709 648 782 677 ὐοιιε
792 645 915 688 rispens,

208 704 266 736 que
281 695 353 726 telle
366 693 466 736 qu'est
490 695 520 726 la
543 688 634 735 teste,
658 696 701 727 tel
721 699 770 727 est
784 697 812 728 le
833 696 912 737 gom

208 747 251 778 du
265 749 358 778 reste.
403 746 448 778 Et
464 745 607 778 eandem
626 746 692 778 vim
709 756 784 779 esse
793 747 913 789 judico

207 798 243 829 in
270 797 375 829 verbo
397 800 563 838 pra-stare,
588 797 652 829 hoc
678 797 913 831 Senecaeloco

210 848 252 880 de
268 848 328 880 Ira
342 847 400 880 lib.
417 857 457 880 11.
489 847 498 865 ‘
511 846 647 879 Sedssne
664 847 706 879 ad
729 847 822 879 illam
839 848 912 891 qui-

207 900 286 932 dem
309 899 533 932 arctissimam
558 898 764 931 innocentiae
784 898 912 933 formu-

208 950 275 982 lam
306 954 470 992 praestare
507 958 568 981 nos
602 958 780 990 possumus
790 949 811 990 3'
849 951 911 984 etsi

208 1000 279 1033 scio
305 1000 408 1033 aliter
432 999 640 1033 intellexisse
675 1000 911 1035 doctissimum

205 1052 371 1094 Lipsium.
395 1052 506 1085 Faber.
579 1052 727 1084 solenne
767 1053 910 1086 verbum

207 1102 407 1143 venditoris,
435 1113 503 1145 quo
532 1102 707 1144 promittit
734 1113 807 1135 rem
833 1113 910 1137 esse

205 1154 308 1187 talem
335 1158 443 1197 atque
455 1154 505 1186 sie
520 1157 698 1186 venturam
716 1153 759 1186 ad
779 1158 912 1196 empto-

206 1213 291 1247 rem,
301 1178 436 1248 &nalem
451 1204 546 1237 dicit.
578 1204 667 1237 Vide
680 1205 761 1238 Bar.
778 1205 911 1239 Brisso-

207 1257 300 1289 nium
325 1256 361 1289 in
385 1257 499 1288 Form.
526 1256 586 1288 lib.
612 1260 663 1288 vi.
695 1266 728 1298 p.
756 1267 802 1290 m.
831 1261 907 1291 550.

207 1308 302 1341 Hinc
315 1308 405 1350 apud
418 1308 537 1340 Senec.
549 1307 591 1339 de
606 1307 680 1339 vita
694 1308 793 1341 Beat.
805 1318 836 1341 e.
855 1311 907 1341 14.

204 1359 214 1376 ‘
229 1359 279 1391 Ut
305 1358 474 1391 concedas
503 1358 616 1390 omnia
640 1367 698 1389 eos
721 1357 791 1390 fide
819 1358 909 1391 bona

206 1411 335 1454 dicere,
347 1414 385 1443 ut
400 1411 443 1443 ad
463 1411 722 1453 praestationem
741 1411 910 1453 scribant,

204 1466 320 1495 tamen
346 1462 444 1504 eujus
471 1461 536 1494 ista
547 1461 690 1504 ferreres
718 1462 873 1496 minuent
885 1463 910 1496 ?'

206 1513 313 1553 Sches.

254 1563 450 1606 Praestatur]
473 1564 540 1596 Ms.
554 1567 736 1606 praestatus.
757 1564 850 1598 Gud.

249 1620 269 1648 5
293 1615 439 1648 Ridicule
461 1616 563 1656 magis
588 1615 644 1647 Ιιοι·
667 1615 800 1659 dictum]
831 1615 910 1649 Hoc

206 1666 255 1700 ait
270 1666 439 1699 Phaedrus
465 1666 500 1698 in
517 1666 662 1707 gratiam
685 1666 814 1708 AEsopi.
829 1667 929 1702 Pla-.

203 1717 285 1749 nud.
303 1716 364 1749 vit.
381 1715 497 1757 AEsopi
512 1715 621 1748 initio.
663 1715 755 1748 Vide
776 1720 812 1749 et
825 1717 909 1750 Sue-

204 1772 276 1802 ton.
291 1768 326 1800 in
340 1767 461 1800 Tiber.
479 1777 507 1799 c.
522 1769 575 1799 68.
599 1767 679 1807 Rig.

246 1819 398 1861 AEstimo]
429 1817 609 1859 Existimo,
629 1821 725 1860 puto,
739 1818 908 1853 absolute.

202 1871 332 1903 Verum
344 1867 471 1910 nescio,
482 1877 524 1900 an
533 1867 583 1900 sic
595 1868 653 1900 alii
663 1873 841 1910 usurpent,
849 1869 908 1902 du-

203 1923 357 1964 bitoque,
378 1929 536 1951 numnon
550 1919 666 1950 extimo
689 1919 907 1952 scribendum

203 1973 258 2014 sit,
272 1981 347 2014 pro,
363 1970 537 2009 existimo;
578 1969 668 2002 sicut
694 1969 795 2002 Dixti
816 1970 907 2012 apud

202 2024 341 2055 Terent.
373 2030 449 2062 pro,
478 2019 621 2052 Dixisti.
663 2019 752 2052 Sane
784 2020 820 2052 in
843 2020 907 2052 hae

203 2083 289 2106 voce
303 2082 399 2104 suum
425 2070 657 2112 descriptores
671 2074 808 2103 secutos
835 2080 907 2103 esse

202 2124 364 2164 animum,
398 2121 502 2154 etiam
542 2120 622 2165 aiibi
672 2120 908 2162 deprehendo.

202 2176 295 2208 Nam
323 2173 416 2216 apud
440 2172 610 2204 Pacatum
636 2177 789 2205 nostrum
807 2183 837 2205 c.
853 2176 906 2206 27.

203 2227 260 2259 ubi
285 2227 371 2258 Mss.
397 2224 524 2256 habent
552 2223 718 2264 extimare,
748 2222 909 2256 fecerunt

203 2277 373 2317 aestimare,
396 2275 446 2306 sic
471 2284 503 2306 c.
529 2276 583 2306 49.
604 2283 666 2315 pro
691 2274 909 2306 ‹estimandum

203 2329 240 2360 in
255 2328 340 2360 Mss.
365 2325 579 2357 extimandum
603 2324 748 2365 legitur:
783 2335 850 2366 qua
865 2325 908 2356 de

204 2389 243 2411 re
274 2378 309 2409 in
338 2376 429 2409 curis
467 2375 626 2408 secundis
664 2375 707 2406 ad
737 2384 814 2407 eum
842 2375 908 2408 Pa-

203 2429 415 2472 negyricum.
473 2427 542 2460 Sed
580 2431 695 2460 tamen
729 2431 766 2459 et
798 2427 907 2460 altero

205 2481 307 2512 modo
339 2479 447 2511 habes
482 2478 575 2520 apud
606 2476 821 2510 Macrobium
851 2478 908 2509 Sa-

204 2536 274 2563 tur.
295 2539 335 2562 11.
361 2533 392 2562 8.
436 2529 580 2570 ‘Multi,
618 2533 657 2561 ut
692 2529 835 2568 aestimo,
871 2529 907 2560 in

204 2585 270 2615 hoc
298 2593 318 2614 a
344 2583 499 2614 Varrone
529 2580 736 2613 dissentiunt
749 2579 770 2613 ε’
790 2579 907 2621 Adde,

206 2643 280 2676 quae
297 2631 469 2665 afferimus
484 2631 518 2664 in
532 2631 650 2663 indice·
661 2631 702 2663 ad
719 2630 907 2672 Hyginum,

207 2685 265 2726 qui
294 2683 482 2726 saepissIme
522 2682 571 2715 sic
607 2681 768 2726 loquitur.
802 2681 906 2720 Schef.

675 238 818 272 noran
849 236 1115 280 VAR10RUM
1151 248 1200 280 m

963 339 1053 374 Vide
1094 344 1137 376 ad
1178 345 1319 380 Quinct.
1353 347 1468 382 Instit.
1493 357 1528 383 v.
1556 353 1608 384 10.
1632 354 1670 385 et
1693 351 1695 355 “

963 389 1126 426 Munker.
1140 395 1281 436 praefat.
1296 398 1337 430 ad
1356 399 1486 443 Hygin.

1004 445 1026 475 6
1051 444 1214 479 Formam
1235 449 1480 489 Mmformosus.
1504 453 1596 486 Gnd.

1004 496 1025 526 7
1050 496 1097 527 Ee
1123 498 1210 539 turpi
1231 498 1334 542 facie]
1384 502 1481 535 Bene
1510 504 1666 538 senecae
1696 508 1698 511 ’

960 544 1108 579 ‘Potest
1145 548 1318 591 ingenium
1342 551 1571 587 felicissimum
1604 555 1668 588 snb

926 612 934 618 ·
963 598 1114 640 qualibet
1139 604 1220 633 cute
1243 601 1374 635 latei-ex
1413 608 1528 646 potest
1547 616 1566 638 e
1588 616 1668 640 casa

964 648 1016 680 vir
1031 658 1174 690 magnus
1195 652 1354 694 prodire:
1386 659 1503 696 potest
1517 661 1539 688 e
1553 656 1667 690 defor-

963 698 1008 730 mi
1037 698 1225 743 humilique
1263 704 1468 745 corpusculo
1495 704 1667 741 formosus

964 749 1095 782 animus
1111 761 1152 783 ac
1167 752 1356 793 ingenuus!
1378 754 1460 788 Neo.
1491 765 1495 768 ’

1007 801 1052 833 Et
1067 803 1154 844 turpi
1161 803 1250 843 facie
1265 806 1376 838 multos
1383 807 1512 848 cognovi
1520 801 1667 852 onmes]

962 852 1131 895 Exemplo
1147 854 1192 886 sit
1214 855 1269 887 vel
1292 855 1368 898 ipse
1393 857 1550 900 AEsopus,
1566 864 1668 902 qum

963 903 1108 946 corpore
1124 905 1313 939 deformem
1337 907 1444 948 fuisse
1458 908 1668 952 accepimus,

962 954 1023 986 sed
1034 955 1119 987 mire
1133 955 1367 997 ingeniosum:
1391 962 1431 990 ut
1439 959 1522 1001 jure
1537 961 1668 1003 optimo

961 1004 1045 1036 illud
1062 1005 1271 1040 Ovidianum
1288 1007 1332 1052 de
1345 1017 1382 1041 se
1405 1008 1475 1043 dici
1490 1011 1666 1052 potuerim

962 1055 972 1073 ‘
982 1055 1019 1087 Si
1034 1055 1116 1088 mihi
1131 1056 1278 1090 difficilis
1300 1057 1442 1097 formam
1466 1064 1590 1095 natura
1598 1062 1669 1095 ''ne-

961 1107 1069 1148 gavit,
1083 1108 1228 1150 Ingenio
1238 1108 1358 1148 formae
1374 1110 1497 1145 damna
1510 1113 1667 1155 rependo

961 1156 1070 1189 meae!
1101 1158 1276 1192 Addamus
1288 1164 1325 1192 et
1341 1161 1554 1205 Epictetum,
1569 1164 1667 1205 cnjus

960 1206 1003 1239 de
1018 1217 1056 1239 se
1071 1207 1147 1249 ipso
1160 1208 1331 1241 distichon
1345 1201 1534 1244 ex'Geiiio.
1547 1213 1668 1246 uotum

960 1261 1036 1291 est:
1074 1259 1197 1291 Δοῦλος
1230 1259 1414 1303 Ἐπίκτητος
1441 1260 1588 1304 γενόμην,
1615 1262 1668 1295 καὶ

961 1307 1081 1348 σώματι
1092 1307 1201 1351 πηρὸς,
1217 1309 1277 1341 Καὶ
1288 1308 1396 1349 πενίην
1409 1309 1484 1353 spos,
1505 1311 1558 1344 καὶ
1575 1311 1667 1354 φίλιος

958 1358 1129 1393 ἀθανάτοις.
1151 1361 1173 1394 i.
1188 1370 1220 1394 e.
1247 1361 1362 1394 Servus
1386 1363 1552 1405 Epicteitu
1570 1365 1666 1398 mutti-

959 1411 1058 1444 latum
1086 1422 1198 1454 corpus
1232 1412 1405 1453 habebam5
1450 1415 1667 1458 Pauper-iem

959 1464 1045 1506 Irus,
1060 1466 1115 1497 sed
1128 1465 1199 1497 Deo
1223 1469 1345 1498 amatus
1359 1476 1454 1500 eram⁸
1499 1467 1610 1502 Immo
1637 1469 1667 1502 si

958 1513 1126 1547 Petronio
1167 1515 1357 1548 credimus:
1393 1517 1404 1535 ‘
1420 1516 1547 1550 Raram
1578 1517 1668 1552 feeit

958 1563 1137 1597 misturam
1151 1575 1229 1599 eum
1254 1566 1425 1608 sapientia
1450 1566 1582 1602 forma!
1616 1569 1673 1602 Ἀ·’

959 1616 1059 1658 φορᾷν
1072 1614 1126 1648 οὖν
1138 1617 1188 1648 δεῖ
1198 1615 1240 1648 εἷς
1250 1615 1307 1648 τὸν
1320 1617 1403 1659 νοῦν,
1422 1617 1474 1650 καὶ
1487 1617 1531 1658 μὴ
1545 1615 1589 1652 εἲς
1607 1619 1670 1659 τὴν

959 1666 1047 1709 ὅψινε
1071 1672 1111 1700 ut
1123 1669 1166 1700 ad
1179 1668 1298 1701 herum
1311 1678 1408 1702 suum
1419 1669 1559 1704 dicebat
1569 1671 1666 1705 AEso-

958 1728 1035 1760 puS.
1079 1719 1177 1751 Idem
1207 1724 1244 1751 et
1270 1719 1453 1760 Syracides
1480 1724 1599 1755 monet
1612 1722 1664 1755 his

957 1768 1070 1801 verbis
1086 1779 1115 1801 c.
1132 1772 1186 1803 11.
1210 1769 1262 1807 Μὴ
1277 1769 1402 1809 αἰνέσῃς
1415 1770 1510 1813 ἄνδρα
1535 1772 1569 1804 ἐν
1586 1767 1665 1805 κάλ-

958 1824 1010 1851 λει
1030 1819 1135 1851 αὐτοῦ·
1158 1819 1265 1860 καὶμὴ
1288 1818 1440 1863 βδελύξῃς
1460 1820 1618 1864 ἄνθρωπον
1631 1824 1666 1856 ἐν

956 1871 998 1912 τῇ
1025 1868 1129 1912 ὁράσει
1158 1871 1261 1902 αὐτοῦ.
1316 1872 1363 1903 Et
1400 1872 1557 1905 Salvator
1587 1883 1665 1907 nos-

956 1926 1012 1954 ter
1026 1920 1106 1954 Job.
1122 1924 1153 1954 7.
1177 1921 1245 1953 ait:
1278 1920 1331 1959 Μὴ
1354 1920 1469 1963 κρίνετε
1492 1923 1562 1954 κατ’
1584 1924 1664 1966 ἄψιν,

956 1970 1043 2004 ἀλλὰ
1056 1971 1116 2010 τὴν
1129 1971 1246 2004 δικαίαν
1270 1970 1368 2013 κρίσιν
1389 1972 1524 2014 κρίνατε.
1569 1974 1664 2008 Deus

955 2023 1039 2055 item
1065 2022 1107 2054 ad
1134 2022 1329 2054 Samuelem
1356 2032 1382 2055 1.
1408 2023 1495 2065 Regi
1514 2027 1581 2058 16.·
1611 2025 1664 2064 Μὴ

958 2071 1128 2115 ἑπιβλέψῃς
1153 2072 1203 2104 ἐπὶ
1224 2071 1284 2111 τὴν
1305 2071 1376 2114 ὄψιν
1401 2073 1508 2116 αὐτοῦ,
1529 2074 1608 2115 μηδὲ
1622 2075 1666 2109 eli

956 2125 1014 2163 τὴν
1036 2122 1096 2165 ἕξιν
1117 2122 1264 2165 μεγέθους
1288 2124 1395 2165 αὐτοῦ,
1423 2127 1489 2158 &c.
1533 2127 1598 2158 Vel
1624 2128 1677 2160 ut*

956 2176 1003 2208 D.
1021 2175 1282 2216 Chrysostomus
1308 2175 1416 2208 citat:
1452 2175 1505 2215 Μὴ
1525 2176 1664 2219 πρόσχες

958 2224 1001 2258 εἰς
1024 2224 1084 2263 τὴν
1109 2225 1177 2266 ὄψιν
1202 2225 1307 2257 αὐτοῦ.
1353 2226 1417 2258 Est
1440 2230 1557 2260 tamen
1584 2238 1662 2261 cum

956 2280 1149 2308 monstrosa
1171 2276 1323 2317 corporis
1347 2275 1458 2317 figura
1472 2278 1576 2310 etiam
1592 2278 1664 2311 ani-

956 2336 1047 2358 mum
1080 2326 1210 2358 indicat
1235 2336 1377 2367 pravum
1407 2331 1444 2359 et
1467 2327 1661 2362 distortum.

958 2378 1035 2411 Quo
1064 2377 1217 2418 pertinet
1251 2377 1469 2418 Epigramma
1507 2378 1660 2411 Pauadae

957 2426 1141 2468 Antholog.
1157 2426 1215 2459 lib.
1228 2436 1268 2458 11.
1284 2426 1337 2459 tit.
1354 2426 1538 2470 εἷςζχωλοῦς.
1550 2427 1663 2464 Χωλὸν

959 2477 1043 2518 ἔχεις
1069 2477 1125 2509 τὸν
1149 2478 1228 2518 νοῦν,
1253 2477 1293 2509 ὥς
1317 2476 1373 2509 τὸν
1393 2478 1483 2510 πόδα·
1515 2478 1566 2510 καὶ
1597 2479 1661 2522 γὰρ

958 2530 1079 2568 ἀληθῶς
1099 2528 1210 2561 Εἶκόνοι
1223 2530 1286 2559 τῶν
1302 2528 1388 2560 ἐντὸς
1401 2529 1443 2566 σὴ
1461 2527 1552 2569 φύσις
1571 2530 1662 2563 ἐκτὸς

957 2579 1034 2620 ἔχει.
1057 2579 1136 2612 Hoc
1150 2583 1224 2611 est:
1250 2576 1343 2610 Mens
1357 2578 1456 2610 animi
1469 2579 1552 2610 haud
1565 2580 1660 2613 aliter

957 2640 1049 2671 quam
1063 2639 1115 2670 pes
1130 2629 1189 2660 tibi
1204 2627 1377 2659 claudicat:
1399 2628 1484 2659 intus
1498 2628 1590 2664 Quod
1612 2631 1657 2663 la.

956 2684 1013 2722 tet,
1026 2683 1156 2712 externa
1167 2678 1313 2720 pingitur
1322 2677 1459 2717 insacie.
1483 2678 1570 2712 Ritt.
