1806 3236
190 216 276 260 196
479 227 677 260 PHAEDRI
712 227 1024 260 naumann
1059 227 1358 262 AEsorumm

191 323 226 354 in
253 319 423 353 nonnullis
438 319 547 354 Edilt.
570 325 609 354 ut
631 320 777 363 Rigaltii
799 323 833 354 2.
856 320 994 362 legitur,
1009 321 1050 355 In
1072 322 1237 355 literarum
1259 324 1401 365 plausum
1422 324 1472 358 ire
1497 325 1648 360 deside-0.

189 364 290 399 Quod
304 363 384 407 quia
397 364 559 406 Scioppio
572 365 753 397 obscurum
770 363 964 406 videbatur,
979 369 1017 397 et
1040 366 1122 408 q'uia
1134 366 1214 399 huic
1235 367 1372 400 omnino
1386 368 1464 401 loco
1478 370 1648 402 maculam

189 408 299 440 inesse
314 408 474 449 putabat,
488 408 641 449 legebat,
666 407 863 440 luiteratum
888 407 1030 450 plausum
1045 418 1112 450 cur,
1136 410 1192 441 vel
1219 419 1281 442 non
1307 411 1468 451 desideum·
1489 415 1529 444 nt
1553 412 1650 446 dicat

192 450 380 483 Phaedrus:
407 455 443 482 tu
459 450 560 483 modo
576 455 614 483 et
628 450 680 483 tui
695 450 819 483 similes
831 451 895 483 viri
918 450 1126 484 docti‘meas
1140 451 1274 485 fabulas
1288 453 1459 495 laudetis;
1481 455 1526 487 ab
1549 455 1652 489 illite-

191 499 345 526 ratarum
361 493 533 526 hominum
545 503 652 526 cavea
668 493 783 536 plaudi
798 494 891 533 mihi,
906 494 988 526 nihil
1003 503 1137 534 πιστοῖς
1160 504 1221 527 seu
1237 495 1454 530 indoctorum
1477 497 1650 532 bominum

191 537 331 578 plausus
347 536 446 569 nihili
461 536 564 569 facio.
606 536 694 570 Haec
709 536 814 570 lectio
829 535 991 579 suffragia
1005 538 1086 570 tulit
1100 537 1218 579 Fabri,
1238 537 1314 581 (qni
1336 540 1509 582 vulgatam
1536 546 1651 574 metro

192 579 1109 667 arlelas?“z,zl‘ssl‘sszfftssiailelezc⁵l¹ezl¹zrzl¹3
1129 580 1652 660 ssffssii‘ssieissviiffl‘ssuffffliss

188 665 280 698 §hanc
307 664 466 705 formam,
497 666 690 698 Illitemtum
723 667 864 707 plausum
889 676 947 699 aec
981 666 1132 709 desidero,
1162 668 1219 699 cui
1249 668 1423 702 accedunt
1452 670 1650 712 Bipontini3

191 708 412 749 Desbillonii,
436 708 494 750 qui
509 707 620 741 edidit
633 718 688 741 cur
698 707 864 742 desidero?
908 710 950 742 Id
962 710 1053 742 enim
1066 714 1184 742 censet
1197 710 1336 753 propius
1352 711 1518 745 accedere
1532 713 1578 747 ad
1595 723 1652 747 ve-

193 756 303 784 terem
318 751 537 792 scripturam,
549 756 585 783 et
605 751 654 784 sic
669 751 872 783 vividiorem
889 752 1076 784 orationem
1092 752 1193 785 effici.
1236 753 1351 787 Gudio
1365 755 1506 797 vulgata
1518 765 1600 789 sana
1614 761 1653 790 et

191 795 338 836 pulchra
352 794 527 834 videntur,
540 794 604 826 nisi
617 793 708 837 quod
721 794 904 836 legendum
920 799 1034 837 putet,
1055 796 1096 828 In
1106 796 1274 829 literar-imi
1286 797 1335 829 ire
1346 798 1489 839 plainam
1499 799 1654 841 declam,

216 847 293 870 uam
309 836 448 880 quidem
462 837 644 869 lect-ionem
665 837 833 879 exemplis
855 837 994 871 firmare
1007 839 1139 881 studet,
1165 849 1309 882 quorum
1324 841 1395 873 vim
1410 840 1579 883 probandi
1597 844 1651 875 in·

211 881 344 923 ringere
366 880 537 913 allaborat
561 881 792 921 Burmannus,
818 884 984 923 statuens,
1021 881 1130 914 Gudii
1153 883 1339 916 lectionem
1360 893 1424 916 nec
1448 885 1571 919 versut
1589 894 1656 918 nec

191 924 307 956 sensui
322 922 546 956 satisfacere:
570 924 650 965 cogi
665 924 756 956 enim
781 924 890 956 virum
913 924 1069 966 doctum,
1096 925 1144 958 s're
1160 926 1284 958 »ultima
1313 927 1483 968 producta
1508 932 1653 970 propter

192 967 312 999 literas
323 968 358 1009 pl
373 972 555 1008 sequentes
570 967 812 1008 pronuntiare3
836 966 962 999 deinde
977 977 1126 1009 sensum,
1139 969 1168 1000 si
1183 979 1250 1001 non
1266 968 1452 1011 diversum,
1480 975 1577 1004 certe
1593 972 1655 1005 ad-

194 1010 332 1042 modum
348 1010 543 1051 ambiguum
565 1010 679 1042 exire:
703 1019 780 1042 nam
804 1011 853 1042 ire
875 1010 911 1042 in
929 1011 1074 1052 plausum
1097 1021 1174 1043 esse
1188 1012 1280 1044 idem
1295 1012 1385 1054 quod
1401 1013 1577 1054 plaudere,
1596 1015 1653 1048 vel

194 1054 350 1094 plausum
365 1053 541 1094 incipere3
559 1053 608 1086 sic
624 1063 707 1095 ergo
722 1052 909 1085 Phaedrum
925 1053 1055 1092 dicere,
1068 1063 1104 1087 se
1119 1054 1184 1087 sibi
1197 1055 1289 1087 nolle
1305 1056 1528 1098 applaudere.
1540 1057 1655 1090 Etiam

193 1096 337 1128 Desbill.
354 1095 480 1137 credit,
506 1095 554 1128 ire
568 1095 603 1127 t'n
615 1096 756 1137 plausum
771 1096 820 1128 nil
842 1096 936 1129 aliud
951 1097 1143 1139 siguificare
1165 1107 1280 1139 posse,
1305 1107 1346 1130 ac
1356 1098 1538 1141 plaudere.
1580 1100 1655 1134 Sed

195 1139 333 1171 Schiitz.
350 1139 441 1171 inter
453 1138 521 1171 alia
532 1139 643 1171 multa
658 1137 762 1172 affert
777 1140 890 1172 locum
905 1140 1047 1173 Senecae
1063 1140 1108 1172 de
1120 1140 1244 1173 Benef.
1257 1150 1285 1175 ι.
1299 1143 1352 1174 12.
1374 1150 1418 1174 ex
1444 1150 1511 1185 quo
1531 1143 1657 1186 probat

193 1183 248 1214 vir
260 1182 395 1223 doctus,
409 1183 457 1214 ire
472 1181 506 1213 in
514 1180 698 1223 fastidium,
716 1183 809 1215 idem
826 1192 904 1215 esse
926 1187 1045 1226 atque,
1070 1182 1212 1216 fastidio
1228 1184 1369 1217 haberi:
1395 1186 1562 1227 passivam
1585 1186 1656 1218 vim

193 1235 268 1257 earn
284 1225 413 1258 habere
424 1224 623 1266 dictionem,
651 1225 702 1257 ita
715 1230 755 1258 nt
769 1226 873 1258 simili
886 1226 987 1258 modo
1001 1226 1036 1258 in
1057 1227 1199 1268 plausum
1213 1227 1264 1258 ire
1289 1227 1454 1268 explicari
1469 1228 1577 1270 possit
1591 1238 1656 1271 per

194 1268 340 1309 laudari,
367 1268 422 1301 vel
437 1267 560 1310 plausu
583 1268 709 1310 excipi.
743 1267 871 1311 ’Atque
885 1269 991 1302 etiam
1013 1269 1161 1303 Quintil.
1183 1269 1244 1302 lib.
1257 1278 1299 1302 n.
1323 1270 1358 1304 J.
1371 1270 1417 1303 0.
1438 1280 1516 1314 cap.
1529 1274 1582 1305 10.
1603 1272 1657 1306 uti

193 1311 310 1354 phrasi
333 1315 342 1330 ‘
357 1312 391 1343 in
406 1320 532 1353 corpus
547 1311 619 1351 ire‚’
637 1311 733 1354 quod
758 1310 850 1343 idem
867 1321 941 1344 esse
956 1321 1034 1345 cum
1050 1311 1191 1344 Phaedri
1205 1313 1215 1331 ‘
1229 1321 1355 1355 corpus
1365 1312 1503 1346 facere’
1526 1314 1586 1348 lib.
1597 1323 1656 1348 ιιι.

191 1353 267 1387 fab.
283 1357 316 1387 7.
341 1354 365 1387 i.
380 1363 412 1387 e.
433 1361 559 1396 corpus
582 1354 769 1397 consequi3
791 1364 894 1396 pesse
909 1355 1013 1396 igitur
1024 1355 1060 1387 in
1067 1355 1209 1396 plausum
1222 1355 1270 1387 ire
1281 1357 1439 1406 usurpari
1450 1360 1489 1389 ut
1496 1357 1658 1399 plausum

188 1398 371 1439 <consequi‚
380 1406 571 1440 quanquam
580 1397 622 1429 ad
637 1397 823 1430 insolentes
834 1398 1004 1431 dictiones
1014 1397 1136 1430 referri
1146 1398 1281 1431 debeat.
1299 1398 1377 1431 Etsi
1384 1408 1466 1432 vero
1474 1400 1528 1432 vir
1535 1400 1658 1435 doctus

194 1450 273 1473 cum
288 1440 404 1473 Gudio
421 1437 592 1482 vulgatam
607 1441 792 1473 lectionem
808 1445 937 1482 tuetur,
955 1445 1072 1474 tamen
1083 1441 1187 1483 hujus
1201 1441 1435 1483 conjecturam
1447 1442 1493 1476 de
1516 1452 1659 1476 conver-

195 1484 303 1516 tendo
326 1483 509 1516 verborum
525 1483 639 1525 positu
654 1483 838 1516 non-modo
854 1484 1096 1524 necessariam,
1121 1484 1182 1516 sed
1210 1493 1254 1516 ne
1278 1484 1494 1526 probabilem
1520 1486 1659 1529 quidem

188 1527 336 1568 judicat.
380 1525 460 1558 Non
476 1526 581 1566 enim,
595 1531 632 1558 ut
647 1526 780 1567 credat,
805 1531 922 1569 potest
936 1527 1075 1568 adduci,
1089 1526 1274 1559 Phaedrum
1290 1531 1351 1560 aut
1365 1533 1438 1561 tam
1458 1528 1659 1572 diligentem

190 1571 229 1602 iu
245 1569 403 1602 versibus
417 1568 602 1602 fundendis
618 1568 740 1611 fuisse,
752 1573 813 1602 ant
825 1570 918 1602 illam
933 1570 1148 1613 producendi
1159 1571 1339 1612 rationem,
1349 1570 1395 1604 ob
1405 1576 1610 1613 sequentem
1622 1573 1659 1606 ln
1686 1604 1698 1611 Ν

193 1614 306 1646 altero
319 1612 487 1645 vocabulo
500 1617 630 1645 mutam
641 1622 719 1645 cum
730 1613 871 1656 liquida,
886 1617 1058 1656 perpetuo
1071 1614 1197 1646 valere.
1241 1613 1366 1656 Itaque
1385 1614 1422 1647 in
1439 1613 1592 1649 Phaedro
1607 1625 1660 1650 re-

195 1656 302 1698 periri
316 1656 392 1688 loca
407 1655 601 1696 contendit,
626 1656 662 1687 in
686 1656 808 1698 quibus
823 1665 891 1689 non
906 1657 1096 1699 quamlibet
1109 1655 1275 1699 syllabam
1289 1657 1334 1689 ad
1345 1657 1659 1692 Grammaticorum

195 1699 333 1741 regulas
350 1699 545 1730 examinare
559 1699 646 1739 vult,
659 1704 699 1731 ut
721 1699 782 1731 lib.
805 1708 864 1732 m.
879 1698 949 1732 fab.
961 1702 996 1732 2.
1011 1703 1044 1733 4.
1088 1700 1157 1732 Sed
1183 1699 1292 1742 siquid
1306 1701 1524 1742 mutandum,
1540 1702 1660 1744 potius

193 1742 317 1774 >mallet
331 1742 460 1783 legere,
486 1742 524 1772 In
537 1741 701 1773 literarum
718 1742 862 1783 plausum
881 1743 931 1774 ire
949 1753 1007 1783 ego
1029 1743 1182 1776 desidero.
1225 1743 1305 1784 Ego
1323 1742 1435 1777 habeo
1444 1753 1661 1787 persuasum„

195 1785 383 1817 Phaedrum
398 1783 588 1826 scripsisse,
610 1783 651 1816 In
665 1785 830 1817 literarum
840 1785 1047 1826 ireplausum
1059 1786 1213 1825 desidero,
1236 1790 1276 1818 ut
1291 1786 1492 1827 conjecerat
1512 1786 1659 1821 Gudius.

195 1828 290 1860 Loca
314 1827 417 1868 euim,
439 1836 459 1859 a
480 1827 640 1859 Schiitzio
667 1827 851 1869 producta,
878 1827 1022 1868 docent,
1043 1828 1092 1860 ire
1113 1829 1148 1860 in
1165 1829 1311 1870 plausum
1334 1828 1528 1870 significare
1574 1840 1660 1875 osse,

193 1872 320 1912 plausu
336 1870 464 1911 excipi,
478 1870 534 1902 vei
559 1869 676 1911 etiam,
699 1870 854 1912 plausum
869 1871 1046 1914 consequu-
1084 1870 1227 1903 Deinde
1242 1871 1394 1904 secunda
1407 1872 1542 1915 syllaba
1565 1882 1587 1906 n
1599 1875 1659 1917 ire,

196 1913 246 1949 ob
257 1914 376 1946 literas
397 1914 432 1954 pl
457 1917 652 1955 sequentes,
665 1917 764 1946 recte
780 1913 994 1956 producitur,
1014 1914 1106 1957 quod
1121 1912 1254 1947 factum
1277 1924 1298 1946 a
1322 1914 1436 1957 poetis
1458 1916 1660 1959 soeffissime,

195 1956 263 1989 etsi
282 1966 351 1989 non
374 1965 521 1998 semper.
565 1956 682 1988 Nihilo
698 1966 779 1989 vero
802 1957 912 1989 secius
934 1957 970 1989 in
997 1956 1239 1990 emendatione
1259 1957 1415 2001 Scioppii
1441 1963 1479 1991 et
1502 1959 1660 1993 Freinsh-

196 1998 1473 2086 232¹,ss*523252'33333‘32‘11’3533323‘33233233‘l1§3222‘03‘1'30332
1503 2001 1558 2078 ¹³⁰³„
1558 2011 1598 2035 ⁶⁰
1622 2021 1662 2079 ιι·

1082 2066 1093 2083 ,
1265 2066 1275 2076 Ι
1475 2066 1484 2077 0
1652 2069 1662 2079 0

198 2095 255 2119 an.
274 2088 369 2118 1701.
416 2085 538 2118 Didot.
557 2085 656 2118 Brot.
673 2085 732 2128 qui
744 2086 834 2118 hunc
848 2095 885 2118 se
900 2086 1012 2118 locum
1026 2096 1046 2118 e
1061 2086 1170 2119 Codd.
1184 2087 1269 2119 Mss.
1289 2086 1301 2106 ⁴
1315 2087 1531 2120 restituisse'
1558 2089 1662 2131 glori-

199 2133 290 2161 atur.
335 2129 413 2162 Jam
431 2129 512 2160 olim
539 2128 644 2161 etiam
660 2129 827 2162 Rittersli.
849 2133 886 2162 et
910 2129 1041 2162 Meurs.
1062 2129 1227 2162 Codicum
1249 2129 1434 2163 lectionem
1463 2130 1661 2175 tuebantur,

198 2173 263 2204 hoc
277 2181 397 2204 seusut
423 2171 719 2213 Approbationem
733 2172 949 2205 literatorum
964 2171 1136 2204 hominum
1151 2173 1341 2215 promereri
1355 2173 1470 2216 cupio.
1493 2174 1661 2218 Rigaltio,

196 2215 330 2256 legenti
345 2214 553 2255 Illitemtum,
575 2216 624 2247 ire
643 2215 785 2248 desidero
800 2220 866 2256 est,
889 2215 998 2256 abire,
1023 2214 1211 2256 facessere,
1237 2216 1352 2248 valere
1361 2216 1494 2258 jubeo;
1517 2227 1595 2261 quoe
1609 2219 1661 2251 in-

197 2257 406 2299 terpretatio
420 2266 541 2298 pamm
556 2267 594 2290 se
607 2258 733 2300 probat
754 2258 1001 2298 Freinshemio,
1016 2259 1115 2300 cujus
1132 2263 1168 2291 et
1187 2258 1381 2292 Leonhardi
1405 2260 1509 2293 Notae
1525 2262 1661 2304 inspici-

195 2301 312 2333 eudae.
356 2300 536 2332 Buchnero
554 2305 712 2342 quartum
730 2301 853 2343 pedem
866 2302 902 2333 in
915 2301 1054 2342 vulgata
1065 2302 1249 2334 trochaeum
1266 2312 1341 2335 esse
1357 2303 1517 2345 arguenti
1531 2305 1659 2346 placet,

200 2344 242 2375 In
257 2343 425 2376 literarum
441 2344 584 2384 plausum
604 2344 651 2375 ire
666 2345 818 2385 desidero,
844 2345 899 2377 vel
923 2345 1118 2386 est-desidero,
1142 2354 1220 2387 quae
1242 2346 1452 2388 conjectum
1477 2347 1659 2380 admodum

199 2387 297 2418 durae
315 2395 434 2427 parum
452 2386 590 2427 placent
607 2387 852 2427 Freinshemio,
864 2388 1005 2430 legenti,
1030 2392 1069 2420 ut
1092 2397 1198 2430 supra
1221 2388 1350 2421 dictum
1376 2393 1443 2430 est,
1469 2389 1659 2423 miter-atum

200 2430 342 2471 plausum
359 2439 414 2462 nec
427 2429 591 2466 desidero3
608 2439 708 2471 quam
725 2430 905 2463 lectionem
913 2430 1102 2472 codicibus,
1112 2435 1234 2472 metro,
1248 2436 1284 2464 et
1298 2432 1410 2464 sensui
1423 2433 1659 2467 accommoda-

202 2468 275 2505 t‘am
291 2482 363 2505 esse
380 2472 688 2514 putat'l‘zschuck.
715 2472 963 2520 [Auton..Illit.
977 2475 1020 2516 pl.
1036 2483 1092 2506 cur
1105 2472 1316 2517 desideremiq
