1806 3236
378 185 579 218 PHAEDRI
617 186 726 218 ΕΔΒ.
762 187 1063 221 AESOPRARUM
1103 190 1197 222 [AB.
1234 191 1265 222 Ι.
1297 179 1370 222 ⁶22.

136 280 335 316 mmmm
357 280 520 324 profecto
548 282 677 315 invitus
699 283 847 325 cogeba-

136 334 209 375 tur,
217 331 389 376 quies-odo
399 332 506 366 etiam
518 333 600 366 alibi
610 333 745 367 Cicero.
760 334 847 367 Gud.

180 383 258 427 Bk]
275 384 392 418 semel
407 394 471 428 per
485 385 567 426 vim,
582 386 706 418 iterum
722 395 785 428 per
799 385 848 418 iu·

133 433 273 469 fiat-m
294 445 340 468 ex
365 440 510 469 auctore
537 437 626 479 ejus,
653 447 732 470 cum
757 436 849 470 fama

134 486 284 520 nonsit
310 487 407 520 velut
434 488 547 521 altera
573 489 657 530 vita,
683 493 720 522 et
746 489 791 521 ob
811 488 848 521 id

134 540 218 575 vlt·
241 541 487 586 aequiparetur.
521 542 628 584 Schef.
674 544 740 576 Est
754 543 850 575 locu-

134 591 187 627 do
200 601 296 635 sepe
309 593 452 635 usitata,
475 603 554 636 pro,
574 603 736 636 magnum
752 593 848 627 dolo·

136 651 209 677 rem
223 648 262 678 et
276 643 508 678 acerbitatem
523 655 567 678 ex
582 649 695 678 morte
709 645 853 679 sentire.

135 693 194 728 lta
207 693 358 728 Orestes
377 695 470 738 apud
495 695 654 738 Enripid.
678 696 714 728 in
731 696 850 731 orest.

136 747 235 779 luo.
256 744 316 779 Ais
336 747 438 780 θανεῖν
450 745 488 779 οὔ
500 745 653 789 χάζομαι·
694 747 758 781 Bis
771 749 852 781 mor-i

135 806 199 830 ns·
210 806 330 831 muso.
353 798 477 831 Burm.

181 848 246 882 Bis
278 849 388 882 videor
418 849 516 892 νων-ι’]
560 849 627 883 Ab.
654 849 852 884 adversario

133 909 264 943 magno
287 900 382 934 vinci
404 900 463 934 vel
493 900 743 936 detrimentum
761 902 852 935 acci-

137 958 223 993 pem
237 950 400 984 solatium
415 951 587 994 quoddam
603 957 671 996 est,
685 958 723 987 et
740 954 853 987 lenius

135 1001 220 1035 ferri
233 1006 365 1045 potest.
408 1002 512 1036 Unde
536 1001 625 1037 illud
646 1004 741 1047 apud
757 1005 852 1048 prin-

133 1053 249 1096 cipem
259 1053 450 1087 Poetarum
463 1064 472 1088 =
486 1053 499 1073 ‘
510 1054 628 1089 AEneae
640 1057 758 1099 magni
770 1057 853 1091 dex-

138 1109 195 1139 tra
222 1103 348 1138 cadis-⁸
391 1105 440 1138 Et
469 1105 577 1140 Ovid.
605 1107 752 1141 Metam.
784 1116 854 1143 ιιι.

133 1156 144 1174 ⁸
158 1155 326 1199 eni-quis
340 1165 392 1197 es,
415 1165 438 1189 ο
454 1156 609 1199 juvenis,
635 1157 739 1201 dixit,
763 1160 851 1193 sola-

134 1214 214 1254 men
227 1205 356 1241 habeto
371 1207 515 1251 Mortis,
529 1209 573 1243 ab
587 1209 745 1244 AEmonio
757 1212 850 1254 quod

1526 178 1610 223 401

901 284 948 317 sis
967 284 1148 327 jugulatus
1174 285 1333 319 Achille:
1377 286 1614 320 pulcherrime

902 335 1033 370 Accius
1064 337 1100 369 in
1132 336 1315 370 Armorum
1342 337 1491 379 judicio,
1525 338 1614 371 refe—

901 391 1002 421 rente
1031 388 1212 421 Macrobio
1243 388 1303 422 lib.
1334 398 1385 422 v1.
1441 389 1617 423 Saturnal.

902 448 978 481 cap.
996 441 1026 472 1.
1048 439 1058 456 ‘
1076 439 1167 471 Nam
1197 443 1367 481 tropaeum
1393 438 1487 472 ferre
1513 449 1570 473 me
1596 451 1617 473 a

901 489 986 524 forti
1012 490 1084 523 viro
1110 490 1291 532 pulchrum
1313 495 1377 523 est.
1421 490 1483 523 Sin
1499 495 1616 524 autem

902 546 941 575 et
955 542 1087 583 vincar,
1100 541 1228 574 vincia
1245 541 1306 575 tali
1321 542 1453 575 nullum
1469 547 1523 577 est
1539 552 1620 586 pro·

904 591 1032 626 hrum!
1076 591 1126 626 At
1151 603 1173 626 a
1197 593 1257 625 vili
1283 597 1320 626 et
1345 593 1484 636 abjecto
1512 598 1618 637 atque

905 645 1030 688 ignavo
1054 644 1224 687 superari,
1253 654 1422 678 summum
1452 644 1618 687 probrum

904 696 1123 739 maximeque
1148 695 1346 738 pudendum
1370 700 1409 729 et
1434 695 1620 729 dolendum

905 751 971 780 est.
1017 747 1179 780 Fon-mula
1206 747 1284 780 illa:
1318 747 1329 766 ‘
1346 747 1407 780 Bis
1423 747 1536 790 mori:
1563 749 1620 781 vel

904 799 914 817 ‘
931 797 1108 840 interimi:
1126 798 1179 831 vel
1193 798 1205 817 ‘
1220 798 1350 842 perire’
1364 798 1461 841 quasi
1479 809 1620 841 prover-

907 849 1007 882 bialis
1023 854 1091 891 est,
1101 854 1270 893 usurpata
1282 850 1388 884 etiam
1403 850 1447 883 ab
1462 851 1558 886 aliis:
1583 856 1622 884 ut

906 902 943 934 in
965 901 1111 934 senario
1136 902 1394 944 Mimographi²z
1417 903 1428 921 ⁴
1444 902 1505 935 Bis
1527 903 1622 937 enim

905 953 996 985 mori
1011 956 1079 993 est,
1095 953 1240 986 alterius
1257 953 1403 986 arbitrio
1418 953 1527 987 mori.’
1556 955 1621 988 Et:

905 1003 915 1022 ‘
933 1003 994 1036 Bis
1005 1003 1228 1045 interimitur,
1238 1002 1380 1046 quisuis
1394 1004 1496 1037 armis
1506 1005 1623 1047 perit.¹

908 1055 966 1087 Sic
982 1063 1089 1097 supra
1104 1053 1175 1088 fab.
1192 1057 1224 1088 8.
1255 1056 1265 1073 ‘
1281 1055 1343 1087 Bis
1371 1056 1520 1098 peccat!
1564 1057 1623 1092 Sic

909 1105 1056 1139 Publius
1071 1105 1202 1148 Syrus:
1235 1106 1246 1125 ‘
1264 1105 1326 1138 Bis
1354 1107 1475 1150 vincit,
1500 1109 1556 1151 qui
1584 1118 1620 1141 se

907 1157 1019 1191 vincit
1035 1157 1070 1190 in
1087 1156 1258 1191 victoriae
1292 1157 1379 1190 Ritt.

640 1469 901 1514 FABULA
952 1472 1129 1516 XXII.

179 1612 322 1646 Mutela
331 1617 362 1646 et
373 1613 483 1656 bomo]
498 1614 720 1648 Camerarius
733 1624 767 1657 p.
779 1617 854 1648 188.

144 1669 182 1697 et
193 1666 273 1699 812.
297 1665 379 1707 Εἰς.

181 1718 198 1749 l
239 1716 383 1749 uwel«
411 1716 452 1750 ὠ
481 1716 605 1749 &unane
633 1716 764 1758 pmnsu]
799 1716 855 1750 De

135 1767 233 1810 talpa
246 1771 284 1800 et
298 1767 424 1801 olitooe
435 1766 549 1801 refert
563 1765 766 1800 Abstemius
781 1766 854 1800 fab.

137 1819 214 1852 144·-
236 1817 371 1853 Prason.
765 1858 771 1862 ι

182 1869 340 1913 anana]
360 1869 422 1903 Ita
438 1869 566 1912 solent,
587 1868 636 1902 de
654 1868 788 1912 ignoto,
815 1877 856 1902 ac

134 1921 280 1955 incerto.
295 1921 396 1964 Vlrg.
411 1920 489 1955 AE'n.
506 1921 571 1954 lib.
588 1929 656 1954 vn.
684 1925 723 1954 et
738 1920 857 1954 Plaut.

135 1971 267 2007 Pseud.
281 1973 362 2006 Act.
373 1981 427 2007 tv.
442 1974 499 2007 Sc.
510 1976 545 2006 2.
562 1973 573 1992 ‘
588 1972 676 2008 Quis
688 1972 744 2006 hic
754 1972 857 2006 homo

136 2021 375 2066 chlamydatus
391 2027 447 2055 est
456 2021 482 2055 ?'
505 2021 616 2063 Saites.

179 2071 375 2114 Imma]
397 2072 476 2105 Lib.
491 2081 535 2105 11.
557 2071 681 2112 fahe.
703 2075 714 2092 ⁴
733 2072 784 2105 Ut
800 2081 857 2104 ve·

136 2126 299 2156 natorum
327 2122 470 2166 fugeret
496 2123 687 2157 instantem
712 2123 858 2157 necem!

135 2174 256 2208 Δια.
287 2174 394 2208 Forte
406 2175 554 2208 suumn.
580 2173 706 2208 Heius.

179 2229 203 2259 8
225 2225 362 2269 Paroa]
384 2226 455 2259 Ma.
471 2227 576 2259 Parce
588 2235 602 2266 ‚-
626 2231 663 2259 et
678 2226 728 2259 ita
745 2226 859 2269 prima

140 2276 272 2319 editio3
304 2277 497 2310 Salmasius
520 2282 639 2311 autem
655 2278 806 2311 mutavit
820 2277 856 2310 in

183 2378 270 2422 Μ’]
295 2379 387 2413 Num
403 2379 569 2422 cohaeret‚
592 2380 653 2414 tien·
670 2390 787 2423 purgo,
812 2390 856 2413 nn

136 2429 198 2463 edlu·
216 2429 381 2464 nouis?
415 2431 597 2465 Posterius
613 2436 710 2474 puto.
747 2432 854 2471 Schef.

137 2481 214 2515 lmo
229 2490 311 2515 vero
327 2482 435 2525 prius.
479 2482 540 2515 Sic
551 2482 732 2524 eleganter
747 2483 757 2500 ‘
773 2482 855 2515 tibi'

137 2536 176 2566 e't
196 2534 207 2552 ‘
221 2532 322 2566 mihi'
337 2537 480 2567 ornatus
496 2543 618 2566 caussa
631 2533 780 2566 orationi
793 2533 853 2566 ad-

137 2584 247 2619 ditur.
292 2585 373 2618 vid.
390 2585 527 2618 Manat.
553 2584 597 2617 ad
613 2584 775 2618 ciceron.
791 2585 853 2618 Fa·

138 2637 208 2672 mil·
225 2638 336 2682 Epist.
353 2647 406 2671 rx.
418 2641 451 2671 2.
477 2638 575 2671 Serv.
587 2637 631 2670 ad
641 2638 763 2680 virgil.
777 2637 853 2671 AEn.

139 2699 181 2724 ιι.
194 2693 270 2725 258.
290 2692 457 2725 Terentio
482 2695 519 2724 et
541 2690 670 2724 Plauto
686 2690 789 2723 valde
804 2689 858 2722 fa-

139 2741 280 2774 miliaris
296 2742 357 2775 illa
369 2742 556 2785 elegantia.
579 2742 724 2774 Terent.
750 2741 857 2774 Phor.

141 2801 175 2824 v.
191 2795 222 2824 8.
243 2791 253 2810 ‘
271 2793 340 2826 Qui
358 2793 452 2834 mihi,
481 2793 540 2825 ubi
565 2793 607 2825 ad
635 2803 759 2826 uxores
778 2803 858 2825 ven-

227 2846 343 2887 Delplc.
360 2850 388 2879 et
405 2846 482 2879 γαν.
495 2848 583 2880 Clas.

833 2846 963 2878 Phoedr.

911 1619 985 1648 tum
1005 1620 1071 1658 est,
1100 1620 1173 1648 tum
1202 1614 1291 1648 fiunt
1318 1623 1418 1647 senes
1431 1613 1452 1647 :'
1474 1613 1533 1646 ubi
1549 1613 1628 1646 vide

910 1666 1098 1700 Donatum.
1144 1666 1265 1700 Livius
1279 1675 1418 1709 quoque
1437 1665 1472 1698 in
1488 1664 1628 1708 praefat.

907 1719 918 1736 ‘
937 1717 993 1750 Ad
1020 1717 1080 1751 illa
1104 1718 1185 1750 mihi
1202 1717 1347 1761 quisque
1371 1716 1533 1754 intendat
1557 1715 1630 1748 ani-

909 1769 1028 1802 mum!
1077 1769 1125 1802 Et
1149 1768 1210 1802 lib.
1226 1777 1269 1801 ιι.
1295 1769 1350 1801 29.
1382 1769 1393 1786 ‘
1410 1767 1534 1800 Pulset
1555 1770 1629 1798 tum

910 1820 994 1854 mihi
1007 1819 1194 1854 lictorem:
1237 1820 1405 1862 Propert.
1419 1819 1519 1860 Eleg.
1536 1827 1562 1851 ι.
1578 1820 1632 1850 19.

911 1873 922 1891 ‘
938 1871 1008 1905 Sed
1025 1880 1069 1904 ne
1093 1870 1184 1904 forte
1201 1875 1262 1903 tuo
1287 1875 1408 1904 careat
1422 1869 1506 1902 mihi
1526 1867 1632 1902 funus

912 1922 1053 1956 amore?
1107 1922 1234 1955 Horat.
1255 1922 1371 1964 Epist.
1387 1931 1414 1954 1.
1443 1923 1477 1954 8.
1512 1920 1522 1938 ‘
1537 1919 1632 1954 Quid

913 1973 996 2006 mihi
1011 1973 1134 2006 Celsus
1151 1972 1225 2015 agit
1235 1973 1260 2004 Ρ
1282 1972 1400 2005 Burm.

978 2022 1142 2065 Molestis]
1187 2023 1329 2056 Omissa
1365 2021 1633 2065 praepositione,

912 2084 1015 2118 quam
1045 2073 1120 2107 fere
1145 2074 1204 2107 alii
1227 2078 1421 2117 apponunt.
1467 2073 1558 2106 Cato
1584 2071 1629 2104 de

914 2127 957 2159 R.
971 2127 1014 2160 R.
1028 2129 1082 2159 66.
1106 2127 1117 2144 ‘
1135 2125 1168 2158 A
1193 2124 1285 2159 foliis
1309 2129 1348 2158 et
1373 2129 1530 2158 stercore
1551 2133 1633 2166 pur·

914 2177 1022 2220 gato.’
1067 2177 1138 2210 Sed
1165 2181 1205 2210 ut
1230 2177 1374 2218 Noster,
1398 2176 1447 2208 ita
1461 2179 1499 2207 et
1515 2175 1631 2207 Palla-

912 2228 990 2261 dius
1000 2228 1034 2261 in
1045 2227 1159 2271 April.
1173 2237 1254 2271 cap.
1266 2230 1299 2260 8.
1321 2227 1332 2245 ‘
1345 2225 1537 2269 Pur-ganda
1550 2230 1633 2259 sunt

912 2280 1065 2312 alvearia
1080 2278 1266 2312 sordibus!
1312 2278 1415 2312 Adde
1430 2277 1546 2311 Tacit.
1566 2277 1632 2310 An.

913 2331 974 2364 lib.
990 2340 1048 2364 ιιι.
1064 2333 1117 2364 17.
1135 2334 1165 2364 1.
1195 2330 1304 2371 Schef.

954 2383 1101 2416 Molestis
1116 2383 1257 2416 muribus
1268 2392 1371 2425 purgo
1381 2381 1526 2423 domum]
1552 2381 1636 2413 Pal-

911 2434 1023 2467 ladius
1038 2434 1082 2467 de
1093 2435 1205 2468 Cato:
1230 2434 1335 2476 Epig.
1347 2437 1419 2465 vet.
1434 2442 1487 2465 ιν.
1512 2433 1522 2450 ‘
1535 2432 1632 2464 Mor-

910 2485 1015 2519 daces
1024 2495 1138 2518 morsu
1152 2485 1273 2517 solitus
1285 2492 1489 2517 consumere
1503 2491 1632 2523 mures,

907 2536 1062 2569 Invisum
1088 2540 1126 2568 et
1151 2534 1310 2568 domibus
1339 2533 1490 2576 perdere
1519 2533 1627 2566 dente

906 2586 1040 2629 genus!
1092 2587 1171 2627 Rig.

950 2640 971 2670 4
997 2637 1147 2670 Facerem
1168 2638 1198 2669 si
1223 2637 1318 2669 causo
1344 2634 1430 2676 mea]
1454 2634 1558 2667 Clara
1574 2638 1629 2668 est

912 2689 1111 2721 emendatio
1126 2687 1330 2729 Bongarsii:
1347 2686 1475 2725 faceres
1489 2686 1517 2718 si
1531 2696 1627 2719 causa

911 2751 993 2782 mea,
1021 2741 1161 2772 Gratum
1176 2742 1268 2771 esset.
1295 2738 1428 2770 Mem-s.
1475 2737 1522 2769 Et
1537 2737 1627 2770 hanc

914 2792 1083 2824 Heinsius
1111 2790 1249 2832 probat.
1300 2789 1421 2821 Caussa
1450 2797 1533 2820 vero
1558 2798 1629 2822 mea

1459 2845 1479 2874 2
1502 2841 1530 2874 C
