1806 3236
407 200 609 234 Prummu
643 199 753 233 ma.
786 184 1094 234 AE‘sormnuu
1128 195 1223 234 ms.
1258 202 1289 234 1.
1320 191 1361 234 3.

150 293 263 339 tyla„
292 293 491 338 monentia
528 305 612 329 vero
638 306 682 329 ex
716 296 860 336 Nostro,

153 349 371 389 anamiim
385 351 593 390 veteresque
607 347 691 380 talia
703 351 772 381 tam
785 357 860 381 cor·

149 401 265 439 repta,
287 404 389 441 quam
402 397 585 441 producta,
609 399 715 432 tertia
730 399 861 442 syllaba

148 448 425 482 muciaveflnt.
462 448 570 490 Sches.
639 450 777 484 Marcil.
815 450 859 484 ad

150 499 276 534 norat.
295 500 406 543 Epist.
422 510 447 535 1.
462 504 494 534 3.
519 502 624 545 legit:
649 503 802 536 immiscet
815 513 859 536 se.

140 549 352 585 Bucbnerus
376 552 549 586 immiscuit
575 554 716 595 retinet,
738 553 798 586 sed
821 553 860 586 τὸ

147 611 183 636 te
201 601 388 636 delendum
409 609 552 646 censet3
575 614 636 638 nos
663 606 770 638 Gudii
794 607 860 639 lec-

146 653 276 687 eonem
284 655 494 701 recepimus.
539 655 665 689 Posset
681 661 796 690 tamen
810 658 859 690 le·

145 704 197 748 gi,
217 704 261 738 Se
272 706 402 739 miscuit
419 716 576 748 pavonum
588 707 730 746 formoso
742 709 837 750 gregi·
847 720 859 742 .-

147 760 228 791 ham
243 757 444 802 Anonymus
470 760 590 802 babet,
614 761 751 794 Miscuit
769 771 802 794 se
824 772 858 805 p.

142 809 176 851 f.
187 820 225 851 g.
246 811 366 845 Burm.
760 833 762 835 >

168 903 171 906 ‚
192 860 371 895 [miscuit
383 871 418 896 se
425 869 583 905 pavonum
593 863 735 904 formoso
747 865 859 907 gregi]

147 910 288 946 omisso
309 922 343 946 se
367 913 570 956 legendum:
596 914 737 948 Immisc.
762 925 857 957 pavo-

144 966 220 999 'nun
230 962 302 1005 sor.
315 971 371 1007 gr.
417 963 512 998 Alias
527 965 702 999 redundat
717 966 859 1001 Versus.

142 1015 188 1050 ‘rb
200 1017 310 1051 ιε’ὰπὺ
331 1019 435 1052 κοινοῦ
448 1028 492 1052 ex
507 1018 742 1061 superioribus
758 1029 858 1061 repe-

145 1066 304 1111 tendum,
316 1078 387 1103 non
400 1073 516 1103 autem
525 1069 592 1103 buc
606 1068 857 1103 infarciendam

144 1116 275 1155 fuerat.
298 1120 387 1160 Riet.

147 1176 150 1178 '
171 1170 176 1175 ’
189 1171 368 1206 Immiscuit
381 1182 414 1206 rs
419 1173 563 1214 for-nmo
577 1183 733 1216 pavonum
743 1173 856 1216 gregi]

143 1222 292 1258 Prorsus
307 1221 389 1257 nihil
406 1229 525 1268 agunt,
547 1225 605 1268 qni
616 1226 719 1259 metri
733 1235 857 1258 caussa

140 1273 258 1317 punam
279 1274 502 1318 substituunt,
523 1286 587 1319 pro
608 1287 776 1319 pavonum,
798 1286 857 1310 ne·

147 1323 215 1368 que
230 1326 333 1360 etiam
350 1326 513 1361 audiendi
537 1333 630 1369 sunt,
652 1328 710 1371 qni
735 1328 858 1360 immis-

143 1377 211 1410 enee
226 1377 441 1421 trisyllabum
462 1379 520 1412 hic
535 1389 612 1412 esse
626 1380 857 1422 contendunt,

144 1430 184 1461 et
201 1428 253 1462 ita
266 1429 447 1472 Virgilium
468 1431 480 1450 ³
497 1430 731 1473 miscuerunt:
754 1431 858 1464 Phae-

145 1478 248 1527 ⁴tirum
267 1480 281 1499 ⁸
304 1480 539 1523 prebuerunt’
560 1481 595 1513 in
621 1482 725 1514 trium
756 1483 858 1524 sylla-

146 1528 270 1563 barum
286 1530 426 1563 modum
441 1530 599 1573 coiigisse
613 1533 859 1574 pronuntiant3

149 1581 212 1615 sed
237 1585 277 1615 nt
294 1592 420 1615 versus·
437 1585 587 1625 constet,
608 1583 749 1616 omnino
776 1583 858 1616 scri-

146 1631 299 1666 bendum
315 1637 382 1674 est‚
406 1632 513 1666 Form.
536 1642 570 1666 se
591 1643 747 1675 pavonum
771 1634 858 1667 imm.

146 1694 201 1726 gr.
247 1684 305 1716 Sic
319 1693 483 1717 numerus
496 1693 562 1716 non
575 1687 709 1717 tantum
725 1689 861 1718 consta-

146 1735 213 1773 bit,
235 1734 297 1768 sed
325 1734 464 1767 auribus
487 1735 592 1767 etiam
615 1736 763 1768 rotunda
778 1745 860 1779 qna-

147 1787 229 1820 dam
244 1786 416 1819 suavitate
439 1786 572 1828 gratior
585 1786 663 1819 erit.
706 1787 860 1829 Vulgata

149 1837 330 1880 dispositio
358 1841 413 1870 est
440 1837 667 1880 descriptoris
693 1840 861 1879 monachi,

148 1889 209 1931 qui
233 1889 318 1921 artis
341 1887 491 1931 poiiticae
507 1889 699 1932 imperitus,
724 1895 761 1923 et
783 1900 860 1933 syn-

147 1944 270 1973 taxeos
291 1940 430 1982 regulas
450 1950 610 1983 sequens,
631 1942 860 1974 mutationem

147 1990 236 2024 hanc
247 1989 401 2032 ineptam
417 1990 580 2031 instituit,
590 1995 629 2023 ut
643 1991 860 2024 substantivo

149 2050 252 2082 qnam
266 2040 461 2082 proximum
478 2040 522 2072 ad
534 2041 624 2073 latus
640 2046 735 2074 esset
745 2042 861 2085 adjec-

150 2092 260 2125 tivum
281 2091 485 2133 Epitheton,
507 2091 599 2134 quod
620 2092 780 2134 Tyrones
807 2103 860 2126 so-

150 2143 225 2176 lent
245 2141 365 2175 facere
387 2141 424 2173 in
449 2141 666 2183 explicandis
690 2143 859 2176 versibus.

150 2190 316 2226 Famam
341 2192 451 2235 gregi]
482 2192 654 2226 ‘Graves
681 2193 860 2227 Pavonum

152 2243 300 2287 greges,'
320 2244 432 2276 Varro
447 2243 538 2286 apud
554 2243 644 2276 Non.
668 2244 758 2277 Gud.

195 2298 218 2328 8
248 2295 321 2337 Illi]
356 2294 501 2328 Scilicet
530 2303 693 2337 pavones.
747 2295 859 2329 Aliter

149 2347 288 2389 accepit
309 2346 362 2379 vir
376 2345 511 2387 doctus,
534 2350 697 2390 tanquam
714 2346 860 2381 referre-

153 2402 211 2432 tur
223 2397 269 2430 ad
293 2398 482 2440 graculum,
503 2402 664 2440 essetque
677 2398 860 2440 singularis

152 2449 288 2482 numeri
306 2449 454 2481 dativus.
497 2448 574 2482 Nec
591 2449 682 2482 enim
696 2450 790 2482 aliud
805 2460 862 2483 co·

150 2501 264 2543 ‘itare
279 2500 395 2543 potnit
419 2500 454 2532 in
478 2499 548 2532 fine
570 2510 703 2543 versus,
724 2510 789 2543 pro
809 2502 863 2534 uvi

153 2551 349 2586 rescribens
364 2561 447 2584 ures.
471 2551 624 2584 Freinsh.

158 2615 171 2634 .’
203 2603 367 2645 Eripiunt]
391 2602 557 2636 Rimicius
571 2603 723 2637 habebat
742 2604 776 2636 vi
800 2604 861 2636 eri-

154 2653 256 2696 punt.

199 2707 222 2736 9
243 2704 447 2747 Fugantque]
467 2705 670 2747 Suspicatur
688 2705 863 2748 Heinsius,

158 2753 341 2796 figentque
364 2754 487 2796 rostris,
514 2756 596 2799 qnia
623 2756 659 2788 id
687 2758 864 2799 proprium

158 2804 224 2837 hac
239 2803 274 2836 in
296 2814 334 2837 re
351 2805 505 2840 verbum.
550 2806 653 2840 Ovid.
672 2807 761 2841 Met.
788 2815 863 2841 xiv.

1535 190 1622 234 339

911 296 955 329 de
983 297 1062 339 pico
1085 298 1229 338 Martio,
1252 297 1263 317 ‘
1289 297 1375 331 duro
1400 297 1474 331 fera
1499 297 1624 332 robora

911 351 1024 380 rostro
1042 347 1157 390 Figit.'
1178 347 1287 387 Schef.

956 399 1047 431 Male
1055 399 1220 441 multatus]
1236 400 1344 443 Male.
1361 399 1523 432 Maleatas
1535 398 1620 433 eod.

912 451 1014 484 Rem.
1059 452 1203 485 Mulcare
1224 453 1364 494 elegans
1382 456 1421 485 et
1443 452 1619 494 antiquum

912 503 1055 536 verbnm
1082 508 1147 537 est.
1192 505 1333 537 Terent.
1359 505 1447 538 Eun.
1482 504 1494 523 ‘
1526 504 1621 536 Male

910 550 1069 588 mulcabo
1084 552 1216 597 ipsam!
1241 560 1278 588 et
1293 554 1442 598 Adelph.
1457 555 1623 588 Suetonio

910 605 946 639 id
959 606 1112 639 restituit
1122 605 1345 647 Torrentius3
1367 607 1426 639 alii
1438 606 1518 639 allis
1541 617 1623 639 auc·

910 657 1055 698 toribus,
1085 662 1125 690 ut
1155 657 1332 690 Victorius
1363 658 1523 690 Ciceroni
1553 667 1622 690 non

910 718 980 742 uno
1006 709 1098 749 loco,
1122 708 1248 742 Tacito
1276 709 1467 742 Beroaldus
1491 709 1621 752 junior.

911 761 1024 795 Gloss.
1039 760 1162 794 Isidor.
1177 761 1188 779 ‘
1202 761 1345 794 Maleae.-
1359 761 1536 803 percutit.5
1561 761 1621 793 Ri-

911 814 996 856 galt.
1012 813 1047 845 in
1063 813 1214 846 secunda
1228 812 1381 846 editione
1397 813 1489 845 iuter
1504 817 1622 845 errata

909 865 1055 905 monuit,
1076 865 1087 883 ‘
1103 864 1215 897 scribe
1236 863 1414 896 mulcatus?
1440 863 1534 897 Gud-

954 914 1130 956 Maleatas]
1154 916 1238 957 Leg.
1253 916 1419 948 mulcatus.
1443 915 1622 948 Heinsius.

908 965 998 998 Vide
1022 965 1066 998 de
1086 966 1152 998 hoc
1175 966 1283 999 verbo
1307 965 1462 998 Gronov.
1484 965 1528 998 ad
1546 966 1626 998 Liv.

908 1025 1045 1050 xxvm.
1060 1019 1115 1050 30.
1128 1020 1164 1049 et
1179 1017 1301 1050 Graev.
1318 1017 1363 1049 ad
1376 1018 1521 1050 Suetou.
1533 1018 1624 1050 Caes.

909 1071 963 1101 1⁴7.
1008 1068 1249 1101 Reddendum·
1279 1069 1314 1102 id
1350 1070 1457 1102 etiam
1480 1070 1623 1102 Valerio

907 1119 1006 1152 Max.
1028 1126 1054 1152 1.
1072 1121 1106 1152 4.
1130 1122 1164 1151 6.
1197 1119 1256 1151 ubi
1288 1119 1332 1153 de
1360 1119 1509 1162 Aqui1a;
1542 1121 1553 1138 ¹
1569 1130 1623 1162 ea,

907 1180 985 1213 quas
1001 1180 1021 1203 a
1037 1174 1138 1212 parte
1150 1170 1257 1203 Bruti
1272 1170 1403 1210 fuerat,
1429 1172 1519 1204 male
1538 1173 1624 1204 mul-

907 1222 1114 1265 catafugitz’
1137 1223 1258 1256 Bur-ms

952 1277 994 1307 10
1017 1274 1136 1307 Redire
1167 1273 1278 1317 coepit]
1313 1274 1427 1307 Aaou.
1462 1273 1534 1307 fab.
1564 1277 1621 1308 35.

906 1326 1048 1359 latuisse
1065 1335 1138 1368 prae
1155 1326 1288 1368 pudore
1306 1325 1422 1369 fingit,
1437 1329 1480 1358 et‘
1489 1325 1620 1368 fugisse

908 1377 1031 1410 socios.
1055 1377 1189 1410 Prasch.

950 1429 1004 1460 Aa
1015 1429 1178 1470 proprium
1188 1427 1304 1469 genus]
1326 1428 1337 1447 ‘
1354 1427 1535 1461 Ordincm'
1548 1427 1623 1461 dix-

909 1478 938 1511 it
952 1479 1101 1511 Plautus
1116 1479 1217 1511 simili
1233 1480 1267 1511 in
1283 1478 1427 1512 fictione
1443 1479 1523 1512 Aul.
1539 1479 1622 1513 Act.

911 1539 954 1563 11.
980 1540 1026 1564 sc.
1042 1534 1075 1563 2.
1096 1533 1150 1563 61.
1174 1540 1278 1573 quem
1304 1530 1417 1563 locum
1448 1531 1621 1572 prolixum

910 1581 1011 1613 nimis
1031 1579 1124 1614 vide.
1150 1581 1232 1614 Nev.

955 1635 994 1665 11
1026 1632 1056 1665 A
1085 1643 1144 1674 quo
1174 1633 1330 1676 repulsus]
1364 1633 1509 1675 Repulsoe
1533 1633 1622 1675 legit

909 1683 1036 1717 Jacob.
1061 1684 1191 1716 Tollius
1217 1684 1261 1716 ad
1291 1683 1420 1717 Auson.
1447 1694 1528 1727 pag.
1544 1687 1622 1717 33⁷.

911 1735 967 1767 cui
983 1745 1050 1767 non
1067 1731 1245 1777 possumus
1259 1745 1327 1767 non
1344 1735 1522 1776 adsentiri,
1535 1745 1623 1777 prae-

911 1788 1014 1829 cipue
1044 1797 1121 1820 cum
1152 1797 1220 1819 non
1251 1786 1473 1830 refragentur
1498 1788 1623 1820 ductus

910 1838 1107 1871 literarum:
1131 1839 1264 1880 repulsae
1290 1839 1380 1871 enim
1406 1837 1506 1871 facile
1530 1838 1623 1870 abire

911 1891 1027 1932 potuit
1042 1891 1075 1922 in
1091 1892 1252 1932 repulsum
1267 1890 1359 1932 qnod
1376 1890 1404 1921 si
1418 1890 1624 1930 retineatur,

911 1942 995 1973 nihil
1010 1952 1096 1983 opus
1109 1945 1164 1974 est
1178 1941 1258 1973 addi
1273 1941 1398 1973 tristem
1413 1944 1539 1978 notam3
1556 1941 1622 1982 sig-

911 1992 1110 2025 nificantius
1139 1993 1247 2024 multo
1287 1996 1362 2023 nota
1398 1993 1548 2033 repulsae:
1586 1992 1621 2024 id

911 2043 1002 2084 quod
1031 2043 1132 2074 etiam
1161 2042 1386 2074 confirmatur
1411 2051 1512 2074 versu
1543 2042 1623 2074 ulti-

911 2102 978 2134 mo,
999 2093 1056 2125 ubi
1070 2093 1190 2124 eadem
1206 2102 1286 2125 vox.
1311 2092 1580 2133 Hoogstratanus.

953 2142 1131 2184 Sustinuit]
1169 2142 1330 2183 Sustulit,
1366 2143 1442 2184 pati
1479 2147 1622 2175 coactus

909 2193 989 2227 fuit.
1044 2194 1226 2230 Quomodo
1254 2194 1399 2226 Plautus
1436 2194 1469 2226 in
1495 2194 1624 2234 Milite,

910 2247 921 2264 ‘
938 2245 1108 2278 sustinere
1124 2245 1369 2288 suspicionem'
1392 2245 1492 2278 dixit.
1528 2246 1624 2283 ‚Vult

909 2301 1026 2330 autem
1050 2296 1221 2330 Graculos
1245 2297 1395 2339 reliquos
1411 2297 1501 2329 hunc
1517 2297 1622 2330 variis

911 2354 948 2383 et
985 2349 1118 2383 acerbis
1153 2349 1370 2382 contumeliis
1405 2349 1624 2391 proscidisse.

911 2400 1017 2440 Schef.

955 2451 1114 2484 Sustinuit
1147 2452 1266 2493 notam]
1301 2452 1345 2483 V.
1375 2451 1413 2483 C.
1449 2451 1623 2483 Notitiam.

911 2503 1053 2536 Theon:
1078 2503 1248 2543 ὲγυμνοΰτο
1269 2502 1327 2534 τοῦ
1341 2502 1465 2534 κολοιοῦ
1475 2500 1514 2533 τὸ
1535 2499 1622 2534 εἶδος.

911 2554 1160 2596 Theophylact.
1173 2554 1224 2586 καὶ
1234 2551 1364 2594 ’γέγονεν
1374 2551 1458 2585 αὖθις
1471 2554 1488 2584 ὁ
1501 2551 1629 2585 κολοιὸς.

912 2603 1043 2638 κολοιός.
1066 2605 1144 2646 Rig.

957 2659 998 2688 13
1021 2655 1170 2697 Sedibus]
1193 2656 1361 2688 Rimicius
1376 2655 1493 2696 habet,
1513 2655 1541 2687 si
1566 2655 1625 2688 has

911 2709 1012 2738 testes
1033 2716 1179 2738 amasses.
1224 2706 1312 2737 Inde
1335 2706 1524 2738 Neveletus
1540 2715 1619 2738 con-

908 2756 1078 2798 Jectahat,
1088 2756 1226 2788 vestibus
1239 2765 1300 2797 pro
1309 2756 1432 2788 sedibus
1443 2756 1497 2788 hic
1509 2757 1624 2798 legen·

914 2806 1004 2841 dum.
1049 2808 1178 2839 Verum
1201 2817 1267 2849 ego
1283 2807 1367 2839 nihil
1383 2812 1488 2841 muto.
1531 2807 1630 2841 Nam.
