1806 3236
213 215 300 259 302
472 223 733 257 APPENDIX
768 221 1079 254 naumann
1112 222 1430 256 AESOPIAR'UM.

216 322 354 366 Elisis
372 322 418 364 in
437 333 527 377 quo
547 320 603 362 ab
622 318 796 362 homine
813 317 983 373 pictum
1002 314 1209 361 faucibus

216 391 408 434 Leonem
428 387 637 439 ostendit,
658 388 956 441 argumentum
973 385 1152 428 virium.
1248 422 1256 430 ,
1645 384 1677 430 ὅ

216 458 310 501 Leo
329 456 581 513 respondit:
613 455 826 497 Humana
842 453 938 502 hoc¹
949 453 1121 508 pictum
1137 465 1291 498 manu.

214 525 404 569 Videres
421 525 641 568 hominem
660 522 903 578 dejectum,
924 522 966 564 si
983 521 1163 577 pingere

217 594 391 636 Leones
410 594 586 636 scirent.
647 590 738 633 Sed
756 602 840 645 ego
859 589 1161 633 testimonium

216 662 349 704 Dabo
365 661 539 704 virtutis
558 660 737 703 certius.
796 657 873 701 Ad
890 657 1201 714 spectaculum

214 728 397 772 Induxit
416 728 670 779 Hominem,
690 729 943 770 monstrans
961 726 1040 769 ubi
1057 726 1178 770 bona
1193 726 1280 770 fide
1618 726 1676 770 10

215 795 411 839 Enectos
432 808 461 838 a
479 795 680 838 leonibus
699 793 914 845 homines,
934 793 1023 836 ait:

215 863 319 907 Non
340 867 409 907 est
426 863 624 906 colorum
640 861 911 906 testimoniis
928 873 1068 917 opus3

216 931 309 975 Hic
329 931 564 975 exhibetur
582 943 688 974 vera
706 930 846 973 virtus
866 929 1054 973 actibus.
1080 975 1091 990 s

273 999 432 1043 Colore
451 999 612 1042 frustra
631 997 874 1042 mendaces
891 998 958 1041 uti
976 997 1107 1041 docet

215 1067 416 1119 Fabella,
436 1071 557 1110 certa
577 1079 680 1109 cum
698 1065 825 1108 datur
844 1066 1066 1121 probatio.
1621 1063 1680 1107 15

875 1197 1018 1232 NOTAE

256 1279 276 1310 7
300 1274 481 1317 Deiectum]
502 1274 700 1317 suffocatum
711 1275 843 1309 habent
867 1274 920 1308 fa·
1015 1276 1058 1307 10
1079 1273 1232 1316 Induxit]
1268 1273 1406 1307 Induxit
1424 1274 1467 1307 nd
1484 1272 1676 1316 ampl-ube«.

213 1328 399 1367 bulatmes,
412 1326 473 1359 sed
485 1326 567 1358 mihi
582 1326 697 1368 placet
709 1325 862 1367 ddecet-u
874 1334 919 1359 ex
973 1329 1071 1366 traam,
1085 1325 1205 1358 Rimic.
1219 1328 1258 1358 et
1270 1323 1383 1359 Auen.
1403 1324 1546 1358 Mallem
1557 1325 1676 1369 Duxit,

215 1377 354 1412 Phaedr.
368 1377 430 1410 lib.
446 1386 486 1411 11.
501 1375 572 1410 fab.
590 1379 621 1410 1.
971 1375 1034 1409 sed
1048 1376 1141 1409 nolui
1152 1379 1297 1410 mutare.

740 1740 952 1780 FABULA
999 1741 1150 1780 XXVI.

415 1881 703 1934 CICONIA,
734 1880 969 1933 ANSER,
1001 1881 1082 1924 ΕΤ
1110 1881 1470 1926 ACCIPITER.

214 2028 473 2071 Vnmssm*
496 2027 650 2068 notum
666 2023 724 2066 ad
745 2026 947 2078 stagnum
968 2036 1068 2065 cum
1091 2022 1292 2076 ciconia,

216 2096 491 2150 Mergentem
509 2093 676 2136 invenit
693 2105 743 2134 se
762 2090 1013 2147 frequenter
1031 2089 1245 2134 Anserem

215 2164 309 2206 Sub
330 2161 485 2217 undis3
516 2161 674 2217 quaerit
694 2172 771 2202 cur
786 2159 872 2202 hoc
890 2159 1064 2202 faceret.
1123 2159 1207 2202 Ille
1227 2161 1313 2204 ait:

216 2231 333 2274 Haec
351 2230 479 2273 nobis
500 2227 776 2273 consuetudo
795 2232 880 2279 est,
898 2231 942 2271 et
959 2227 1004 2269 in
1023 2227 1118 2270 luto

214 2299 482 2354 Reperimus
503 2310 666 2349 escam,
689 2300 738 2339 et
756 2295 1002 2351 Accipitris
1021 2295 1154 2338 simul
1172 2295 1386 2352 impetum
1641 2297 1674 2340 5

214 2366 449 2410 Venientis
468 2365 525 2410 ad
544 2377 629 2408 nos
648 2364 732 2408 tuti
754 2364 822 2407 sic
841 2363 1088 2408 evadimus.

863 2484 1004 2519 NOTAE

257 2563 358 2605 Apud
375 2563 483 2595 solum
497 2561 610 2595 Anon.
632 2560 702 2594 fab.
717 2563 773 2594 53,
789 2560 917 2603 reperi·
969 2571 1053 2595 nere
1069 2562 1181 2595 Anser
1197 2562 1249 2595 bis
1264 2566 1362 2595 terve
1375 2561 1560 2594 inducitur.
1590 2561 1671 2595 vid.

214 2619 270 2647 tur
284 2615 359 2647 haec
374 2612 502 2646 fabula.
969 2612 1104 2646 Nilant.
1115 2616 1152 2645 et
1166 2611 1332 2646 Scheffer.
1347 2612 1390 2645 ad
1403 2611 1539 2646 Phaedr.
1553 2612 1612 2646 lib.
1627 2623 1670 2646 11.

257 2667 275 2696 l
301 2663 438 2705 Notum]
462 2662 597 2696 Solitum
618 2662 730 2696 Anon.
747 2661 807 2696 sed
831 2663 916 2695 alte·
970 2661 1041 2695 fab.
1055 2665 1089 2695 4.

214 2723 288 2746 rum
314 2713 463 2746 Phaedro
495 2713 638 2755 gratius.
692 2712 773 2746 vid.
805 2713 862 2745 lib.
889 2721 915 2746 1.
1012 2715 1033 2744 6
1059 2712 1220 2746 Venientis
1245 2713 1287 2745 ad
1312 2711 1383 2754 nos]
1418 2711 1501 2755 Ipsa
1531 2712 1672 2747 Phaedri

212 2763 282 2797 fab.
295 2766 347 2795 11.
370 2763 427 2795 lib.
446 2772 485 2796 n.
503 2762 571 2796 fab.
588 2768 618 2796 5.
633 2767 668 2797 et
682 2763 778 2797 alibi.
970 2763 1112 2806 phrasis.
1141 2763 1218 2797 Lib.
1234 2774 1258 2798 1.
1270 2763 1338 2797 fab.
1352 2767 1407 2798 21.
1430 2765 1440 2782 ‘
1451 2763 1547 2807 Aper
1558 2764 1668 2798 fulmi-

257 2816 277 2846 3
300 2814 359 2846 Ille
376 2814 439 2855 ait]
462 2812 531 2857 Ap.
548 2814 846 2849 Anon.foeminino
858 2825 915 2858 ge·
970 2814 1041 2847 neis
1057 2815 1099 2848 ad
1115 2826 1191 2854 eum
1209 2815 1303 2848 venit
1319 2815 1502 2848 dentibus!
