1806 3236
320 198 523 232 PHAEDRI
559 198 668 231 ΕΑΒ.
698 198 1002 232 AESOPIARUM
1037 200 1135 233 1213.
1168 200 1246 233 111.
1278 201 1423 234 PROL-

142 295 300 333 hnc-⁸⁸⁶0.
342 295 402 331 sic
417 295 556 331 Servius
579 296 622 330 ad
650 296 750 343 virg.
775 297 854 330 AEn.

142 357 186 382 η.
209 349 288 383 482.
311 347 396 382 vien
423 347 677 391 interpretatur
708 359 856 392 pugnas,

143 396 236 441 qaia
238 407 302 442 per
316 397 589 432 vicissitudinem
605 405 802 457 pugnatur,
793 410 802 417 ·
819 403 857 432 et

141 448 223 485 hinc
236 448 299 487 illa
312 449 444 483 locutio
470 450 481 468 ⁴
493 449 600 484 Suam
615 450 726 483 vicem
739 449 856 483 officio

140 497 261 556 fungus
281 499 457 535 illustrata
483 502 624 545 egregie
643 512 663 535 a
681 501 857 536 Gronovio

139 544 275 589 samv.
291 560 319 585 ι.
333 553 367 585 9.
397 555 435 585 et
457 551 510 586 ita
538 553 679 587 ‘Vices’
702 554 738 586 in
753 563 857 587 excu-

138 600 204 636 biis
227 605 267 635 ct
288 601 366 635 aliis
388 603 623 637 castrensibus
644 604 855 638 muneribus.

138 651 195 689 De
214 643 335 696 quibu·
357 654 402 687 ad
425 654 568 689 Quinct.
603 655 704 689 Deci.
717 665 759 688 ιι.
774 665 804 690 c.
820 659 854 690 2.

183 760 226 792 17
249 758 322 799 Ego
335 768 426 801 quem
440 759 553 792 Pierio
563 763 678 802 mater,
690 759 763 803 ὅκῃ]
786 760 854 794 Or-

138 807 249 852 pheus
262 809 368 853 Hym.
380 809 589 851 Μνημοσύνης
600 810 652 845 καὶ
663 811 760 851 Ζηνὸς
770 812 853 856 ἐριγ-

136 858 263 893 δούποιο
287 858 439 904 θύγατρες
458 862 582 896 Μοῦσαι
606 862 744 906 Πιερίδες
757 875 854 905 neyn-

137 910 286 953 λάνυμοι,
307 911 542 956 hymmum.
582 915 699 948 Idem:
727 919 855 956 Μνημο·

139 962 239 1004 obv
258 962 363 999 καλέω
379 965 476 1006 Ζηνδς
501 964 698 1010 σύλλεκτρον
711 966 854 1000 ἄνασσαν

130 1015 175 1049 *Β
205 1015 335 1051 καύσας
358 1014 489 1051 τέκνων)
512 1017 594 1060 ἱερὰς
616 1017 855 1060 ὁσίαςλτγυφό-

135 1078 218 1100 νους.
262 1067 446 1101 Eumelus:
473 1067 682 1109 Μνημοσύνης
693 1068 746 1102 καὶ
757 1068 854 1108 Ζηνὸς

135 1117 311 1159 Ὀλυμπίου
338 1115 428 1152 ἐννέα
451 1119 570 1162 κοῦραι.
613 1119 736 1153 Solon:
765 1123 852 1159 Μνη-

133 1168 272 1211 μοσύης
282 1169 336 1203 καὶ
355 1169 448 1204 Ζενὸς
464 1170 640 1212 Ὀλυμπίαν
655 1170 764 1212 ἀγλαὰ
780 1170 852 1204 rix·

133 1231 184 1254 νε..
207 1218 381 1255 Antonius
396 1221 568 1255 Liberalis
577 1221 852 1265 Metamorphos-

133 1269 210 1306 zera
223 1270 414 1317 Πνψοσίη
426 1272 529 1315 ’μιγεὶς
542 1273 577 1306 ἐν
603 1273 703 1317 Παρία
722 1273 851 1309 Μούσας

134 1321 313 1365 ἐγέννησεν.
335 1324 414 1367 Rig.

178 1375 304 1420 Pierio]
326 1376 411 1411 Dixi
435 1374 479 1410 de
499 1377 566 1410 hoc
590 1384 686 1418 ante,
715 1376 750 1410 in
778 1377 850 1411 vita

131 1426 286 1461 Pan-dri.
323 1427 472 1462 Ursinus
481 1427 590 1461 habet
599 1437 663 1471 pro
674 1428 848 1462 locutione

132 1478 357 1521 proverbiali,
372 1478 446 1512 sine
461 1488 566 1513 causa
575 1479 688 1513 hocin
703 1479 796 1521 loco,
808 1483 848 1512 ut

176 1582 221 1614 18
240 1580 460 1624 Mmync]
483 1581 662 1616 Plutarch.
673 1580 745 1624 περὶ
762 1581 849 1616 roffi.

131 1629 234 1672 ἄγειν.
250 1631 419 1667 rationem
449 1632 578 1675 reddit,
603 1643 666 1667 cur
690 1633 848 1667 Mnemo-

132 1693 220 1726 syne
246 1684 428 1719 Musarum
456 1685 593 1720 dicatur
622 1696 770 1728 parens:
807 1686 846 1719 Ἦ

130 1733 249 1776 W
265 1734 370 1779 ὅσπερ
385 1735 528 1770 παιδείας
547 1736 616 1770 ἐστὶ
639 1739 782 1779 ταμιεῖον,
793 1737 847 1771 καὶ

129 1786 182 1821 διὰ
192 1783 289 1820 *roi‘aeo
301 1786 423 1830 μητέρι
435 1789 500 1821 τᾶν
508 1790 643 1822 Μουσῶν
656 1789 847 1831 ἐμνθολσγη-

129 1849 191 1873 σιν
211 1836 290 1872 εἶναι
315 1837 377 1878 τὴν
400 1838 612 1880 Μνημοσύνην
640 1839 847 1882 &irmbutum

129 1887 183 1924 nal
209 1891 464 1932 παραδηλοῦντες
491 1890 590 1925 οὕτως
618 1891 708 1926 οὐδὲν
731 1895 848 1940 ’γεννᾷν

127 1942 182 1978 καὶ
209 1941 335 1986 τρέφειν
358 1943 400 1977 ὦς
428 1943 451 1984 ἡ
473 1943 578 1986 μνήμη
605 1944 735 1987 πέφυκε.
764 1947 846 1980 Vid.

130 1994 230 2028 Max.
245 1995 331 2038 Tyr.
345 1995 501 2029 Ser-mon.
516 1994 567 2035 κή.
590 1997 673 2031 Nec.

171 2046 397 2089 Mnemosyne]
427 2046 496 2079 Με.
514 2047 703 2094 Nemosyne.
728 2047 824 2082 Gud.

173 2099 217 2129 19
245 2096 416 2140 Faemaa]
439 2097 509 2130 Me.
520 2098 683 2132 Facunda.
706 2098 801 2133 Gud.

173 2146 308 2190 Nouia]
330 2148 420 2183 Qum
440 2158 563 2181 novem
587 2149 698 2183 edidit
718 2149 846 2183 liberos

130 2207 198 2232 uno
209 2203 334 2241 parum
364 2199 554 2243 eleganter.
576 2199 683 2243 Schef.

173 2248 321 2291 Anaua]
343 2250 534 2289 Musarum,
552 2261 629 2293 quae
644 2255 738 2284 artes
752 2252 845 2285 inve·

128 2306 269 2334 nerunt.
312 2300 405 2334 Vide
420 2301 465 2335 de
479 2301 531 2335 his
545 2303 704 2336 omnibus
719 2304 844 2346 Gyral-

128 2351 211 2385 dum
234 2352 404 2395 peculiari
420 2358 638 2395 syntagmate
654 2355 698 2388 de
720 2356 843 2390 Musis.

126 2403 235 2444 Scbd.
272 2404 330 2438 lta
345 2403 472 2438 Horat.
497 2406 507 2424 ‘
525 2406 672 2439 Centum
687 2416 775 2448 puer
790 2417 845 2440 ar-

126 2453 237 2489 tium!
281 2456 388 2489 Forte
404 2460 520 2489 tamen
536 2456 720 2499 legendum
739 2458 844 2502 amss-

126 2515 206 2540 cem.
227 2506 352 2540 Heius.

171 2559 216 2591 20
238 2557 280 2590 In
299 2557 369 2600 ipsa
387 2558 497 2600 nam]
535 2558 642 2601 Lege,
665 2569 756 2601 pane
782 2560 844 2594 aim

125 2612 221 2647 natu
233 2609 349 2642 schola.
367 2609 492 2642 Heius.
518 2609 574 2642 An
590 2610 757 2643 Heinsius
769 2621 841 2644 mn-

127 2663 204 2693 tare
220 2659 380 2706 uoluerit,
400 2661 482 2703 quia
505 2665 654 2694 metrum
675 2661 741 2694 sibi
760 2672 842 2695 con·

127 2714 221 2745 stare
235 2721 304 2744 non
321 2711 516 2754 videbatur,
530 2712 647 2747 nescio
662 2724 672 2745 ε
697 2713 758 2746 sed
774 2724 842 2748 non

127 2771 214 2804 opus
225 2771 301 2796 esse
318 2763 439 2797 Musas
459 2764 524 2798 sibi
541 2774 614 2806 praa
633 2764 711 2798 aliis
726 2764 845 2799 savem

128 2819 182 2847 tes
197 2813 338 2856 habere,
354 2825 398 2849 ne
413 2825 514 2848 aures
539 2814 762 2850 offendantur
776 2817 841 2852 hac

1535 190 1622 234 471

907 306 1030 331 vocum
1055 297 1239 340 positione,
1265 301 1363 331 certe
1388 297 1480 338 scio;
1500 297 1621 340 quivi-

907 348 986 390 deo,
997 348 1172 392 principes
1182 349 1372 383 Poetarum
1383 348 1532 392 syllabas
1545 348 1622 381 bre-

908 410 967 433 ves
983 401 1199 443 produxisse,
1215 400 1245 433 si
1268 410 1336 433 vox
1351 409 1497 444 sequens
1510 409 1529 432 a
1539 410 1573 432 sc
1585 409 1622 442 sp

909 453 964 485 vel
978 451 1145 487 similibus
1169 452 1361 495 inciperet:
1385 452 1489 485 immo
1513 450 1621 484 fuisse

908 503 1001 536 viros
1017 503 1251 544 doctissimos,
1264 504 1322 547 qui
1345 502 1445 537 nefas
1461 502 1620 537 credide-

907 554 990 596 rint,
1005 555 1032 587 si
1048 555 1294 598 corriperetur.
1341 555 1398 588 Ne
1417 554 1537 588 multis
1560 563 1621 591 ex<

906 606 1028 649 emplis
1051 606 1236 640 obruamus
1260 607 1441 648 lectorem,
1462 606 1622 641 consulat

904 657 1058 692 Pincier.
1094 658 1242 701 Parerg.
1258 657 1316 691 lib.
1339 667 1392 691 xv,
1408 660 1461 690 12.
1477 657 1535 700 qui
1550 667 1621 690 mo·

904 710 1076 743 rosissimo
1089 709 1296 752 satisfaciet,
1307 714 1345 743 et
1353 712 1540 753 utrumque
1552 710 1621 743 usi-

905 767 1015 796 tatum
1031 763 1173 796 docebit
1187 774 1198 804 3
1227 767 1269 796 nt
1283 766 1321 795 et
1344 762 1467 795 Barth.
1483 761 1527 795 ad
1544 762 1622 795 Cal-

904 823 982 856 pur.
1005 814 1081 846 Ecl.
1097 822 1140 847 11.
1157 815 1213 846 31.
1229 812 1301 856 qui,
1315 812 1400 846 licet
1414 812 1481 846 hoc
1495 821 1620 845 conce-

904 864 978 906 dat,
995 869 1110 898 tamen
1135 874 1200 907 pro
1219 862 1450 907 frequentiori
1474 862 1523 896 ibi
1536 866 1618 903 stat,

903 920 943 949 ut
958 919 995 948 et
1018 914 1107 948 Adv.
1130 924 1212 948 xxr.
1226 918 1259 948 8.
1283 918 1320 947 et
1340 922 1453 947 xxm.
1467 917 1501 951 4.
1517 914 1616 948 etad

902 967 993 1002 Stat.
1006 966 1114 1000 Theb.
1132 976 1184 1000 vr.
1197 969 1274 1000 551.
1308 966 1389 999 vid.
1405 970 1443 999 et
1458 966 1616 1000 Lambin.

903 1019 947 1052 ad
978 1018 1102 1051 Horat.
1126 1017 1202 1050 Sat.
1233 1027 1259 1051 1.
1273 1019 1311 1050 2.
1332 1021 1370 1051 et
1399 1020 1432 1050 ὅ.
1482 1017 1620 1053 Quibus

902 1070 987 1104 licet
1003 1079 1065 1102 nos
1082 1068 1253 1110 refragari
1268 1068 1431 1109 nolimus,
1445 1067 1618 1101 credimus

903 1125 1019 1154 tamen
1033 1130 1112 1153 cum
1132 1119 1272 1153 Acrone
1287 1119 1332 1152 ad
1346 1119 1473 1153 Horat.
1487 1120 1564 1152 Sat.
1575 1128 1618 1153 11.

901 1174 935 1205 3.
951 1174 1006 1205 43.
1035 1180 1251 1204 communem
1274 1169 1366 1203 effici
1384 1180 1427 1204 ea
1446 1171 1618 1213 positione

901 1223 1082 1266 syllabam,
1098 1231 1211 1265 neque
1228 1222 1262 1255 in
1289 1221 1439 1255 Phaedro
1465 1231 1542 1254 eam
1565 1221 1617 1255 fu-

900 1276 968 1309 isse
983 1274 1182 1318 religionem
1196 1274 1284 1317 legis
1297 1273 1410 1316 pediae
1423 1273 1618 1316 deprehen-

900 1327 1027 1370 dimus,
1042 1331 1082 1360 ut
1096 1336 1164 1360 non
1181 1326 1323 1359 liberius
1332 1325 1398 1360 sibi
1412 1325 1614 1360 indulserim

899 1379 1004 1414 etita
1034 1379 1163 1412 Lucan.
1186 1387 1220 1411 v.
1243 1379 1317 1411 118.
1339 1377 1349 1396 ‘
1363 1376 1436 1411 Aut
1452 1377 1615 1420 pretium,

899 1430 1029 1474 quippe
1045 1430 1184 1463 stimulo
1197 1428 1378 1472 fluctuque
1393 1428 1543 1464 furoris.¹
1564 1430 1617 1461 Si·

898 1482 981 1516 don.
1012 1482 1126 1516 Carm.
1157 1490 1193 1514 v,
1222 1483 1276 1514 87.
1306 1481 1316 1499 ‘
1331 1481 1509 1514 Hannibal
1535 1485 1616 1514 ante

899 1543 1006 1575 mens,
1020 1543 1121 1576 quam
1152 1537 1272 1566 nostra
1296 1531 1415 1575 Scipio
1433 1531 1523 1565 vidit
1535 1534 1556 1565 :’
1579 1536 1616 1565 et

901 1595 935 1619 v.
961 1588 1038 1619 205.
1061 1585 1072 1604 ‘
1087 1585 1239 1618 Exclusa
1267 1583 1418 1626 sceptris
1442 1583 1616 1618 Geticisz'

898 1641 937 1671 et
950 1636 1086 1670 infinita
1101 1640 1244 1678 possent
1255 1646 1301 1669 ex
1317 1636 1394 1678 ipso
1412 1636 1561 1669 Marone
1577 1640 1616 1670 et

898 1687 974 1720 aliis
991 1687 1137 1730 produci
1162 1687 1335 1730 exempla,
1359 1686 1386 1719 si
1403 1687 1492 1719 tanti
1520 1686 1615 1718 vide-

897 1744 1006 1772 retur.
1043 1738 1114 1772 Adi
1130 1738 1281 1771 Taubm.
1298 1737 1343 1770 ad
1359 1737 1460 1779 Virg.
1471 1746 1524 1770 xl.
1539 1740 1616 1771 309.

897 1795 935 1824 et
949 1790 1107 1823 Broukh.
1124 1790 1167 1823 ad
1184 1789 1300 1823 Tibul.
1323 1798 1349 1823 1.
1365 1799 1397 1822 v.
1412 1791 1469 1822 28.
1497 1789 1615 1822 Burm.

939 1842 1071 1885 Schola]
1096 1842 1187 1877 Quia
1218 1851 1239 1874 a
1270 1841 1381 1873 Pierio
1401 1844 1519 1873 monte
1536 1841 1614 1873 Mu-

897 1893 1014 1936 sisque
1054 1893 1104 1926 ibi
1140 1892 1375 1926 habitantibus
1412 1897 1613 1935 propagatae

897 1949 991 1978 artes
1021 1944 1058 1977 in
1082 1948 1230 1977 coeteras
1260 1944 1353 1977 orbis
1378 1948 1498 1986 partes
1523 1942 1615 1976 fere-

898 1996 1035 2030 bantur.
1094 1995 1245 2029 Videtur
1274 1999 1390 2028 autem
1421 1995 1522 2027 simul
1558 1994 1615 2029 hic

896 2048 1038 2079 innuere
1076 2046 1222 2088 Noster,
1253 2046 1346 2089 quod
1374 2046 1614 2079 Scholasticns

896 2097 1017 2131 fuerit.
1064 2098 1198 2131 Rhetor
1228 2097 1335 2140 forte,
1361 2099 1416 2130 vel
1433 2098 1614 2132 Gramma-

897 2150 1000 2185 ticus.
1038 2149 1097 2182 Sic
1125 2151 1136 2168 ‘
1150 2149 1335 2183 Hominem
1373 2150 1465 2183 inter
1494 2150 1614 2183 literas

897 2199 1029 2233 natum’
1054 2200 1238 2243 usurpavit
1266 2199 1426 2234 Justinus
1445 2209 1493 2232 v1.
1508 2203 1541 2234 8.
1567 2199 1612 2234 de

897 2251 1147 2293 Epaminonda.
1165 2250 1271 2291 Schef.
1313 2251 1324 2269 ‘
1340 2251 1428 2285 Nati
1441 2251 1476 2283 in
1489 2249 1612 2284 literis*

897 2302 1013 2335 Cicer.
1025 2301 1069 2335 de
1086 2302 1188 2335 Orat.
1204 2311 1260 2334 ur.
1282 2303 1337 2335 32.
1353 2306 1390 2336 et
1419 2302 1429 2319 ‘
1440 2301 1482 2334 In
1498 2302 1613 2335 Fetia-

895 2353 979 2386 lium
995 2353 1152 2386 manibus
1167 2352 1281 2386 natus'
1296 2353 1399 2386 Verr.
1417 2363 1450 2387 v.
1466 2357 1520 2387 19.
1558 2354 1611 2387 Si-

894 2405 975 2438 mile
990 2405 1074 2438 illud
1090 2405 1192 2438 Statii
1217 2404 1328 2437 Theb.
1345 2413 1397 2437 vl.
1419 2407 1496 2437 739.
1520 2405 1530 2423 ⁴
1547 2405 1611 2438 Sa-

895 2466 974 2490 cras
989 2457 1081 2490 iuter
1097 2457 1246 2490 crevisse
1262 2455 1465 2498 palaestras?
1494 2457 1611 2491 Barna.

937 2511 979 2542 21
1006 2510 1125 2541 Curam
1139 2507 1290 2549 habendi]
1313 2507 1370 2540 Sic
1393 2517 1530 2540 amorem
1555 2508 1612 2542 Ιιε-

895 2558 987 2592 bendi
1003 2558 1110 2592 Ovid.
1136 2558 1227 2591 dixit
1250 2558 1456 2591 avaritiam:
1486 2558 1611 2592 ‘Tem-

895 2619 981 2652 pore
1004 2610 1116 2643 crevit
1133 2619 1241 2650 amor,
1267 2609 1326 2652 qui
1342 2619 1434 2642 nunc
1449 2614 1506 2643 est
1521 2620 1611 2644 sum-

894 2671 982 2704 mus,
1009 2660 1182 2695 habendi!
1223 2662 1268 2693 Et
1296 2660 1422 2694 Horat.
1447 2661 1514 2703 Ep.
1535 2671 1561 2695 1.
1576 2664 1610 2696 7.

893 2716 903 2732 ‘
921 2714 1050 2748 Amore
1060 2714 1214 2747 senescit
1230 2712 1404 2748 habendi.¹
1428 2713 1501 2746 Rit.

939 2766 1106 2808 Habendi]
1143 2766 1292 2807 Supple,
1320 2774 1406 2804 rem,
1430 2765 1612 2806 pecunias.

893 2818 951 2852 Sic
976 2818 1146 2852 Horatius
1165 2822 1202 2851 et
1218 2816 1276 2850 alii
1293 2818 1493 2860 loquuntur,
1518 2822 1610 2853 teste
