1806 3236
181 217 267 260 550

226 323 407 366 Hominem,
437 323 554 367 inquit,
578 323 699 367 quaero]
736 324 893 357 Lucerna

182 383 330 406 accensa
355 373 508 406 homines
531 374 712 417 quaerebat
733 373 895 416 AEsopus,

182 424 276 467 quod
301 424 345 457 de
370 424 535 467 satyricis
559 425 664 458 etiam
680 424 895 467 dicipotest.

182 476 343 512 Juvenal.
360 476 433 509 Sat.
445 486 472 508 1.
496 476 608 510 ‘Haec
633 486 697 519 ego
722 486 791 508 non
817 485 894 509 cre·

183 526 452 569 dam-Venusina
465 526 568 569 digna
589 528 780 560 Lucerna?
824 527 894 560 Ve-

183 581 238 609 tns
255 577 382 619 interp.
404 577 414 595 ‘
429 578 604 611 Lauernam
618 579 716 621 dicit,
742 579 823 622 quia
837 580 896 611 Sa-

186 627 290 669 tyrici
315 628 359 660 ad
386 629 537 662 omnium
565 629 648 663 vitia
670 630 766 672 quasi
786 630 898 663 lucer-

184 689 265 711 nam
293 679 491 721 admovent,
519 685 556 714 et
580 686 619 714 ut
634 681 794 724 adurant,
810 686 846 715 et
860 686 899 715 ut

187 731 372 763 ostendant
386 732 553 764 crimina.’
578 733 657 774 Rig.

227 781 325 823 Abit]
349 782 419 815 Hic
434 793 571 826 quoque
596 788 741 826 propter
762 793 897 816 versum

187 834 306 866 volunt
331 832 412 866 abiit
437 834 900 874 Rittershusius,Mcursius,

186 885 402 919 Buchnerus.
425 884 531 924 Schrf.
575 885 656 918 Non
681 885 756 917 haec
772 883 901 916 frustra

187 935 333 968 addidit.
377 935 535 968 Noverat
549 935 691 978 quippe,
717 945 759 968 eo
775 935 900 967 ridicu-

185 986 238 1018 los
254 985 361 1026 magis
382 995 473 1026 esse,
501 995 586 1028 quos
607 990 800 1028 occupatus
824 995 900 1028 pro-

186 1034 258 1068 fert
270 1036 373 1075 sales,
389 1045 456 1078 quo
471 1036 579 1078 magis
595 1036 712 1077 alieni,
723 1037 900 1079 minusque

188 1087 367 1128 expectati
390 1096 431 1119 ac
457 1087 715 1128 praemeditati3
738 1096 779 1120 eo
794 1088 900 1120 etiam

188 1137 434 1179 mordaciores,
455 1148 523 1180 quo
545 1137 707 1171 videntur
724 1139 833 1180 magis
847 1148 900 1171 se-

188 1190 243 1222 rii.
287 1190 412 1232 Itaque
439 1189 628 1232 Phrygium
652 1190 755 1222 istum
771 1190 900 1222 deriso-

189 1250 262 1273 rem
275 1241 418 1273 abeuntis
430 1245 467 1273 et
473 1241 664 1281 festinantis
671 1241 790 1275 habitu
799 1241 901 1283 nobis

190 1291 305 1331 sistit;
330 1301 397 1333 quo
423 1291 559 1324 dicterii
586 1291 813 1324 festivitatem
842 1292 902 1323 ad-

186 1343 300 1385 juvet.
343 1342 402 1375 Sic
425 1342 460 1374 in
485 1343 545 1375 illo
570 1341 640 1376 fab.
666 1346 719 1376 16.
741 1343 902 1385 ‘Rapere

192 1398 298 1437 atque
322 1394 420 1426 abire
444 1403 583 1436 semper
604 1393 761 1426 adsuevit
776 1392 902 1436 lupus:

191 1447 231 1480 τὸ
245 1448 332 1480 ubire
349 1447 393 1480 ad
418 1447 679 1489 exprimendam
703 1447 775 1489 lupi
799 1446 903 1479 facile

191 1499 360 1532 elabentis
368 1498 558 1541 πανουργίαν
569 1497 692 1530 efficax
701 1502 755 1530 est
766 1509 775 1530 :
799 1507 904 1540 quum

192 1551 305 1592 prima
322 1549 437 1582 fronte
452 1549 628 1582 abundare
642 1549 814 1581 videatur.
840 1549 906 1581 Eo-

193 1602 273 1634 dem
296 1602 450 1643 pertinet
472 1601 557 1634 illud
584 1600 654 1634 fab.
665 1604 719 1634 83.
741 1604 752 1621 ⁴
768 1602 904 1643 Nempe

193 1654 356 1695 affigeris,
379 1663 446 1696 quo
472 1653 567 1685 venis
578 1652 601 1685 :’
624 1652 654 1684 si
681 1652 904 1685 Rittershusii

194 1704 446 1746 expositionem
480 1703 707 1736 admittimus.
766 1703 812 1735 Et
840 1703 905 1735 hoc

196 1755 286 1787 Livii
309 1764 377 1788 non
404 1754 550 1786 multum
574 1753 712 1795 dispar:
741 1754 752 1772 ‘
770 1753 906 1795 Legati,

195 1815 264 1838 non
280 1806 468 1847 impetrata
491 1814 592 1847 pace,
613 1809 720 1844 retro,
743 1803 834 1836 unde
851 1813 908 1836 ve—

195 1860 333 1898 nerant,
361 1855 499 1888 domum
526 1855 656 1887 reversi
676 1853 782 1887 sunt!
837 1854 906 1891 Qui

196 1909 291 1940 locus
315 1906 358 1939 ad
385 1906 506 1939 vitium
524 1904 738 1947 ’μικρολογίας
765 1915 786 1938 a
800 1905 907 1938 Fabio

196 1958 348 1991 refertur
373 1957 462 1990 Inst.
479 1956 581 1990 Orat.
597 1965 679 1990 vm.
694 1959 726 1989 3.
771 1956 907 1998 Sosipa-

198 2015 254 2042 ter
264 2009 374 2050 addit,
385 2008 472 2041 Inst.
483 2008 639 2041 Gramm.
653 2008 714 2041 lib.
725 2016 775 2040 lv.
797 2008 808 2026 ‘
821 2007 908 2040 Nui-

199 2061 269 2092 lum
294 2060 385 2092 enim
410 2058 544 2102 pondus
569 2058 702 2101 adjecit
723 2058 907 2091 sententiae

646 227 790 261 No'rAE
823 226 1092 261 'vammum
1127 228 1181 260 ΙΝ

943 324 1138 368 longitudo,
1181 325 1242 359 ned
1288 324 1451 360 decorem
1490 326 1658 362 munt}

946 376 1103 410 Quorum
1126 377 1307 411 sententia
1332 387 1401 411 non
1424 377 1574 412 adscribi
1597 386 1658 412 eto

946 426 1016 468 pio.
1061 427 1277 461 num-atam
1290 427 1381 461 euim
1395 437 1464 462 nou
1487 428 1562 461 sine
1575 437 1670 462 eon·-

948 481 1057 511 temtu
1072 478 1329 520 expeditionem
1350 479 1426 512 haec
1447 479 1658 522 exprimeres

947 528 1050 561 immo
1066 533 1102 561 et
1116 530 1336 571 proverbium
1355 539 1480 574 sapere
1503 530 1658 564 credide-

947 579 1024 613 rim.
1067 580 1186 623 Atque
1215 581 1258 614 ad
1279 582 1354 615 haec
1376 581 1491 615 unda
1511 580 1659 615 mirifice

949 630 1099 674 quadrat
1110 632 1316 665 vernaculus
1331 639 1455 667 sermo.
1472 632 1611 666 *Pl-aneu.

996 685 1038 714 10
1059 682 1227 725 Molestus]
1243 683 1323 716 Vid.
1339 683 1384 716 ad
1397 683 1588 718 Petrum-c.
1603 686 1660 717 ⁴8.

993 733 1216 767 Adonim
1241 733 1371 776 retulit]
1408 734 1662 777 consideravit,

952 784 1159 817 examinavit
1185 786 1308 818 animo.
1353 786 1449 819 Puto
1469 789 1587 818 auten
1605 792 1662 820 n·

942 834 1036 874 serre
1059 836 1101 867 ud
1114 835 1254 868 animum
1275 835 1359 877 dici,
1383 836 1474 869 sicut
1487 837 1499 856 ⁶
1515 835 1662 871 Restm

952 888 995 920 ad
1022 888 1086 930 se‚'
1115 888 1357 922 considerandi
1382 887 1517 922 scilicet
1545 897 1663 929 cansa,

954 940 1008 972 vel
1042 940 1053 958 ‘
1071 940 1114 986 ad
1137 939 1326 982 proceres‚'
1355 943 1418 973 aut
1449 941 1460 958 ⁶
1474 939 1662 982 Senam-⁹

954 990 1137 1023 sententiae
1154 991 1376 1033 exquirendae
1390 991 1514 1033 gratia.
1549 989 1663 1034 Vulgo

956 1042 967 1060 ⁶
980 1041 1129 1074 animum
1145 1041 1278 1075 referre
1293 1041 1341 1075 ad
1362 1042 1512 1085 aliquid’
1537 1042 1574 1076 in
1601 1044 1662 1075 deu

953 1096 1021 1124 est.
1044 1091 1152 1131 Schef.
1577 1102 1580 1104 ’

995 1143 1050 1175 Aa
1063 1144 1202 1175 animum
1222 1143 1349 1186 retulit]
1381 1144 1442 1177 sie
1463 1144 1561 1186 deti,
1577 1144 1588 1163 ‘
1606 1142 1661 1177 Ad

954 1194 1102 1226 animum
1129 1203 1292 1227 revocare
1326 1195 1512 1238 injuriam?
1543 1195 1666 1228 dicunt

955 1246 1016 1278 lib.
1032 1255 1074 1278 n.
1090 1255 1156 1278 non
1169 1247 1277 1278 solum
1293 1248 1323 1289 ς.
1337 1250 1366 1279 l.
1381 1244 1428 1280 Ι).
1439 1246 1487 1279 de
1509 1246 1615 1289 injur.
1630 1247 1660 1288 ς.

954 1296 1019 1329 ult.
1033 1296 1149 1330 Instit.
1161 1297 1240 1329 eod.
1257 1297 1311 1330 tit.
1334 1298 1420 1330 Rite.

999 1349 1042 1380 12
1061 1347 1242 1391 Aulum-u]
1276 1349 1398 1385 Jocari
1413 1348 1572 1383 voluerit.
1602 1349 1664 1382 Sc-

955 1402 1055 1431 cutus
1070 1402 1124 1430 est.
1137 1399 1333 1441 Virgilium,
1350 1399 1408 1441 qui
1431 1399 1507 1434 AEn.
1530 1406 1596 1434 vm
1611 1403 1664 1434 17.

955 1450 966 1467 ⁸
984 1449 1093 1490 Heus,
1115 1450 1222 1482 etiam
1249 1458 1387 1482 mensas
1423 1451 1666 1492 consumimus,

956 1499 1070 1542 inquit
1095 1500 1201 1533 Iulus.
1245 1500 1324 1533 Nec
1345 1501 1446 1543 pinta
1460 1500 1626 1534 adludens
1641 1501 1670 1534 ι’

957 1552 1107 1583 adludens
1125 1554 1192 1592 est,
1211 1550 1346 1592 jocans.
1386 1550 1548 1584 Servius:
1571 1553 1585 1571 ⁶
1599 1552 1667 1584 Va-

958 1605 1018 1634 cat
1032 1602 1073 1632 ad
1085 1611 1099 1640 ,·
1121 1601 1355 1643 et‚ludentem
1368 1601 1559 1644 significat-⁹
1593 1603 1668 1645 Op·

959 1651 1056 1685 time.
1078 1651 1185 1690 Scires.
1230 1653 1325 1685 Male
1356 1653 1491 1686 Gudius
1503 1651 1666 1693 manerio,-

957 1704 1104 1736 adladere
1119 1702 1212 1735 enim
1227 1703 1404 1746 dicuntur,
1419 1704 1478 1747 qui
1493 1704 1589 1738 dicto
1603 1705 1666 1738 aii-

959 1764 1027 1796 quo
1043 1759 1079 1785 et
1087 1754 1171 1795 joco
1187 1754 1292 1786 risum
1315 1755 1472 1788 excitare
1484 1759 1666 1789 conantur.

960 1804 1074 1836 Cicer.
1097 1803 1141 1836 de
1155 1803 1258 1836 Orat.
1281 1813 1307 1837 1.
1322 1807 1377 1838 6⁰.
1418 1806 1428 1823 ‘
1446 1805 1561 1838 Galba
1585 1811 1667 1839 ante

959 1853 1115 1886 alludens
1137 1854 1231 1886 varie
1246 1858 1283 1886 et
1298 1855 1435 1897 copiose
1447 1855 1470 1888 :'
1492 1860 1529 1888 et
1543 1856 1594 1888 ita
1608 1856 1667 1888 alii

961 1904 1099 1947 passim.
1144 1904 1254 1937 Dicto
1282 1915 1367 1948 ergo
1391 1905 1462 1949 illo,
1484 1907 1583 1940 modio
1602 1908 1668 1940 nole

963 1956 1049 1992 Quid
1068 1966 1138 1988 cum
1163 1954 1303 1990 lumine?
1333 1957 1498 1990 alluserat
1520 1958 1578 1991 ille
1595 1967 1668 2000 gnr-

960 2007 1065 2040 rulus.
1088 2007 1202 2040 Burm.

770 2359 1103 2402 EPILOGUS.

250 2533 266 2562 1
293 2528 412 2569 Pareo]
445 2528 500 2561 Sc.
531 2527 696 2561 scribere.
729 2526 910 2561 Quomodo

203 2582 302 2622 Virg.
321 2580 396 2612 AEn.
415 2589 470 2612 111.
502 2581 511 2598 ‘
523 2579 637 2612 Parce
651 2579 728 2622 pias
741 2578 910 2611 scelerare

204 2631 347 2664 manus!
366 2630 471 2671 Sches.

248 2685 269 2715 2
293 2682 438 2714 Primum
466 2682 545 2723 esse]
593 2681 690 2715 Nihil
715 2680 804 2723 vitii,
829 2680 912 2713 nihil

207 2733 320 2766 scabri
334 2733 436 2766 video
452 2733 486 2765 in
502 2734 566 2765 hac
581 2732 743 2773 lectione,
757 2740 820 2764 nec
848 2740 911 2763 cur

207 2794 293 2826 opus
319 2784 364 2816 sit
391 2785 520 2826 legere,
543 2783 687 2816 Primum
712 2791 776 2814 erse
800 2781 911 2814 tibine

207 2836 315 2868 videar
343 2835 565 2877 immodestior,
605 2844 683 2867 cum
723 2832 912 2874 (honorio,

964 2526 1149 2569 quidquam
1166 2535 1287 2559 caussa
1302 2529 1366 2558 est.
1400 2523 1556 2566 Molestus
1575 2522 1667 2555 enim

963 2582 1053 2610 esset
1068 2577 1248 2616 Phaedrus,
1270 2576 1335 2608 nisi
1361 2573 1485 2608 brevis.
1514 2573 1595 2606 vid.
1624 2572 1668 2605 ad

963 2627 1024 2660 lib.
1039 2636 1095 2659 111.
1111 2630 1165 2659 19.
1188 2627 1302 2659 Burm.

1007 2678 1086 2709 Esse
1100 2687 1139 2709 ne
1152 2676 1212 2710 tibi
1235 2676 1359 2719 videar]
1394 2675 1499 2717 Lege,
1523 2673 1582 2706 tibi
1605 2683 1671 2706 esse

961 2728 1132 2761 nevidear.
1172 2727 1270 2764 vHuic
1293 2724 1548 2767 transpositioni
1574 2723 1671 2756 favet
1687 2726 1696 2732 '

964 2783 1064 2812 vetus
1077 2779 1269 2821 scriptura3
1292 2777 1400 2810 sedin
1416 2785 1500 2809 voce
1514 2775 1669 2823 Primum,

964 2830 993 2863 si
1011 2830 1148 2872 vulgata
1177 2833 1346 2872 servetur,
1374 2837 1441 2861 non
1472 2827 1613 2860 eliditur
1637 2836 1670 2858 m
