1806 3236
223 217 225 219 -
314 199 519 234 sumen
555 199 615 232 nr
647 199 959 233 'rusi-morsm
995 200 1058 232 ns
1093 199 1325 232 Fumone.
1499 180 1558 233 31

86 295 242 340 habui.
293 295 354 340 Et
385 296 622 340 immortali
653 294 802 339 'amore
826 293 1126 353 prudentiam,
1146 296 1193 338 in
1219 290 1322 339 tam
1343 288 1560 338 suavibus

85 365 233 408 verbis
251 369 300 408 et
316 364 483 408 fabulis
500 365 712 418 abditam,
733 364 909 423 dignam
928 379 1028 409 esse
1048 366 1149 422 quis
1168 368 1297 420 neget
1309 365 1329 406 'l

431 487 565 531 Idem
585 485 825 529 Adversar.
846 487 874 529 l.
898 498 1016 529 xxx
1025 498 1068 528 v.·
1087 498 1127 530 c.
1142 486 1215 530 21.

145 571 218 614 De
236 570 419 616 Phaedri
445 570 611 615 fabulis
643 570 713 614 ita
739 568 945 627 judicant
969 572 1205 615 doctorum
1226 570 1440 628 plerique,
1461 582 1565 612 esse

86 638 288 695 ingenua
306 639 579 693 latinitatis,
604 644 751 697 neque
770 641 943 684 mentiri
967 653 1116 684 aevum
1134 634 1316 683 Tiberii.
1378 637 1432 681 In
1451 633 1564 694 quo-

86 720 183 751 rum
201 720 285 764 ego
301 720 485 764 prorsus
499 708 714 765 opinione
734 722 849 761 sum,
864 709 973 752 licet
989 722 1124 752 unam
1149 712 1197 751 et
1212 708 1393 751 alteram
1411 706 1566 750 subdi-

87 773 236 820 titiam
249 778 297 819 et
304 776 551 820 insititiam
570 777 672 820 esse
682 775 782 833 jam
801 776 908 820 olim
924 777 1124 821 notarim.

182 897 414 956 Augustus
435 900 698 944 Buchncrus
715 901 762 944 in
782 901 909 945 libris
928 901 985 945 de
1004 904 1284 945 commutata
1301 900 1468 944 ratione

726 968 922 1013 dicendi.
1068 980 1070 982 ’

149 1051 370 1097 Plraedrus
388 1051 751 1110 elegantissimus
771 1048 1044 1099 Fabula'rum
1065 1054 1380 1110 AEsopicarum
1399 1052 1546 1110 potita.

436 1176 565 1220 Idem
587 1176 789 1223 Oration.
806 1177 935 1222 Tom.
958 1189 1012 1222 11.
1035 1177 1157 1221 Orat.
1172 1176 1216 1220 2.

149 1260 371 1304 Phaedrus
402 1256 763 1317 elegantissimus
785 1262 1055 1306 Fabularum
1078 1261 1396 1319 AEsopicarum
1416 1248 1568 1316 poeta,

91 1329 275 1374 libertus
289 1329 463 1374 Tiberii
482 1329 684 1375 Caesaris
702 1331 1010 1375 doctissimus.

197 1452 327 1498 Idem
348 1415 499 1510 lEpist.
520 1453 652 1499 Tom.
673 1465 725 1498 11.
746 1454 835 1510 Ep.
855 1455 929 1498 71.
950 1453 1008 1497 ad
1027 1453 1059 1497 J
1061 1466 1196 1497 anum
1213 1452 1474 1496 Gruterum.

152 1538 337 1583 Phoedri
356 1539 580 1595 elegantes
605 1544 653 1582 ct
679 1540 933 1596 purissimae
958 1526 1230 1592 Latinitatis,
1260 1539 1328 1582 sic
1360 1537 1573 1582 Barthius

95 1609 263 1660 censet,
295 1605 493 1650 Fabulas
527 1612 678 1650 tenere
711 1621 887 1664 semper
918 1608 1083 1652 amavi.
1155 1608 1214 1651 Et
1246 1607 1433 1664 quidni?
1468 1619 1572 1649 cum

94 1672 200 1718 illas
215 1673 382 1719 nemini
413 1687 505 1717 non
534 1675 807 1720 eruditorum
836 1666 1052 1722 hactenus
1084 1668 1133 1720 in
1168 1677 1342 1720 deliciis
1376 1689 1477 1719 esse
1507 1674 1574 1718 vi-

315 1847 368 1892 F.
387 1847 624 1892 Vavassor
644 1848 700 1892 de
718 1830 891 1892 ludicra
910 1848 1107 1892 dictione
1128 1861 1231 1905 pag.
1250 1847 1354 1891 205.

155 1941 397 1986 Phaedrum
415 1943 548 1999 igitur
565 1944 801 1998 habemus,
833 1937 1029 2001 Augusti
1057 1945 1276 1996 libertum,
1310 1943 1407 1987 sive
1439 1942 1578 1987 Octa-

97 2011 219 2055 viani
252 2011 350 2055 sive
376 2011 564 2064 Tiberii,
586 2014 666 2068 qui
698 2018 745 2056 et
775 2014 955 2056 nomine
989 2014 1095 2069 ipso
1125 2012 1386 2055 hilaritatem
1413 2024 1509 2067 prae
1530 2026 1579 2054 se

97 2079 199 2132 fert,
218 2080 268 2124 et'
280 2078 519 2137 profitetur
544 2081 684 2123 libelli
717 2082 790 2124 sui
820 2082 966 2125 dotem
999 2081 1186 2124 alteram
1205 2094 1231 2123 e
1251 2079 1429 2123 duabus
1457 2093 1578 2133 esse,
1603 2080 1609 2088 '

99 2151 148 2193 u't
165 2149 307 2201 risum
326 2154 518 2201 moveat,
540 2153 587 2192 et
605 2149 721 2193 fictis
741 2150 908 2194 fabulis
919 2150 1111 2206 jocetur.
1171 2149 1299 2193 Idem
1318 2162 1454 2204 quam
1474 2163 1577 2206 pro-

100 2217 198 2272 prie
219 2217 280 2260 de
297 2215 611 2261 communibus
641 2221 686 2262 et
705 2219 981 2274 quotidianis
1012 2219 1157 2269 rebuS‚
1184 2231 1299 2273 quas
1319 2218 1397 2261 alii
1416 2221 1578 2260 tracta-

100 2290 205 2329 runt
243 2285 482 2341 scriptores
515 2285 653 2338 nulli,
672 2286 894 2342 loquitur!
925 2298 1058 2342 quam
1091 2287 1264 2328 sincere
1295 2289 1340 2328 et
1368 2286 1426 2328 ab
1458 2286 1580 2328 omni

101 2354 406 2410 peregrinitate
441 2349 591 2410 atque'
608 2354 846 2399 insolentia
875 2354 1068 2398 remote!
1120 2367 1258 2409 quam
1296 2367 1467 2410 presse,
1497 2366 1580 2396 nec

101 2422 288 2467 moleste
306 2423 477 2466 tamen!
508 2435 641 2478 quam
663 2422 825 2475 solute,
845 2436 930 2466 nec
957 2423 1163 2466 licenter!
1194 2435 1326 2478 quam
1346 2422 1579 2464 emendate

102 2490 380 2546 literateque,
401 2503 456 2534 ac
475 2490 606 2542 bene,
621 2493 672 2533 ut
690 2491 829 2533 verbo
850 2490 1016 2543 dicam,
1034 2490 1216 2533 Latine!
1248 2490 1303 2533 ln
1323 2503 1411 2545 quo
1426 2502 1581 2544 genere

104 2556 214 2614 qnid
231 2562 399 2615 posset,
418 2562 466 2601 et
490 2558 671 2614 agnovit
689 2559 805 2615 ipse,
823 2564 867 2602 et
885 2560 1103 2616 aequales,
1123 2559 1200 2614 qui
1220 2562 1354 2601 aetate
1373 2557 1583 2600 vivebant

104 2626 276 2679 eadem,
299 2640 402 2670 cum
426 2627 525 2683 eJus
546 2627 683 2670 verba
710 2625 758 2669 in
790 2640 898 2670 suas
929 2628 1106 2670 chartas
1137 2625 1439 2678 transferrent,
1471 2626 1582 2668 satis

104 2694 410 2738 declararunt.
461 2694 649 2736 Memini
678 2694 885 2750 equidem
911 2694 1135 2738 Jacobum
1167 2693 1451 2737 Sirmondum
1483 2706 1583 2735 nar-

106 2776 204 2819 rare
223 2761 328 2808 mihi
356 2762 549 2815 solitum,
574 2775 678 2805 cum
711 2762 874 2806 Petrus
895 2758 1099 2808 Pithoeus
1129 2763 1213 2805 hos
1246 2760 1427 2806 Phaedri
1447 2762 1583 2805 AEso-
