1806 3236
205 238 292 283 486

204 346 322 385 λῷστε,
339 341 363 376 ὦ
379 341 495 386 ἄριστε.
527 341 622 376 Dein
636 341 709 385 quis
721 352 789 375 non
796 342 911 376 videat

203 405 334 429 meram
351 395 461 427 inesse
482 393 676 427 barbariem
697 393 733 426 in
754 393 805 426 his
822 394 910 426 voci·

203 446 281 487 bus,
307 446 437 482 Qualem
464 445 572 477 bonam
599 448 630 477 te
656 445 759 478 dicam
776 443 911 484 fuisse?

200 497 282 536 Scio
296 497 404 529 virum
420 496 670 537 doctissimum,
681 499 718 528 et
733 495 814 529 mihi
829 495 911 528 ami-

203 547 377 580 cissimum
404 547 539 589 legisse,
565 550 726 589 quantum,
755 546 828 587 sed,
858 547 911 580 uti

200 606 316 640 spero,
349 597 627 633 emendationem
663 601 815 631 nostram
843 606 911 630 non

200 648 427 691 improbabit,
448 658 513 681 nec
545 648 575 681 si
609 648 667 691 qui
703 647 761 687 alii
785 648 910 680 Latine

200 699 326 732 sciunt.
351 700 468 733 Faber.
521 700 633 733 Notat
649 699 909 739 Rittershusius‚

201 750 361 783 debuisse
375 751 527 784 scribere
541 761 631 793 quum
646 751 768 792 bonam,
782 751 842 783 sed
859 751 909 784 sic

199 801 372 839 maluisse,
401 806 441 834 ut
474 808 630 835 servaret
661 802 769 835 decus
799 807 910 835 temu-

199 852 306 884 lentae
332 852 553 886 mulierculae.
595 853 726 885 Verum
751 853 821 886 ista
835 854 909 886 Rit-

199 903 360 935 tershusii
369 903 614 946 interpretatio
627 913 669 936 eo
685 904 794 936 minus
805 904 910 947 valet,

199 953 280 996 quia
305 963 408 987 anum
430 954 533 988 istam
557 948 819 988 ebriam⁵·‘fuisse
840 965 908 988 non

195 1007 356 1053 appare-f,
371 1017 449 1043 eum
473 1005 519 1042 sit
538 1019 651 1042 sermo
675 1008 719 1041 de
745 1009 909 1051 amphora

199 1067 317 1105 epota.
361 1062 455 1103 Ergo
484 1061 598 1094 Faber
623 1060 767 1093 scribit:
790 1061 910 1102 qualem

197 1117 229 1146 te
244 1114 360 1154 dicam,
382 1111 484 1145 bona?
515 1112 674 1155 Illudque
688 1111 767 1143 bona
779 1110 910 1144 dictum

199 1169 320 1198 censet
352 1164 459 1197 veluti
505 1174 568 1206 per
612 1163 910 1203 exclamationem,

198 1217 308 1260 qualis
324 1216 450 1249 Plauto
464 1214 625 1258 frequens
640 1214 650 1232 ‘
667 1213 698 1246 Ο
713 1213 827 1255 bone‚'
851 1214 861 1231 ‘
874 1213 906 1246 Ο

197 1266 320 1300 bona?
363 1267 494 1299 Verum
523 1268 642 1309 posset
674 1264 788 1297 dicere
824 1274 908 1296 non-

197 1326 313 1359 nemo,
333 1317 477 1350 otiosam
494 1326 632 1360 prorsus
647 1325 721 1348 esse
736 1315 835 1347 istam
850 1324 908 1346 ex·

199 1370 454 1406 clamationem,
470 1366 748 1411 quandoquidem
764 1376 909 1409 praeces·

198 1422 244 1454 sit
255 1432 272 1453 ο
282 1421 388 1454 suavis
401 1418 526 1453 anima!
546 1419 660 1461 Igitur
675 1421 712 1451 et
723 1417 908 1450 Praschius

199 1472 412 1514 conjecerat,
440 1480 534 1514 quam
564 1472 628 1502 tete
657 1470 760 1502 dicam
788 1469 908 1502 bonam.

199 1523 404 1565 Quanquam
435 1520 506 1554 fors
533 1520 600 1552 hoc
629 1519 730 1551 nimis
760 1517 862 1551 abeat
888 1528 908 1551 a

198 1573 310 1605 veteri
335 1572 519 1615 scriptura,
547 1580 627 1612 nec,
649 1569 735 1602 illud
760 1572 823 1602 tete
847 1579 909 1602 cur

196 1625 252 1657 hic
287 1624 373 1666 -poni
416 1622 553 1664 debeat,
589 1621 636 1654 sit
675 1619 908 1654 manifestum.

198 1675 315 1710 Quid?
359 1675 388 1708 si
421 1675 573 1707 dicamus
605 1673 694 1705 male
731 1672 909 1714 conjungi,

199 1736 275 1769 quae
297 1730 378 1759 sunt
392 1724 647 1767 distinguenda,
663 1732 774 1765 neque
798 1722 909 1754 cohae-

196 1786 273 1809 rere
289 1778 409 1818 qualem
424 1776 546 1816 bonam,
569 1784 689 1807 verum
704 1773 814 1805 bonam
827 1773 909 1814 poni

198 1827 416 1870 simpliciter,
442 1831 479 1859 et
502 1825 676 1868 respicere
703 1822 908 1865 praecedens

197 1880 242 1918 te,
264 1878 331 1910 isto
356 1886 478 1910 sensu:
504 1876 648 1910 Qualem
667 1879 714 1912 te,
737 1883 813 1916 quae
837 1877 908 1905 tam

197 1928 290 1961 bona
306 1937 356 1968 es,
369 1927 482 1960 dicam
499 1925 607 1958 fuisse
622 1924 791 1957 antehac?
817 1923 909 1956 Sane

198 1979 248 2012 sic
264 1978 445 2011 consuevit
461 1986 596 2020 quoque
613 1976 687 2008 aliis
703 1976 738 2007 in
753 1975 854 2017 locis,
869 1977 911 2007 ut

197 2029 298 2062 initio
314 2028 372 2061 lib.
387 2038 413 2061 1.
435 2026 446 2044 ⁴
460 2027 606 2070 AEsopus
622 2030 742 2059 auctor
755 2025 910 2068 repperit

197 2079 402 2120 materiam‚’
417 2083 453 2111 et
467 2078 547 2110 infr.
562 2088 641 2120 cap.
659 2081 712 2110 11.
751 2079 761 2096 ‘
779 2078 911 2112 Caussa

198 2131 344 2164 libertus
367 2131 448 2162 mali
460 2130 481 2171 ;'
513 2133 552 2162 ut
573 2130 583 2147 ‘
599 2129 744 2170 AEsopus
766 2128 910 2169 auctor,'

199 2187 236 2215 et
274 2181 284 2199 ‘
309 2182 440 2214 Caussa
466 2179 639 2221 libertus,’
670 2180 720 2212 ita
749 2180 852 2221 plane
878 2182 910 2212 te

199 2234 309 2266 bonam
327 2232 477 2274 positum
494 2231 605 2263 videri
621 2234 750 2272 potest.
794 2229 910 2273 Atque

197 2285 286 2317 hanc
302 2294 393 2316 nunc
406 2283 507 2315 video
520 2282 657 2314 demum
673 2281 778 2314 etiam
793 2281 910 2314 Ursini

198 2337 303 2370 fuisse
324 2336 560 2368 sententiam..
591 2334 682 2367 Nam
705 2333 813 2366 verba
834 2334 910 2366 haec

199 2389 248 2423 sic
272 2388 321 2420 ait
338 2382 583 2427 construenda,
598 2385 722 2428 qualem
743 2388 775 2416 te
786 2384 908 2425 bonam,

199 2441 302 2473 dicam
330 2438 474 2471 Antehac
495 2437 610 2478 fuisse,
635 2446 676 2469 ac
703 2435 909 2468 Germanice

198 2490 389 2524 vertenda:
416 2490 446 2521 0
470 2491 513 2521 du
531 2491 608 2530 gute
621 2487 758 2531 fliische,
778 2487 837 2518 wie
849 2490 910 2527 gut

200 2542 262 2574 bist
273 2543 315 2574 du
330 2541 412 2572 wohl
421 2543 550 2581 gewest.
595 2539 798 2580 Quanquam
814 2541 910 2570 erret

199 2594 234 2625 in
262 2603 317 2633 eo,
337 2591 429 2634 quod
445 2599 634 2623 sermonem
657 2598 732 2621 esse
750 2591 851 2630 putet
866 2588 909 2619 ad

201 2645 409 2686 amphoram.
455 2643 533 2674 Non
551 2640 639 2673 enim
652 2639 734 2684 illud
745 2639 855 2670 bonam
866 2638 907 2670 ad

198 2696 390 2738 amphoram,
399 2694 612 2735 sedanimam,
619 2696 671 2725 est
679 2689 908 2723 referendum.

201 2747 310 2779 Plane
334 2747 361 2778 si
386 2745 469 2788 quid
493 2748 547 2777 est
564 2742 777 2782 mutandum,
793 2741 909 2783 placet

200 2798 434 2838 vehementer,
470 2795 561 2838 quod
586 2804 726 2834 censere
756 2792 908 2826 doctissi-

201 2857 293 2882 mum
302 2848 454 2880 G-udium
466 2846 588 2880 scribit
598 2844 714 2887 Ampl.
737 2842 907 2885 Bigotius‚

651 241 654 244 ’
674 248 818 281 NOTAE
850 240 911 279 vA
922 226 1139 280 monuu'
1154 245 1206 280 ru

960 342 1147 376 videlicet:
1186 344 1274 386 quale
1300 343 1336 377 in
1364 348 1396 377 te
1427 345 1530 378 dicam
1555 345 1667 380 bo'mun

959 394 1102 427 Antehac
1119 394 1231 434 fuisse.
1285 395 1327 428 In
1352 399 1384 428 te
1405 396 1667 439 intelligendum

959 443 1067 478 fuerit
1089 455 1158 478 non
1182 445 1225 478 de
1251 446 1424 489 amphora,
1445 446 1507 480 sed
1531 447 1666 488 anima;

959 495 1082 538 bonum,
1095 506 1162 529 nou
1178 497 1222 530 de
1234 498 1284 531 rei
1296 498 1538 542 cujuscunque,
1548 506 1667 532 verum

960 546 1049 580 bono
1078 548 1280 588 suavitatis3
1317 553 1357 581 ut
1385 549 1431 582 sit
1459 557 1597 582 sensus:
1632 549 1665 582 Ο

956 597 1073 630 'suavis
1088 597 1213 640 anima,
1227 599 1327 641 quale
1337 598 1461 632 bonum
1474 599 1667 639 suavitatis,

960 648 1094 691 qualem
1102 652 1331 692 quantamque
1341 650 1544 683 suavitatem
1553 649 1666 683 dicam

959 698 1065 731 fuisse
1079 699 1113 731 in
1138 704 1185 741 te,
1204 699 1424 741 continuisse,
1447 699 1667 743 comprehen-

960 749 1053 781 disse
1070 754 1105 782 te
1124 750 1284 791 antehac,
1298 752 1363 783 &c.
1385 749 1491 790 Schff.
1534 750 1668 793 Scribo,

959 811 1053 844 quam
1066 804 1098 833 te
1112 799 1205 833 dico?
1227 811 1319 843 quam
1334 799 1470 844 bonam?
1489 799 1530 832 τὸ
1547 800 1668 844 quatem

960 856 1014 885 est
1028 853 1195 895 glossema
1208 853 1266 884 τοῦ
1279 863 1391 894 quam:
1413 851 1452 884 τὸ
1464 861 1556 895 quam
1567 853 1667 886 omis-

960 913 1034 936 sum
1050 903 1116 936 fuit
1132 914 1152 936 a
1175 904 1330 945 librario,
1351 903 1444 947 quod
1470 903 1600 936 frustra
1614 913 1668 936 re-

960 956 1109 998 petitum
1119 955 1309 989 videretur.
1328 955 1439 988 Guiet.
1461 956 1569 997 Lege,
1579 956 1670 998 quale

961 1011 992 1040 te
1020 1008 1131 1040 dicam·
1149 1008 1269 1041 bonum.
1301 1000 1423 1041 Heius.
1470 1006 1575 1039 Gudii
1589 1016 1669 1040 con-

954 1058 1095 1100 jectura
1110 1068 1183 1101 prae
1205 1059 1278 1091 aliis
1294 1058 1419 1090 merito
1442 1057 1580 1100 placet:
1606 1057 1669 1092 sed

958 1119 1027 1143 non
1048 1109 1187 1142 videtur
1201 1108 1396 1142 Schefferus
1411 1108 1483 1152 ejus
1498 1108 1670 1142 rationem

959 1161 1168 1203 percepisse,
1180 1170 1259 1192 nam
1272 1169 1394 1192 revera
1407 1160 1606 1201 amphoram
1622 1158 1669 1192 al·

957 1212 1122 1254 loquitur,
1148 1221 1248 1254 quam
1271 1211 1408 1243 animam
1431 1219 1527 1242 suam
1552 1212 1668 1251 vocat,

958 1266 994 1295 et
1006 1264 1108 1304 quale,
1121 1263 1241 1305 inquit,
1253 1262 1376 1303 bonum,
1389 1270 1490 1304 quam
1499 1264 1667 1303 praestans

957 1313 1072 1346 vinum
1088 1315 1169 1347 olim
1185 1313 1400 1354 continuisti,
1410 1312 1507 1355 eujus
1523 1311 1581 1344 fex
1593 1312 1669 1355 ipsa

957 1368 1029 1397 tam
1052 1374 1192 1397 suavem
1219 1363 1331 1397 adhuc
1355 1362 1495 1396 odorem
1517 1362 1668 1405 spargit!

957 1415 1086 1448 Tibull.
1108 1425 1150 1448 11.
1167 1419 1200 1448 4.
1216 1418 1269 1447 36.
1293 1414 1338 1447 de
1359 1414 1425 1447 alia
1448 1423 1506 1446 re:
1528 1414 1539 1431 ‘
1557 1413 1668 1448 Quale

958 1466 1083 1499 bonum
1090 1467 1206 1499 multis
1214 1465 1349 1499 addidit
1358 1465 1417 1498 ille
1427 1463 1546 1497 malis?
1553 1464 1669 1497 ΒΜ.

1001 1520 1023 1550 6
1049 1518 1141 1551 Tales
1160 1527 1229 1549 cum
1242 1516 1307 1549 sint
1321 1514 1479 1558 reliqm'ae]
1514 1515 1576 1547 Ex·
1590 1523 1670 1557 pro-

958 1567 1091 1610 verbio,
1099 1577 1166 1611 quo
1177 1567 1259 1600 boni
1271 1567 1340 1599 vini
1352 1566 1457 1599 etiam
1466 1565 1560 1599 feces
1568 1564 1668 1598 bonae

959 1629 1035 1652 esse
1051 1619 1286 1661 perhibentur.
1325 1618 1412 1652 Rite.

1002 1673 1023 1703 7
1046 1670 1120 1702 Hoc
1143 1680 1201 1712 quo
1229 1669 1401 1711 pertineat]
1446 1669 1669 1703 Senectutem

959 1731 1054 1754 suam
1070 1721 1266 1754 consolatur
1282 1720 1462 1766 Phaedrus.
1488 1720 1566 1761 mg.

1005 1771 1070 1808 Qui
1098 1781 1146 1803 me
1174 1770 1310 1811 noverit]
1352 1769 1511 1803 Julianus
1537 1770 1667 1813 Imper.

959 1821 1117 1864 Epistola
1132 1822 1198 1853 Ms.
1220 1820 1450 1862 Ἀλεξανδρεῦσι
1473 1819 1516 1852 de
1537 1819 1668 1863 Diony-

960 1872 1011 1913 sio
1022 1871 1170 1914 quodam
1183 1883 1191 1904 :
1205 1869 1249 1905 Σὺ
1260 1872 1285 1902 δ’
1297 1870 1346 1902 ὅτι
1354 1870 1436 1903 κατ-’ὰ
1444 1870 1502 1903 τὸν
1511 1871 1670 1915 κοσμικὸν,

959 1922 1082 1961 Σαυτὴν
1095 1923 1228 1955 ἐπαινεῖς
1239 1921 1343 1964 ὥσπερ
1351 1920 1558 1964 Ἀστυδάμας,
1567 1921 1671 1964 γύναι,

960 1972 1117 2016 πρόδηλόν
1139 1973 1225 2005 ἐστιν
1240 1973 1271 2013 ἐξ
1293 1971 1335 2004 ὧν
1350 1971 1545 2006 ἐπέστειλας.
1566 1972 1588 2013 ἧ
1607 1973 1669 2015 ’γὰρ

961 2023 1091 2065 ἆφοΒία,
1107 2023 1210 2056 καὶτὸ
1230 2022 1314 2064 μέγα
1328 2021 1450 2065 θράσος,
1472 2022 1587 2066 καὶτὸ,
1609 2023 1670 2056 Εἴθ’

962 2074 1016 2116 ἐμὲ
1030 2074 1138 2116 ’γνοίης
1151 2073 1214 2107 οἷός
1228 2073 1299 2114 εἶμι,
1316 2073 1368 2106 καὶ
1382 2072 1486 2109 πάντα.
1506 2073 1610 2111 ἅπλῶς
1629 2075 1671 2107 τὰ

959 2127 1089 2159 τοιαῦτα
1105 2125 1205 2163 βαβαὶ
1219 2124 1354 2164 πηλίκον
1362 2125 1480 2157 κτύπου
1491 2125 1543 2158 καὶ
1552 2125 1671 2166 κόμπου

962 2176 1106 2220 ῥημάτων
1130 2175 1217 2210 εἲσίν.
1263 2177 1411 2210 Incertae
1435 2177 1669 2220 Epitaphium,

962 2230 1064 2272 Epig.
1073 2229 1155 2261 Vct.
1165 2228 1225 2261 lib.
1235 2237 1292 2260 111.
1308 2229 1317 2245 ‘
1327 2228 1373 2260 Et
1386 2232 1436 2269 tu,
1447 2237 1523 2270 quae
1535 2226 1670 2270 fuerim,

961 2282 989 2314 si
1003 2290 1134 2321 nosses,
1151 2279 1297 2312 candide
1312 2278 1448 2320 lector‚'
1462 2280 1528 2312 διο.
1547 2279 1626 2320 Rig.

1005 2332 1071 2369 Qui
1084 2341 1132 2363 me
1147 2330 1285 2372 noverit]
1309 2329 1445 2371 Nempe
1455 2329 1529 2371 jam
1541 2338 1669 2361 senem.

959 2384 1016 2416 Sic
1032 2381 1223 2415 senectutis
1247 2390 1316 2413 suae
1332 2380 1436 2412 etiam
1453 2379 1536 2412 alibi
1551 2379 1667 2412 memi-

960 2435 1023 2475 nit,
1038 2438 1077 2466 ut
1092 2432 1182 2466 infra
1198 2432 1257 2465 lib.
1272 2441 1323 2464 1v.
1345 2430 1414 2464 fab.
1426 2433 1480 2464 25.
1498 2435 1534 2463 et
1555 2429 1617 2463 lib.
1633 2440 1669 2465 v,

959 2484 1030 2517 fab.
1048 2487 1100 2517 10.
1137 2484 1208 2516 Rit.
1551 2491 1554 2494 ⁴

959 2540 967 2545 ⁷
1005 2536 1070 2572 Qui
1081 2545 1129 2567 me
1143 2533 1280 2574 noverit]
1306 2532 1390 2564 Vult
1402 2541 1444 2564 ex
1458 2531 1522 2563 hoc
1537 2530 1667 2564 ultimae

960 2586 1164 2626 senectutis,
1192 2594 1267 2626 quae
1295 2586 1348 2615 est
1370 2581 1465 2625 quasi
1488 2580 1570 2613 vitae
1597 2580 1668 2624 fex,

960 2637 1122 2679 opusculo
1158 2635 1348 2666 fabularum
1397 2642 1497 2674 posse
1536 2632 1668 2675 colligi,

961 2688 1070 2731 qualis
1108 2686 1214 2718 fuerit
1242 2685 1377 2726 integra
1405 2683 1516 2715 adhuc
1547 2687 1666 2717 aetate.

960 2739 1064 2778 Schef.
1109 2737 1241 2770 Fabula
1263 2734 1384 2767 referri
1408 2733 1513 2766 debet
1537 2734 1580 2766 ad
1595 2744 1667 2767 ser·

959 2791 1104 2823 vitutem
1127 2787 1279 2827 Phaedri,
1294 2791 1329 2820 et
1356 2786 1527 2819 libertatis
1551 2795 1666 2820 recor-

959 2842 1144 2875 dationem.
1174 2838 1284 2871 Hez‘ns.
1638 2853 1641 2856 «
1664 2840 1671 2846 “
