1806 3236
183 221 270 264 490

185 336 238 359 am
252 325 415 369 praecipit
429 325 604 359 Melanch.
625 326 731 367 Phys.
748 335 774 359 1.
791 335 826 368 p.
840 329 896 360 44.

186 382 224 410 et
256 378 393 411 uberius
422 378 482 411 lib.
500 386 542 410 11.
577 376 637 410 ubi
666 376 826 419 disputat
851 376 897 410 de

185 438 305 463 caussa
317 429 411 462 finali
428 430 462 461 in
478 432 612 462 natura.
636 428 771 462 Pru-sch.

229 481 373 514 Habenti
396 481 521 513 cuidam
541 481 670 522 pecora]
707 479 840 512 Fabula
854 478 897 513 εἷς

184 531 258 565 τοὺς
271 530 551 573 ἆλογευσαμένους.
576 543 578 550 ·
594 531 675 564 Vid.
685 531 814 574 Synodi
824 530 897 563 An·

186 592 325 625 cyranae
340 593 372 616 c.
389 586 442 616 16.
475 582 583 616 Basil.
599 582 643 614 ad
655 581 818 624 Mitylen.
829 582 896 624 Ep.

189 637 222 667 4.
257 634 336 676 Rig.

227 685 440 728 Pepererunt]
466 686 534 719 Μι.
548 688 711 727 peperunt.
749 685 840 718 Gud.

228 740 247 769 5
283 737 487 779 Exterritus]
531 737 637 768 Forte
669 736 822 775 ωτι-ἰωὴ·
857 740 898 770 ut

184 796 290 829 supra
311 787 321 805 ‘
337 785 462 828 Actis,'
476 796 552 829 pro,
566 786 731 828 peractis.
766 787 853 820 Gud.

228 841 250 870 6
274 838 499 879 Consulendos]
558 838 657 871 Curt.
680 847 745 872 vn.
767 848 844 881 cap.
865 842 897 871 7.

184 888 195 907 ⁴
204 887 365 922 Hariolos
377 892 415 922 et
424 892 522 921 vates
535 889 715 921 consulere
725 889 896 922 desierat!

184 939 333 981 Proprie
354 949 395 972 ac
410 939 611 982 solenniter,
632 944 672 973 ut
687 941 789 974 docet
805 941 898 974 Bris-

184 1000 258 1023 son.
275 991 311 1023 in
326 991 439 1024 Form.
465 991 572 1031 Scires.

230 1041 457 1083 consulendos]
479 1043 766 1076 Mummiam.
789 1043 882 1077 Gud.

230 1093 358 1135 Currit]
407 1093 686 1127 Sollicitudinem
737 1094 896 1128 denotat.

185 1144 292 1184 Schef.
330 1144 422 1178 Just.
453 1153 506 1178 xi.
535 1148 567 1178 7.
603 1145 613 1162 ‘
636 1145 821 1179 Profectus
851 1145 896 1179 ad

185 1197 415 1230 consulendos
431 1196 607 1239 augures!

227 1247 395 1289 Hariolos]
420 1249 488 1281 Ms.
500 1249 652 1280 hariolus.
680 1248 774 1283 Gud.

227 1301 247 1331 7
264 1299 450 1340 Pertinere]
473 1300 537 1332 Est
547 1303 582 1332 et
594 1299 660 1332 hoc
674 1299 767 1332 inter
782 1301 895 1332 solen·

183 1352 243 1385 nia
257 1356 294 1384 et
310 1352 449 1394 propria
465 1352 508 1384 de
524 1351 578 1393 iis,
595 1360 672 1394 quoe
687 1351 895 1394 significant.

184 1403 260 1435 Val.
278 1412 305 1434 1.
327 1412 357 1435 c.
372 1405 405 1434 6.
440 1403 451 1421 ‘
466 1401 656 1444 Aruspices
679 1402 723 1435 ud
748 1403 895 1436 salutem

183 1454 403 1496 imperatoris
415 1453 591 1496 pertinere
604 1453 792 1486 dixerunt.'
813 1454 896 1487 Sne-

184 1509 253 1538 ton.
268 1505 376 1547 Vesp.
391 1513 424 1537 c.
434 1507 488 1537 23.
515 1504 620 1536 ‘Cum
635 1503 728 1537 inter
739 1504 897 1547 prodigia

184 1561 316 1588 caetera
347 1556 562 1588 Mausoleum
593 1554 770 1587 caesarum
796 1554 896 1587 dere-

184 1612 292 1649 pente
324 1606 509 1649 patuisset,
543 1609 581 1638 et
603 1606 705 1638 stella
735 1604 771 1637 in
808 1606 895 1638 coelo

184 1658 313 1691 crinita
327 1658 544 1700 apparuisset
557 1668 565 1688 =
587 1657 735 1689 alterum
745 1656 787 1689 ad
797 1657 820 1691 J
824 1656 896 1689 uni-

185 1719 240 1742 am
257 1709 434 1742 Calvinum
457 1718 476 1740 e
500 1711 604 1750 gente
619 1706 767 1748 Augusti
791 1707 897 1748 perti·

184 1769 267 1793 nere
284 1759 436 1800 dicebat,
457 1759 603 1791 alterum
627 1757 672 1789 ad
688 1758 896 1790 Parthorum

185 1812 328 1853 Regem,
352 1811 412 1853 qui
437 1809 620 1851 capillatus
646 1808 761 1841 esset.’
788 1808 896 1848 Schef.

185 1862 261 1894 Liv.
277 1870 379 1894 xxvi.
389 1864 443 1894 38.
465 1862 475 1879 ⁶
488 1860 544 1892 Ad
557 1859 674 1902 plures
688 1860 895 1901 exemplum,

185 1922 286 1955 quam
299 1912 487 1955 calamitas,
498 1910 724 1954 pertinebat!
759 1910 840 1943 vid.
852 1911 897 1943 ad

185 1963 246 1997 lib.
260 1973 287 1996 1.
312 1962 381 1996 fab.
397 1965 453 1995 30.

230 2013 351 2055 Caput]
392 2014 524 2055 Vitam,
553 2012 711 2045 salutem.
758 2012 897 2055 Nempe

185 2066 266 2107 quia
290 2068 519 2107 praecesserat
541 2063 552 2082 ‘
571 2063 733 2096 Humano
756 2062 899 2106 capite}

186 2116 265 2148 ideo
282 2116 330 2148 sic
344 2115 510 2157 loquitur.
548 2113 656 2154 Schef.

229 2171 249 2200 8
272 2167 485 2200 Avertendum
495 2165 623 2197 victima
630 2165 818 2207 periculum]
840 2165 897 2198 Sic

185 2227 288 2251 mox:
308 2218 319 2236 ⁴
338 2216 485 2259 Expiari
501 2225 600 2258 posse
623 2215 742 2257 majori
763 2213 899 2249 hostia?

184 2268 353 2302 Sciebant
381 2268 471 2300 enim
496 2270 650 2300 monstra
676 2270 714 2298 et
740 2266 899 2309 prodigia

185 2318 307 2353 hostiis
334 2318 525 2361 procurari,
555 2317 659 2359 idque
689 2326 733 2349 ex
753 2317 897 2351 consilio

187 2376 224 2404 et
238 2371 446 2414 praescripto
457 2377 624 2411 angurum
639 2370 676 2400 et
691 2367 898 2410 aruspicum,

187 2422 463 2464 Quindecimque
496 2420 662 2461 virorum,
697 2418 756 2460 qui
792 2418 896 2451 libros

187 2475 373 2517 Sibyllinos
403 2481 508 2515 super
533 2472 598 2505 hac
627 2480 665 2503 re
693 2468 839 2502 adibant
860 2474 898 2502 et

186 2524 435 2567 inspiciebant:
473 2527 513 2555 ut
536 2522 670 2555 scilicet
691 2529 897 2553 averrunca-

188 2581 284 2608 retur
307 2575 444 2616 malum,
468 2573 560 2616 quod
582 2573 642 2605 illa
663 2571 896 2605 minabantur.

188 2628 247 2660 Sic
269 2626 369 2669 *apud
404 2625 608 2658 Ciceronem
637 2624 693 2656 De
727 2622 845 2655 Divin.
872 2632 896 2655 1.

189 2681 198 2696 ‘
215 2679 369 2720 Cumque
385 2678 511 2718 magna
523 2675 572 2708 vis
582 2675 759 2712 videretur
774 2681 847 2706 esse
861 2673 896 2705 in

189 2728 352 2762 monstris
371 2725 642 2768 interpretandis
657 2733 699 2758 sc
713 2731 896 2766 procuran-

191 2780 257 2820 dis,
269 2780 303 2812 in
315 2778 532 2820 auruspicum
543 2776 726 2819 disciplina
738 2785 748 2808 ε
762 2782 897 2808 omnem

190 2831 279 2863 hanc
288 2839 332 2863 ex
337 2828 476 2863 Etruria
482 2827 660 2862 scientiam
669 2825 898 2862 adhibebant-⁹

652 230 796 263 NoTAE
826 230 1095 266 vulnotum
1114 222 1181 266 'm

944 327 1044 361 Idem
1069 329 1124 362 De
1149 330 1268 364 Divin.
1293 331 1355 366 lib.
1371 340 1413 366 ti.
1459 333 1656 370 ‘Quem-‹l-

944 374 1082 414 modum
1097 381 1209 425 signa,
1228 393 1307 426 quas
1322 394 1343 417 a
1358 385 1436 418 Diis
1462 385 1656 420 hominibus

944 430 1210 475 portenduntur,
1222 439 1451 476 procurentur
1465 441 1571 480 atque
1593 446 1655 471 ex-

945 481 1096 523 pientur.
1140 482 1220 517 Hoc
1248 494 1466 527 praenoscere
1489 497 1595 521 unum
1609 497 1656 522 cx
1695 511 1697 513 »

945 530 1066 566 officiis
1083 532 1303 569 divinationis
1325 538 1478 580 ponebat
1493 539 1657 583 Chrysip-

945 583 1041 624 pus!⁴
1076 584 1133 617 Sic
1152 589 1347 627 procurandi
1362 589 1467 623 verbo
1495 590 1605 634 (qnod
1621 595 1658 625 et

943 633 1000 666 hic
1017 638 1071 667 est
1087 636 1179 678 apud
1205 638 1407 682 Pbaedrum)
1430 648 1523 684 saepe
1547 642 1659 676 utitur

944 684 979 716 in
1003 684 1068 718 hac
1096 687 1217 720 eadem
1245 689 1495 731 significatione
1516 692 1657 727 Livius:

946 735 956 754 ‘
973 736 1139 779 Prodigia
1162 740 1373 782 procurare,’
1397 742 1467 785 vel,
1494 742 1506 762 ‘
1521 743 1656 786 majori-

946 787 1009 820 bus
1024 788 1142 821 hostiis
1157 799 1343 832 procurare
1356 791 1376 824 ι’
1407 796 1448 825 ut
1470 792 1528 827 lib.
1543 800 1652 828 xxx!-

945 836 1009 871 lib.
1026 847 1156 871 xxxiv.
1170 839 1222 873 bis
1234 845 1332 874 terve
1346 840 1407 875 lib.
1423 849 1570 879 xxxvn.
1592 841 1656 878 tib.

947 898 1112 925 xxxvm.
1141 892 1201 925 lib.
1227 901 1364 928 xxxtx.
1389 897 1427 927 et
1455 895 1548 929 alibi.
1573 894 1660 930 Gel-

946 941 1012 974 lius
1027 941 1088 975 lib.
1114 950 1169 976 1v.
1185 953 1216 976 c.
1233 946 1267 976 6.
1312 945 1437 988 Neque
1459 949 1594 979 tantum
1623 946 1659 979 in

946 992 1118 1033 portentis
1133 1001 1174 1025 ac
1200 994 1379 1036 prodigiis,
1403 995 1464 1028 sed
1489 996 1597 1030 etiam
1622 995 1660 1029 in

946 1042 1084 1075 somniis
1106 1044 1208 1086 paulo
1237 1045 1448 1079 tristioribus
1471 1052 1660 1089 procuran—

947 1093 1000 1126 dis
1029 1094 1280 1139 expiandisque
1315 1097 1400 1130 mire
1429 1098 1660 1140 superstitiosi

947 1148 1057 1178 erant.
1092 1145 1186 1179 Hinc
1211 1147 1370 1182 Tibullus
1398 1149 1498 1191 Eleg.
1524 1149 1585 1183 lib.
1600 1155 1660 1183 m.

947 1197 979 1227 3.
1022 1195 1032 1214 ‘
1046 1196 1093 1228 Et
1124 1203 1247 1229 vanum
1287 1202 1445 1230 metuens
1483 1198 1658 1232 hominum

948 1255 1056 1287 genus
1073 1247 1186 1279 omina
1201 1249 1313 1280 noctis
1328 1249 1434 1281 Farre
1445 1249 1504 1291 pio
1518 1249 1659 1292 placant

947 1301 984 1329 et
1000 1297 1145 1330 saliente
1161 1297 1258 1330 sale.’
1303 1299 1350 1332 Et
1364 1296 1458 1332 idem
1483 1300 1580 1342 Eleg.
1595 1300 1657 1334 lib.

946 1355 973 1380 1.
1002 1351 1034 1381 5.
1077 1348 1187 1390 ‘Ipse
1213 1350 1410 1393 procuravi,
1441 1359 1486 1383 ne
1515 1355 1660 1394 possent

946 1407 1038 1432 saeva
1053 1408 1191 1441 nocere,
1210 1400 1362 1443 Somnia,
1377 1405 1432 1434 ter
1447 1401 1540 1434 salsa
1553 1401 1658 1435 deve-

945 1451 1099 1483 neranda
1114 1450 1230 1484 moia?
1266 1453 1344 1494 Vel,
1358 1456 1399 1486 ut
1413 1453 1488 1487 Jos.
1500 1453 1658 1496 Scaliger

946 1508 966 1532 e
981 1505 1052 1534 vet.
1076 1501 1136 1534 lib.
1151 1505 1261 1535 macta
1273 1503 1342 1536 dev.
1365 1504 1459 1536 mic.
1502 1503 1579 1546 Ego
1593 1508 1658 1546 pro

944 1561 1041 1594 ma,
1068 1552 1219 1585 libenter
1239 1553 1394 1595 legerim,
1414 1560 1526 1595 m,
1541 1553 1578 1586 id
1591 1558 1660 1596 est,

946 1601 1096 1636 sinistra.
1147 1603 1327 1636 videndus
1357 1605 1399 1637 de
1424 1602 1491 1638 hoc
1521 1604 1592 1638 ritu
1619 1609 1659 1638 et

946 1653 981 1687 J.
996 1653 1189 1687 Gulielmus
1209 1655 1345 1689 Quaest.
1373 1656 1490 1690 Plaut.
1516 1655 1562 1688 ad
1576 1655 1659 1689 Am-

947 1704 1179 1746 phitruonem.
1223 1706 1281 1739 Sic
1308 1710 1346 1739 et
1375 1706 1505 1740 fulmen
1535 1698 1668 1749 procu-‚³

945 1754 1082 1796 rabant,
1107 1755 1292 1797 expiantes
1317 1757 1430 1789 locum
1454 1755 1658 1799 fulguritum

946 1804 1019 1837 sive
1047 1805 1218 1838 bidental.
1262 1803 1480 1839 Procurandi
1506 1805 1658 1840 fulminis

946 1857 1122 1890 scientiam
1138 1866 1206 1900 qno
1221 1861 1326 1900 paeto
1342 1858 1408 1891 sibi
1423 1859 1540 1892 Numa
1553 1859 1657 1892 Pom·

947 1907 1048 1949 pilius
1060 1908 1265 1949 procurarit,
1279 1908 1460 1950 eleganter
1476 1913 1515 1942 et
1531 1909 1657 1943 callide

947 1957 1065 1990 deluso
1091 1958 1191 2000 Jove,
1219 1959 1277 2001 qui
1300 1959 1456 1992 humanis
1484 1960 1657 2002 capitibus

946 2007 1086 2051 (quibus
1117 2008 1216 2041 Patri
1242 2019 1377 2052 quoque
1410 2010 1485 2052 ejus
1508 2011 1657 2044 Saturno

946 2058 1022 2091 fieri
1050 2059 1189 2091 solitum
1234 2059 1450 2103 accepimus)
1491 2059 1659 2103 fulgurita

948 2111 1125 2152 procurari
1139 2111 1291 2153 volebat,
1307 2112 1368 2144 sed
1384 2121 1446 2156 pro
1474 2113 1527 2146 ills
1549 2114 1658 2157 cupil-

948 2161 1018 2193 lum
1034 2162 1211 2204 coepitium
1235 2161 1302 2194 sibi
1317 2172 1338 2195 a
1353 2164 1465 2196 Numa
1480 2163 1658 2197 obtrusum

948 2212 1088 2245 tandem
1102 2214 1313 2256 acceptavit,
1343 2224 1387 2247 ex
1414 2216 1474 2250 lib.
1489 2222 1532 2249 11.
1562 2217 1659 2250 Furii

948 2264 1102 2298 Antiatis
1142 2264 1250 2299 refert
1286 2264 1458 2301 Arnobius
1494 2269 1659 2302 adversus

949 2316 1082 2348 Gentes
1098 2315 1158 2350 lib.
1176 2326 1213 2350 v.
1258 2318 1457 2362 Eodemque
1482 2320 1606 2353 alludit
1620 2322 1657 2353 et

946 2366 1050 2400 Joan.
1062 2367 1312 2401 Sarisberiens.
1336 2370 1425 2403 Βία.

995 2416 1147 2459 Victima]
1184 2419 1354 2461 Intelligit
1383 2424 1528 2453 tannim.
1575 2419 1655 2453 Hoc

948 2468 1038 2500 enim
1068 2469 1208 2511 proprie
1236 2469 1365 2502 dctima
1399 2471 1587 2510 veteribus,
1617 2475 1656 2503 ut

948 2519 1053 2552 docet
1066 2520 1194 2561 scalig.
1210 2520 1254 2552 ad
1272 2521 1384 2553 catal.
1398 2517 1522 2562 Vir-gii.
1537 2521 1655 2553 Meur-

948 2571 1034 2603 sium
1048 2571 1103 2604 hic
1117 2580 1184 2603 non
1199 2580 1381 2604 moramur.
1405 2570 1513 2610 Schef.

990 2624 1012 2652 9
1034 2620 1197 2663 Affirmat]
1224 2620 1291 2652 Ms.
1308 2618 1469 2663 adfirmat.
1492 2620 1586 2653 Gud.

992 2674 1034 2703 10
1062 2672 1110 2703 Et
1139 2671 1285 2703 insitivos
1319 2669 1497 2713 significari
1529 2671 1655 2714 liberos]

947 2720 1054 2756 Quasi
1062 2721 1271 2765 ἐγκειςτρισμῷ
1279 2721 1328 2753 διὰ
1333 2720 1520 2764 τρνπήσεως.
1533 2724 1579 2756 Et
1587 2731 1658 2757 me-

946 2773 1016 2806 rito
1025 2772 1203 2815 primordii
1213 2773 1265 2805 sui
1274 2781 1403 2806 memor
1411 2774 1558 2808 humana
1568 2784 1656 2810 mor·

947 2825 1063 2859 talitas
1075 2824 1222 2859 officium
1231 2825 1398 2870 nuptiale,
1408 2835 1474 2870 quo
1485 2831 1559 2861 tota
1570 2828 1652 2862 vitm
