1806 3236
198 219 286 262 616

244 323 403 366 Familia]
428 322 469 365 ld
485 325 551 363 est,
566 329 742 354 servorum
757 320 909 354 multitu·

201 377 247 409 (lo
261 386 269 408 :
294 378 335 408 ut
349 373 450 415 infra,
462 373 523 406 lib.
538 381 586 405 ιν.
602 371 674 404 fab.
690 374 744 404 21.

240 430 283 460 2⁵
307 427 373 460 Iroe
391 426 534 467 furentis
561 424 727 466 impetum]
751 418 910 456 *Gravis-

199 473 302 520 sime‘,
326 477 368 510 ad
386 476 606 510 indicandam
635 475 704 508 vim
730 474 857 507 doloris
871 477 909 508 et

200 540 339 564 causam
367 534 436 562 tam
464 529 591 561 atrocis
616 526 792 560 facinoris.

199 582 210 600 ‘
223 581 399 623 Impetum
413 578 605 613 libidinum'
622 578 711 611 dixit
726 578 848 611 Cicero
863 577 908 610 de

199 632 278 664 Fin.
301 630 410 671 Schef.

242 685 286 714 26
310 681 440 723 Tentat]
477 680 647 723 Explorat
669 689 782 712 mann.
804 679 908 712 Plau-

199 735 257 764 tus
276 732 389 765 Aulul.
405 732 486 764 Act.
501 740 552 764 ιν.
568 741 616 763 sc.
632 734 664 763 4.
688 732 697 750 ‘
715 731 791 764 ΕΠ.
817 729 909 773 Age-

199 784 297 825 dum,
312 782 518 816 excutedum
536 782 684 824 pallium.
720 781 819 814 STR.
834 776 909 814 T'uo

200 833 383 867 arbitratu.
428 833 505 866 ΕΗ.
530 833 583 865 Ne
596 832 687 864 inter
702 832 836 865 tunicas
851 832 909 864 ha-

199 885 292 917 beas.
334 884 432 917 STR.
450 884 578 924 Teuta,
592 893 661 926 qua
674 883 797 916 lubet.’
818 882 910 916 Vide

200 934 331 968 Giffan.
348 934 428 967 Ind.
447 934 591 966 Luci-et.
616 933 720 972 Schef.
765 932 910 967 Quintil.

198 985 303 1018 Decl.
320 994 346 1018 1.
369 985 378 1002 ‘
388 984 549 1018 Teutavit
563 993 647 1026 ergo
661 984 774 1016 vultus
784 988 821 1017 et
831 994 911 1026 pec-

199 1039 255 1068 tus
267 1034 464 1078 objectum!
479 1035 603 1078 Virgil.
616 1036 743 1077 Georg.
759 1044 817 1068 111.
832 1038 909 1068 563.

198 1086 209 1104 ‘
221 1085 356 1119 Iuvisos
394 1086 422 1118 si
452 1086 527 1129 quis
551 1090 706 1119 tentarat
736 1085 908 1120 amictus!

201 1136 368 1179 Propert.
384 1138 482 1179 Eleg.
499 1146 524 1171 1.
541 1140 572 1170 3.
617 1137 627 1155 ‘
639 1137 803 1180 subjecto
826 1138 911 1171 levi-

199 1191 254 1220 ter
269 1189 416 1231 positam
432 1193 571 1222 tentare
582 1188 717 1222 lacerto
728 1188 750 1221 :⁹
765 1189 824 1222 ubi
839 1188 909 1222 vid.

200 1239 450 1272 Passeratium.
468 1241 608 1272 Lucret.
625 1248 676 1272 ιν.
690 1242 767 1272 285.
783 1240 793 1258 ‘
808 1240 910 1273 Nunc

199 1289 307 1332 igitur
322 1291 350 1323 si
366 1290 569 1333 quadratum
596 1294 783 1332 tentamus,
811 1294 848 1323 et
872 1290 910 1322 id

200 1351 262 1374 nos
271 1342 475 1375 commovet
490 1341 526 1373 in
541 1341 695 1374 tenebris
708 1340 732 1372 τ’
747 1341 806 1374 ubi
821 1341 910 1374 male

200 1392 388 1426 Lambinus
402 1392 535 1424 mavult
547 1394 728 1424 tractam.
750 1390 870 1424 Burm.

250 1443 381 1484 Tentat]
403 1444 610 1477 Ms.temtat.
631 1442 725 1475 Gud.

246 1493 362 1526 Tentat
377 1492 563 1526 intenebris
583 1492 694 1535 eaput]
730 1491 860 1526 Arnob.
875 1502 910 1526 v.

205 1544 216 1563 ‘
227 1543 464 1577 Altitudinem
492 1544 693 1576 dormientis
730 1547 768 1576 et
790 1544 910 1577 matris

201 1594 407 1637 patientiam
433 1594 594 1628 tentans!
639 1594 804 1636 Virgilius
832 1594 911 1628 AEn.

200 1655 243 1678 11.
265 1646 275 1664 ‘
292 1646 440 1678 Tentare
465 1644 642 1678 latebras.'
699 1645 842 1686 Tentare,
862 1647 912 1677 ta-

200 1700 324 1739 tmmer,
340 1696 431 1740 quod
446 1697 532 1730 caeci
548 1696 693 1730 faciunt.
747 1696 805 1728 Sic
821 1696 912 1730 Plin.

201 1747 247 1779 de
262 1747 428 1789 cochleis,
439 1757 516 1790 quae
529 1747 638 1780 oculis
647 1750 769 1779 carent
781 1756 791 1778 t
806 1746 817 1765 ‘
828 1747 912 1780 Cor·

202 1798 328 1831 niculis
344 1803 561 1842 praetentant
577 1798 668 1831 iter!
692 1799 771 1839 Rig.

248 1848 363 1881 Tentat
382 1850 419 1882 in
443 1849 581 1882 tenebris
608 1849 717 1890 caput]
770 1849 914 1881 Colerus

203 1899 417 1942 distinguere
445 1899 606 1933 tentabat
636 1903 718 1932 ante
744 1902 854 1941 caput.-
877 1903 916 1932 et

196 1952 347 1994 jungere
361 1962 370 1983 :
407 1955 515 1993 caput
543 1951 593 1983 Ut
620 1949 728 1983 sentit
766 1953 914 1982 tonsum.

204 2002 309 2036 Quod
322 2002 381 2034 vix
397 2005 452 2034 est
466 2005 506 2034 ut
522 2000 676 2043 probem.
701 2000 772 2034 Rit.

249 2052 370 2095 Caput]
404 2052 620 2093 Scripseram
634 2051 728 2093 olim,
752 2049 836 2083 illud
850 2053 916 2083 ten-

205 2107 255 2138 tat
281 2104 440 2137 absolute
474 2103 530 2135 hie
572 2102 850 2144 intelligendum,
879 2106 917 2135 et

204 2158 286 2197 post
322 2154 459 2187 tenebris
505 2153 701 2196 ponendum
738 2156 916 2195 punctum.

211 2207 310 2239 Idem
324 2209 361 2238 et
376 2205 519 2238 Colerus
533 2203 767 2246 judicaverat.
813 2203 917 2235 Nunc

206 2256 414 2289 sententiam
430 2256 523 2287 illam
539 2258 648 2286 muto.
697 2254 808 2286 Video
824 2254 916 2286 euim

204 2307 273 2339 ista
289 2307 400 2339 velle:
425 2315 494 2339 non
520 2308 674 2337 tentasse
701 2304 837 2347 quidvis
858 2304 915 2336 ob-

206 2358 312 2398 vium,
327 2358 386 2389 sed
403 2356 602 2398 quaesivisse
619 2359 737 2396 capnt,
753 2358 792 2387 ut
818 2364 861 2386 ex
874 2363 916 2387 eo

206 2408 310 2440 etiam
323 2408 359 2440 in
376 2406 528 2440 tenebris
540 2408 780 2447 cognosceret,
806 2405 917 2437 virine

206 2469 250 2491 an
266 2457 404 2491 feminae
432 2462 532 2490 esset.
576 2456 691 2499 Atque
721 2455 770 2487 ita
792 2455 916 2497 exigit,

206 2509 299 2553 quod
332 2508 515 2552 praecedit,
537 2506 595 2540 Ad
619 2508 746 2540 lectum
768 2506 915 2547 accedit,

206 2559 298 2602 quod
315 2569 382 2591 non
397 2559 503 2592 habet
518 2568 655 2591 sensum
667 2555 915 2598 idoneum,fru-

206 2613 452 2652 straneumque
467 2613 536 2649 est,
565 2609 594 2641 si
621 2608 802 2641 lectionem
828 2607 913 2640 alte-

206 2669 281 2692 ram
293 2669 486 2702 sequamur.
510 2659 616 2699 Schef.

248 2713 291 2743 27
318 2710 466 2751 Tamum]
489 2710 638 2752 Nempe,
653 2708 742 2741 sicut
757 2707 820 2740 viri
835 2716 915 2740 con-

211 2765 407 2794 sueverant.
429 2761 592 2793 Solebant
603 2759 693 2793 enim
708 2758 805 2801 'pueri
820 2758 913 2791 alere

208 2811 365 2855 capillos,
381 2816 430 2852 et,
447 2821 524 2848 eum
538 2811 580 2845 ad
597 2811 731 2858 virilem
741 2809 914 2845 venissent

852 525 908 559 sie
935 518 943 523 '

667 225 811 258 NOTAE
843 224 1113 260 VAmoRUM
1144 226 1194 259 m

962 324 1113 364 aetatem,
1124 320 1285 355 detonsos
1299 329 1500 355 consecrare
1511 318 1662 365 missini-

961 369 1075 414 deque
1104 380 1243 414 semper
1279 374 1379 404 tonso
1419 380 1495 404 esse
1537 370 1664 414 capite.

961 421 1134 454 Martialis
1149 430 1202 455 rx.
1231 431 1263 455 c.
1279 424 1332 456 86.
1375 422 1386 441 ‘
1401 420 1451 455 At
1465 420 1530 454 tibi
1556 422 1584 454 si
1603 421 1664 455 de·

961 471 1053 504 derit
1065 473 1181 505 vultus
1195 481 1291 505 coma
1307 477 1406 505 tonsa
1419 471 1561 504 viriles?
1582 470 1666 505 Αιιι-

961 522 1096 555 brosius
1109 522 1153 555 de
1178 523 1213 557 S.
1225 523 1356 556 Paulo:
1378 522 1390 542 ‘
1401 522 1600 556 Secundum
1614 522 1663 556 le-

961 583 1039 615 gem
1054 574 1182 607 extulit
1208 573 1311 606 illud:
1335 574 1347 593 ⁴
1360 574 1454 608 Quia
1473 573 1541 616 vir,
1563 574 1593 607 si
1606 583 1663 607 co*

960 634 1050 657 mem
1083 625 1254 666 habuerit,
1291 625 1476 667 ignominia
1509 629 1565 658 est
1589 624 1664 658 mie

960 676 1129 709 Prohibet
1143 677 1233 709 enim
1244 677 1316 717 lex,
1338 677 1451 709 virum
1464 685 1540 710 esse
1551 683 1666 710 cm

962 726 1060 759 tum!
1094 727 1248 760 Isidorus
1275 727 1339 761 Or.
1368 726 1428 761 lib.
1449 735 1528 760 m.
1570 727 1665 760 ⁴11⁸-

961 777 1023 810 bet
1045 781 1082 810 et
1097 788 1200 811 sexus
1215 777 1409 811 institutam
1433 777 1594 820 speciem
1606 775 1668 811 h(-

962 827 1069 870 bitus,
1095 829 1184 861 utin
1204 828 1286 861 viris
1302 828 1392 862 tonsi
1406 827 1547 870 capilli?
1584 826 1667 861 Seb-

961 879 1038 911 vius
1063 879 1140 911 AEn.
1165 879 1226 912 lib.
1249 888 1276 913 1.
1318 879 1375 912 ‘A
1399 880 1545 912 cadendo
1570 876 1668 912 dms

961 929 1130 970 σαπήῃ,-
1151 940 1236 972 ergo
1256 935 1389 965 tantum
1415 930 1567 963 virorum
1589 929 1667 963 est-¹

963 981 1051 1013 Pub.
1068 980 1276 1013 Consentius
1288 981 1331 1014 de
1348 980 1456 1014 verbo
1470 990 1515 1014 ex
1527 979 1668 1014 Probet

963 1031 973 1050 ‘
987 1031 1182 1064 Masculina
1197 1036 1313 1073 erunt,
1341 1041 1447 1074 quum
1467 1029 1666 1065 masc-lium

963 1092 1018 1115 res
1033 1083 1212 1124 suberunt,
1225 1092 1302 1126 (μω
1329 1082 1580 1126 significantur,
1606 1090 1668 1116 n·-

963 1138 1054 1177 tura,
1067 1139 1106 1168 ut
1118 1135 1243 1177 genuit,
1257 1135 1517 1177 consuetudine,
1543 1139 1585 1168 ut
1595 1138 1670 1168 un-

962 1186 1076 1225 detur;
1097 1191 1283 1229 utrumque
1298 1186 1387 1219 enim
1409 1185 1559 1219 maribus
1570 1188 1667 1218 recte

962 1238 1181 1280 assignatur!
1225 1237 1318 1270 Hinc
1327 1236 1420 1279 apud
1434 1236 1576 1270 sueton.
1589 1244 1667 1278 cen.

962 1291 1016 1321 ’19-
1039 1287 1127 1330 Aug.
1169 1287 1237 1320 ‘In
1265 1288 1383 1330 capite
1408 1285 1576 1320 comendo
1595 1290 1668 1319 tem

962 1338 1168 1380 incuriosus,
1199 1341 1239 1370 ut
1274 1337 1401 1380 raptim
1433 1335 1668 1379 compluribus

962 1389 1064 1422 simul
1115 1388 1311 1422 tonsoribus
1358 1396 1497 1431 operm
1544 1386 1668 1420 daret?

963 1440 1067 1479 Senes.

1009 1491 1188 1533 Transigt't]
1219 1489 1377 1532 Trajicit,
1397 1487 1669 1522 transverberat.

961 1542 1072 1575 Tacit.
1089 1541 1156 1574 An.
1172 1550 1252 1574 ΧΠ.
1267 1543 1323 1574 37.
1368 1539 1436 1574 ‘Se
1461 1540 1575 1582 ipsum
1601 1539 1672 1582 gla-

963 1592 1022 1625 dio
1039 1592 1220 1634 transegit.
1223 1591 1233 1607 '
1263 1591 1369 1631 Schef.

1010 1642 1192 1684 Transigit]
1216 1642 1283 1676 Ms.
1297 1641 1468 1685 transfigit.
1511 1640 1582 1674 Sed
1596 1640 1673 1673 vul·

964 1697 1084 1735 gutum
1104 1697 1251 1726 rectum.
1294 1692 1406 1725 Tacit.
1437 1690 1530 1724 Ann.
1543 1689 1603 1724 lib.
1617 1697 1672 1724 rx.

964 1754 997 1776 c.
1009 1745 1073 1777 ult.
1085 1748 1125 1776 ut
1140 1743 1175 1776 in
1185 1743 1333 1776 vetustis
1345 1742 1513 1775 Mediceis
1523 1734 1670 1783 legitur:

963 1793 1134 1826 ‘Ferrum
1158 1792 1290 1826 frustra
1310 1793 1433 1834 jugulo
1459 1801 1502 1825 ac
1536 1790 1671 1834 pectori

964 1844 1165 1886 admovens,
1191 1844 1264 1876 ictu
1285 1843 1415 1876 tribuni
1446 1842 1670 1884 transigitur!

963 1894 1149 1927 Salmasius
1164 1893 1263 1937 legit,
1289 1893 1450 1935 trmsscit,
1472 1892 1507 1926 id
1519 1896 1588 1935 est,
1603 1897 1673 1925 tra·

959 1945 1049 1989 jicit.
1076 1945 1164 1977 ΟΜ.

992 1995 1186 2038 Ήαπεῄςὶε]
1201 1994 1351 2028 Omnino
1361 1993 1556 2037 legendum,
1566 1993 1670 2027 mus-

965 2047 1043 2090 ngat,
1057 2047 1094 2079 id
1109 2052 1175 2087 est,
1199 2044 1368 2079 confodit.
1411 2045 1554 2077 Metron
1578 2044 1672 2086 peri-

966 2102 1023 2130 ter
1063 2101 1101 2130 et
1142 2106 1262 2130 sensns
1300 2096 1366 2128 hoc
1403 2095 1528 2138 poscit.
1570 2095 1671 2138 Virg.

964 2146 1226 2190 (Τιέαιειιᾱὶεςίῑι
1247 2146 1302 2180 bis
1316 2149 1414 2179 terve
1433 2146 1469 2178 in
1489 2145 1609 2178 eadem
1631 2155 1671 2179 re

965 2202 1121 2240 usurpat.
1174 2197 1245 2231 Sed
1282 2200 1319 2230 et
1342 2196 1503 2229 Valerius
1528 2196 1673 2229 Flaccus

965 2249 1159 2291 Argonaut.
1175 2248 1233 2281 lib.
1249 2257 1309 2280 ιιι.
1337 2247 1349 2266 ⁴
1364 2247 1672 2290 saturigerumqne

965 2301 1132 2334 Nealcem
1147 2297 1334 2340 transigit,’
1353 2300 1420 2331 stc.
1440 2296 1538 2330 Idem
1551 2297 1609 2330 lib.
1620 2305 1673 2329 vr.

965 2352 976 2371 ‘
989 2353 1132 2385 Laevum
1163 2360 1227 2393 per
1255 2349 1392 2382 luminis
1408 2349 1525 2381 orbem
1538 2347 1674 2381 Transi·

965 2401 1083 2444 gitur!
1139 2401 1198 2434 Sic
1228 2400 1332 2433 Silius
1365 2398 1509 2432 Italicus
1541 2397 1602 2430 m».
1626 2404 1669 2429 11.

966 2454 977 2471 ⁶
988 2452 1176 2494 Transegit
1198 2456 1343 2494 pectora
1357 2458 1486 2482 mucro.
1487 2449 1497 2464 '
1532 2446 1671 2480 Tacitus

966 2503 1029 2535 lib.
1046 2511 1124 2540 xxv.
1136 2502 1147 2520 ‘
1159 2501 1288 2535 Gladio
1302 2510 1339 2533 se
1352 2500 1465 2543 ipsun
1479 2495 1673 2539 uanoegit!

965 2554 1079 2596 Igitur
1117 2552 1156 2585 τὸ
1197 2551 1373 2596 transfigit,
1408 2547 1589 2605 manifesto
1625 2557 1671 2581 ex

961 2605 1075 2646 glossa
1089 2608 1157 2637 est.
1181 2601 1254 2637 Rae.

1006 2658 1049 2688 28
1074 2655 1170 2687 Nihil
1184 2652 1367 2696 respiciens]
1402 2648 1554 2693 Elegans
1569 2648 1671 2692 hujus

963 2706 1062 2739 verbi
1073 2715 1153 2739 usus
1169 2710 1236 2748 est,
1250 2713 1353 2748 quum
1369 2702 1500 2744 euram,
1513 2701 1671 2735 recorda-

964 2757 1110 2797 tionem,
1124 2755 1390 2796 miserationem,
1410 2752 1575 2794 favorem‚
1590 2760 1671 2785 con-

962 2807 1169 2843 venientiam
1210 2805 1436 2849 designamus.
1501 2802 1668 2845 Exempla
