1806 3236
219 231 306 276 648
677 244 821 276 NOTAE

221 343 335 372 terum
349 339 426 373 haec
441 340 585 378 historia
599 339 675 374 fuse
695 344 732 374 et
749 340 831 373 κατὰ
844 338 924 372 πλά-

220 402 274 424 τος
290 401 309 423 a
323 391 538 426 Quintiliano
553 395 715 424 narratur
727 391 788 425 lib.
804 401 855 426 111.
872 394 925 424 11.

223 442 351 484 Operae
368 443 515 484 pretium
532 443 599 475 erit
621 442 747 484 legere.
791 443 847 475 Ibi
862 451 925 484 pro

223 493 383 535 Gramma,
392 493 537 526 restitue
552 494 705 526 Cranone.
727 494 770 527 In
783 493 926 527 Thessa-

219 544 266 577 lia
276 544 364 576 enim
377 545 513 576 Cranen.
523 543 646 578 Faber.
669 544 796 586 Pugili.
818 545 865 577 Et
876 544 926 577 sic

221 594 425 638 Columella,
453 595 599 637 Seneca,
625 595 761 628 Plinius
783 605 926 638 usurpa-

221 649 315 687 runt,
350 650 388 678 ut
413 647 549 679 notavit
577 647 709 689 optime
741 647 926 690 Rigaltius‚

222 697 281 738 qui
297 700 333 729 et
347 697 415 729 isto
431 698 532 730 modo
548 698 675 740 primus
692 709 735 732 ex
750 699 926 747 codicibus

220 747 318 780 bonis
335 749 454 782 edidit.
477 749 584 789 Schef.
622 751 757 783 Nomen
773 756 852 783 ante
868 751 926 783 ho-

220 799 303 832 mini
326 799 392 833 fuit
413 801 555 844 Scopas,
575 801 753 835 fortunato
769 807 806 835 et
820 802 927 835 nobili

222 852 380 884 Cranone
415 852 452 884 in
491 853 678 885 Thessalia.
732 853 853 886 Cicero
881 853 924 886 de

222 902 323 935 Orat.
338 913 380 936 11.
397 906 450 936 86.
475 904 532 937 ubi
547 905 635 937 hanc
649 904 826 937 historiam
847 914 924 937 nar-

220 958 289 996 rat,
304 959 340 987 et
354 954 430 988 val.
442 956 538 988 Max.
551 965 575 988 1.
589 958 620 989 8.
634 958 666 988 7.
694 955 837 989 Freinsh.

264 1006 392 1048 Pyctoe]
415 1006 540 1047 Pugili,
556 1005 713 1049 inquiunt
727 1006 803 1038 Viri
819 1006 925 1038 docti.

220 1057 295 1090 Imo
320 1057 426 1099 pugili
452 1061 630 1090 coronato.
675 1055 801 1096 Πύκτης
827 1057 925 1090 Grae-

221 1118 340 1141 corum
356 1109 459 1141 latius
475 1113 586 1150 patet,
609 1119 710 1151 quam
722 1109 925 1141 Latinorum

220 1159 330 1200 Pugil.
374 1160 530 1202 Utraque
547 1170 615 1192 vox
629 1159 800 1201 significat
815 1160 925 1201 primo

220 1219 312 1251 eum,
329 1210 386 1252 qui
401 1218 437 1242 se
453 1210 609 1252 pugilatu
624 1215 778 1251 exercet,
794 1211 927 1243 etiamsi

221 1265 322 1303 tyr03
346 1261 472 1293 deinde
488 1261 607 1294 Graeci
623 1271 700 1293 eum
724 1261 828 1293 etiam
849 1261 926 1294 πύκ-

219 1324 279 1351 την
295 1317 431 1354 vocant,
453 1313 512 1355 qui
532 1312 701 1354 pugillatu
719 1312 814 1353 vicit,
836 1313 926 1354 quod

219 1363 352 1396 Latinis
369 1372 543 1405 nunquam
554 1363 647 1404 pugil
660 1362 843 1405 significat,
863 1363 927 1396 nisi

221 1415 376 1448 victoriae
400 1419 483 1447 nota
502 1412 640 1453 addit&
663 1413 711 1445 sic
735 1414 744 1431 ‘
760 1414 855 1455 pugil
871 1423 926 1446 co-

221 1465 385 1508 ronatus,’
419 1465 655 1505 Quintilian03
690 1465 700 1483 ‘
725 1465 927 1507 Olympices

219 1519 345 1560 Pugil‚'
361 1519 540 1559 Ciceroni;
559 1519 570 1537 ‘
583 1519 688 1561 Pugil
701 1518 836 1560 victor‚'
853 1519 928 1551 Ho-

220 1570 309 1601 ratio
328 1570 363 1602 in
387 1568 475 1602 Arte
491 1570 593 1602 Pert.
616 1570 626 1588 ‘
644 1571 738 1604 Quos
760 1570 845 1603 Elea
868 1570 927 1603 do-

221 1630 315 1653 mum
341 1621 475 1654 reducit
495 1622 616 1654 Palma
634 1622 808 1668 coelestes,
833 1622 928 1663 pugi-

222 1672 334 1703 lemve
349 1681 517 1715 equumve
536 1671 654 1713 Dicit‚’
677 1671 745 1705 od.
758 1682 811 1706 IV.
829 1676 860 1706 2.
874 1676 928 1706 17.

223 1723 316 1755 Hinc
338 1723 519 1756 brevitatis
543 1733 663 1756 caussa
687 1734 707 1756 a
729 1724 929 1757 Latinorum

224 1774 299 1806 aliis
324 1778 468 1816 recepta
490 1779 544 1806 est
569 1774 677 1806 veluti
697 1775 730 1806 in
753 1774 928 1807 civitatem

223 1834 293 1856 vox
324 1824 448 1857 Graeca
476 1825 595 1867 Pyctes
603 1834 616 1862 ;
647 1834 783 1866 semper
813 1829 929 1857 tamen

223 1885 287 1916 pro
303 1875 420 1917 pugile
435 1875 578 1917 victore,
598 1878 637 1907 ut
652 1875 717 1907 hoc
737 1875 813 1907 loco
828 1875 929 1907 Phae-

225 1926 291 1959 dri.
323 1926 489 1959 Similiter
503 1926 617 1959 Plinio
634 1926 681 1959 H.
697 1927 743 1959 N.
759 1935 825 1958 vn.
839 1926 849 1944 ‘
862 1927 929 1958 Eu-

226 1981 361 2022 thymus
392 1981 524 2022 Pycta:
539 1979 548 1994 ’
594 1980 641 2012 Et
669 1980 812 2012 Senecae
843 1981 927 2013 Nat·

225 2032 357 2065 Quaest.
385 2031 445 2064 lib.
461 2040 512 2064 1v.
533 2030 544 2049 ‘
560 2030 764 2073 Apollonius
787 2030 929 2073 Pycta:'

225 2086 372 2124 uterque
403 2082 572 2124 pugilatu·
593 2082 747 2114 celebres
774 2091 931 2115 meruere

225 2134 383 2175 palmam.
428 2134 484 2166 Ita
499 2138 536 2166 et
550 2133 750 2166 Columellae
770 2133 832 2165 lib.
848 2143 930 2166 vur.

226 2184 270 2216 de
299 2185 352 2216 Re
378 2185 475 2217 Rust.
502 2195 530 2217 c.
548 2188 601 2216 11.
625 2184 740 2227 lepide
757 2184 879 2217 Gallus
895 2185 932 2216 in

227 2246 344 2277 pugna
375 2239 412 2268 et
445 2235 635 2267 certamine
665 2235 852 2267 adversarii
881 2236 934 2268 sui

225 2287 339 2319 victor
351 2287 544 2327 gallinaceus
555 2290 664 2328 pyctes
675 2290 827 2319 vocatur.
849 2287 935 2319 Ver-

228 2338 274 2370 ba
299 2342 400 2369 sunt:
425 2337 434 2354 ‘
451 2337 661 2379 Plerumque
689 2341 798 2368 totum
826 2338 933 2378 patri-

226 2388 390 2428 monium,
415 2388 535 2429 pignus
566 2388 665 2428 aleae,
690 2387 806 2419 victor
838 2388 934 2429 galli-

228 2450 354 2473 naceus
370 2445 492 2481 pyctes
514 2437 679 2471 abstulit!
722 2438 833 2471 Julius
859 2438 933 2470 Fir-

229 2492 337 2523 micus
362 2490 480 2523 scribit
494 2490 636 2531 Leporis
662 2488 754 2521 sidus
779 2489 813 2521 in
834 2489 934 2521 horo-

229 2551 334 2582 scopo
358 2540 476 2572 facere
499 2540 509 2558 ‘
528 2541 655 2582 Pyctas
670 2539 934 2572 Macherarios.'

229 2590 492 2633 Heliogabalus,
515 2594 658 2622 auctore
682 2589 880 2631 Lampridio
902 2599 933 2622 c.

230 2646 285 2675 25.
300 2642 310 2659 ⁴
325 2642 536 2684 gladiatores
552 2645 633 2673 ante
644 2641 836 2673 convivium
851 2650 935 2682 pug-

231 2697 353 2725 nantes
368 2692 434 2724 sibi
450 2696 487 2724 et
499 2696 619 2732 pyctas
631 2690 831 2734 frequenter
842 2691 936 2723 exhi·

230 2743 332 2776 buit.'
378 2743 434 2776 Ita
456 2743 535 2774 olim
559 2743 699 2784 lectum,
722 2746 760 2775 et
775 2746 899 2784 postea
914 2753 934 2775 a

232 2794 435 2828 Casaubono
459 2805 502 2827 ex
525 2794 654 2827 Codice
680 2793 777 2836 regio
797 2794 934 2828 restitu—

231 2852 313 2879 tum.
357 2846 426 2879 Sed
442 2846 476 2878 in
491 2845 647 2879 Salmasii
671 2850 770 2879 textu
793 2855 860 2879 non
875 2855 934 2879 ex·-

858 244 1123 277 VARIORUM
1155 246 1209 279 IN

976 343 1057 373 stat.
1101 340 1277 385 Frequens
1293 346 1345 376 est
1360 352 1400 377 eo
1414 353 1517 377 sensu
1532 344 1567 377 111
1582 347 1679 380 vete·

975 391 1068 424 ribus
1082 391 1281 426 Graecorum
1295 394 1512 428 Athletarum
1526 396 1680 440 Inscrip-

952 442 1124 475 tionibus
1152 447 1313 479 n‘rxmz
1345 450 1382 479 et
1414 449 1485 481 ΔῙΞ
1502 450 1682 484 ΠΥΚἸἩΞξ

976 495 1098 527 Latine
1114 500 1210 529 recte
1225 497 1316 530 verti
1330 501 1448 540 potest
1459 502 1569 542 pyctes
1581 503 1618 533 et
1631 498 1680 532 bio
1712 512 1714 514 ’

973 549 1082 588 pyctes
1088 557 1102 585 ;
1133 556 1313 590 perperam
1339 549 1511 592 bispugu,
1530 550 1600 583 nisi
1619 550 1678 584 utl-
1692 568 1699 574 ι

976 597 1078 629 datur
1105 598 1217 640 victor,
1260 599 1317 631 vel
1355 603 1530 634 coronata.
1582 599 1678 643 noe,

976 648 1108 681 etiamsi
1136 650 1318 682 leviculum
1341 654 1409 692 est,
1424 649 1474 698 ad
1498 650 1678 694 utriusqus

974 699 1100 741 linguae
1128 700 1375 747 proprietatem
1404 707 1543 736 monere
1568 701 1678 736 vitun

975 754 1040 782 est.
1067 750 1152 783 (ἕνα.

1020 803 1146 845 Pyctoe]
1170 803 1304 846 Pugili:
1320 779 1532 838 abecedariis
1547 775 1680 838 nutum.
1713 814 1717 819 ”

976 853 1034 885 Sic
1050 854 1140 896 apud
1165 855 1400 898 Columellam,
1415 855 1583 889 Senecam
1594 855 1680 888 Nat.

976 904 1108 937 Quaest.
1133 904 1231 938 initio
1257 905 1335 938 libri
1358 904 1594 974 1ν.Ρ1111111111
1615 904 1679 940 lib.

976 965 1041 988 ν11.
1066 956 1144 997 Rig.

1019 1007 1127 1048 Picte]
1159 1007 1202 1040 Id
1231 1013 1298 1049 est,
1327 1012 1461 1051 ornate,
1488 972 1701 1061 splendide,⁴

973 1057 1130 1092 ποικίλως.
1175 1059 1233 1092 Sic
1247 1060 1375 1101 pingere
1388 1069 1461 1102 pro,
1482 1069 1617 1102 01111110,
1627 1069 1682 1093 πρ

975 1119 1038 1151 pra
1053 1119 1187 1152 1111011110
1201 1110 1391 1152 usurpabat
1415 1111 1477 1144 lib.
1481 1119 1532 1144 11.
1557 1110 1631 1145 fab.
1640 1107 1681 1145 2.

975 1161 1077 1195 Quod
1100 1161 1189 1194 enim
1214 1162 1338 1195 Colero
1362 1161 1545 1195 videbatur
1562 1159 1680 1205 legen·

975 1212 1069 1254 dum,
1080 1213 1173 1256 ficte,
1197 1223 1263 1246 non
1290 1213 1418 1254 probo;
1441 1213 1596 1256 quamvis
1618 1213 1679 1246 ille

976 1263 1140 1296 defendat
1152 1266 1217 1297 hoc
1231 1269 1442 1307 argumento,
1457 1265 1682 1309 quodfingere

977 1314 1163 1347 Poetarum
1179 1317 1224 1347 sit
1237 1315 1430 1358 proprium:
1447 1320 1483 1348 et
1495 1313 1579 1358 quia
1586 1315 1680 1358 apud

977 1365 1141 1407 Nouium,
1164 1366 1174 1384 ‘
1192 1366 1363 1407 Populum
1387 1366 1498 1398 salute
1527 1370 1565 1399 et
1589 1365 1688 1399 fietis·

976 1417 1130 1450 versibus
1144 1418 1324 1460 Lucillius,
1339 1417 1462 1461 quibus
1476 1421 1607 1460 potest,
1619 1418 1681 1450 im-

978 1468 1112 1510 pertit!
1157 1469 1277 1500 Malim
1301 1478 1438 1512 quoque
1451 1468 1508 1500 hic
1525 1478 1588 1510 pro
1607 1468 1682 1502 Vic-

977 1519 1056 1551 toris
1072 1520 1187 1561 legere
1209 1519 1342 1552 Victori.
1388 1519 1524 1552 Nomen
1547 1518 1580 1552 ei
1600 1518 1682 1552 Sco·

979 1580 1040 1612 pas
1064 1569 1143 1612 fuit,
1165 1570 1292 1611 homini
1319 1569 1495 1602 fortunato
1519 1573 1557 1602 et
1577 1569 1684 1603 nobili

979 1621 1137 1653 Cranone
1151 1621 1186 1653 in
1197 1621 1384 1653 Thessalia.
1411 1620 1496 1652 Ritt.

1022 1675 1043 1704 6
1081 1673 1175 1704 Certo
1202 1672 1353 1703 conduxit
1389 1669 1510 1712 pretio]
1546 1669 1682 1704 Plinius

979 1723 1089 1764 Epist.
1113 1722 1171 1754 lib.
1186 1731 1244 1755 111.
1269 1722 1331 1754 ult.
1354 1722 1365 1740 ‘
1380 1721 1462 1754 Fuit
1476 1720 1580 1753 moris
1594 1720 1684 1754 auti-

980 1774 1050 1816 qui,
1071 1784 1142 1816 eos,
1163 1774 1221 1816 qui
1244 1775 1301 1807 vel
1326 1774 1535 1815 singulorum
1562 1773 1682 1806 laudes

979 1826 1034 1857 vel
1050 1825 1181 1857 urbium
1197 1825 1418 1866 scripserant,
1428 1828 1487 1857 aut
1501 1825 1683 1858 honoribus

980 1881 1040 1909 aut
1070 1876 1215 1918 pecunia
1243 1885 1378 1918 ornare.
1432 1875 1570 1908 Nostris
1599 1883 1684 1908 vero

980 1930 1204 1972 temporibus,
1226 1933 1264 1962 ut
1279 1929 1347 1962 alia
1366 1926 1683 1971 speciosas-italice

979 1981 1145 2022 imprimis
1175 1980 1326 2012 exolevit
1336 1992 1346 2021 ς
1382 1989 1461 2011 narn
1481 1981 1684 2022 'postquam

981 2028 1141 2065 desiimus
1181 2030 1298 2064 facere
1334 2029 1516 2072 laudanda,
1550 2029 1684 2064 landari

982 2091 1116 2125 quoque
1132 2082 1288 2123 ineptum
1304 2081 1488 2123 putamus?
1509 2080 1612 2112 (hui.>
1654 2092 1656 2095 ·

1026 2131 1196 2174 Condixit]
1216 2131 1271 2163 Ne
1289 2135 1323 2163 te
1336 2134 1474 2163 moveat
1490 2129 1684 2163 Rittersbu-

983 2183 1024 2215 sii
1041 2182 1160 2224 editio,
1185 2182 1313 2224 iulqua
1332 2181 1498 2223 scriptum
1522 2181 1687 2223 conduxit,

983 2233 1070 2276 quod
1097 2236 1133 2264 et
1158 2232 1192 2263 iu
1217 2232 1323 2264 Notis
1350 2231 1546 2273 expositum
1569 2231 1614 2264 ab
1641 2240 1684 2264 eo

983 2289 1054 2318 est:
1078 2294 1155 2316 nam
1172 2286 1370 2325 corruptum
1395 2282 1548 2315 codicem
1564 2291 1685 2325 seque-

982 2335 1085 2367 batur
1103 2333 1363 2366 Rittershusius.
1389 2333 1504 2366 Faber.
1545 2332 1605 2365 Nil
1627 2331 1684 2365 bic

982 2397 1044 2419 nos
1058 2390 1211 2418 moratur
1223 2383 1488 2426 Rittershusius,
1503 2383 1562 2426 qui
1577 2392 1685 2425 pravo

983 2437 1106 2470 codice
1131 2440 1186 2468 est
1200 2445 1297 2468 usus:
1320 2436 1479 2467 condicere
1500 2433 1686 2476 significat,

983 2488 1186 2530 promittere
1201 2486 1346 2528 petenti.
1369 2485 1443 2517 Cic.
1463 2485 1531 2526 Ep.
1547 2484 1643 2517 Fam.
1659 2491 1686 2517 1.

984 2542 994 2559 ‘
1010 2541 1100 2572 Nam
1115 2549 1191 2572 cum
1206 2539 1287 2571 mihi
1304 2537 1524 2577 condixisset,
1538 2535 1687 2568 caenavit

984 2593 1075 2634 apud
1104 2590 1184 2624 me!
1215 2589 1322 2629 Schef.
1374 2588 1516 2628 Nescio,
1545 2597 1588 2619 an
1614 2591 1687 2620 tam

983 2645 1085 2676 valde
1098 2644 1143 2676 sit
1155 2641 1380 2685 improbanda
1391 2639 1611 2672 Rittersbusu
1619 2639 1688 2672 lec

984 2696 1033 2727 tio
1049 2694 1212 2733 conduxit,
1235 2697 1274 2724 ut
1296 2697 1333 2724 et
1359 2691 1511 2722 Pithoeus
1528 2689 1688 2723 ediderat

984 2756 1003 2778 e
1020 2747 1103 2778 Mss.
1124 2744 1229 2790 quod
1241 2741 1387 2776 mutavit
1410 2741 1604 2774 Meursius:
1629 2741 1688 2784 qui

985 2797 1091 2830 dicit:
1126 2797 1136 2814 ‘
1165 2785 1357 2827 Simonides
1387 2792 1480 2824 euim
1510 2801 1577 2824 non
1606 2801 1688 2824 con-

984 2847 1094 2891 duxit,
1116 2846 1175 2880 sed
1193 2845 1382 2879 conductus
1396 2842 1492 2876 erat?
1536 2842 1605 2876 Sed
1626 2842 1689 2875 fal·
