1806 3236
186 222 276 269 288
447 232 712 267 APPENDIX
740 231 1057 265 attonsum
1089 231 1414 268 AEsoP-IARUM.

189 331 370 383 Canem,
393 333 439 374 et
459 330 513 373 de
533 340 688 372 mensa
707 326 894 371 saturari
911 328 1130 383 quotidie,

190 399 248 445 Et
266 401 409 443 frusta
424 399 600 454 largiter
613 396 779 453 ,iactari
800 409 828 439 a
847 396 1040 451 familim

191 470 268 514 Sic
289 474 358 513 est
376 470 579 511 locutus:
610 467 661 509 Si
687 479 843 509 canem
862 465 1258 510 immundissimum

191 538 246 582 In
264 540 428 580 tantum
450 535 654 577 dominus
673 537 716 576 et
734 533 904 575 familia
921 530 1079 588 diligit,

193 605 315 658 Quid
333 618 404 647 me
426 604 637 654 futurum,
668 602 709 644 si
730 614 811 657 par
829 601 897 643 illi
918 601 1066 644 fecero

194 673 416 724 Officium,
433 672 569 714 multo
590 671 668 726 qui
688 682 785 712 sum
804 669 962 712 melior
975 669 1061 712 hoc
1080 681 1205 722 canc,

194 740 436 796 Rebusque
455 739 658 795 pluribus
675 737 795 780 utilis
810 727 861 780 *et
879 736 1154 781 laudabilis?

195 809 306 853 ΑΙοι·
323 809 403 864 qui
423 812 593 852 sanctae
615 807 817 850 fontibus
838 807 966 862 puris
985 819 1133 862 aquae,

197 877 399 932 Ciboque
418 888 648 931 nunquam
668 874 795 918 soleo
813 874 943 930 pasci
963 873 1158 917 sordido.

197 947 305 990 Sum
326 959 432 989 sane
454 945 605 988 catulo
625 944 802 998 dignior
821 944 919 986 vita
935 943 1024 986 frui

197 1015 424 1066 Beatiore,
444 1013 655 1056 honorem
673 1016 716 1055 et
735 1025 956 1055 summum
977 1012 1213 1068 consequi.

197 1082 379 1126 Asellus
396 1082 495 1125 haec
517 1082 622 1123 dum
642 1094 811 1133 secum,
831 1081 1056 1124 stabulm
1077 1080 1298 1136 conspicit

202 1151 376 1194 Intrare
396 1150 647 1193 dominum:
678 1162 815 1205 quare
837 1161 1070 1191 accurrens
1090 1161 1232 1203 ocyus
1282 1156 1284 1160 ’

201 1218 474 1273 Rudensque
493 1217 682 1273 prosilit,
701 1220 746 1259 et
762 1216 958 1258 humeris
976 1216 1134 1258 ambos
1154 1215 1296 1269 pedes

200 1286 415 1341 Imponit,
436 1298 576 1340 osque
595 1285 752 1339 lingua
772 1284 913 1339 coepit
928 1283 1108 1337 lingere,

201 1353 469 1409 Vestemque
489 1353 623 1396 foedis
645 1352 856 1395 scindens
876 1352 1068 1406 ungulis,
1092 1351 1216 1406 gravi

202 1421 373 1467 Herum
393 1421 568 1474 fatigat,
589 1420 722 1462 stulte
741 1419 946 1471 blanduS,
967 1419 1182 1474 pondere.

203 1491 409 1534 Clamore
432 1489 599 1532 domini
619 1490 864 1531 concitatur
881 1487 1082 1541 familia-3

204 1559 453 1614 Fustesque
472 1560 515 1599 et
534 1570 647 1599 saxa
667 1555 835 1612 passim
859 1556 1071 1610 arripiens
1091 1555 1241 1606 obvia,

204 1627 457 1673 Rudentem
473 1626 664 1678 mulcat3
694 1629 738 1668 et
755 1637 866 1666 mox
883 1623 1090 1666 membris
1109 1623 1300 1666 debilem

205 1695 472 1749 Fractisque
494 1694 639 1744 coxis,
665 1692 829 1735 domini
849 1693 1026 1747 lapsum
1047 1704 1076 1734 a
1095 1704 1298 1746 corpore,

206 1763 520 1807 Semianimum
540 1761 716 1803 tandem
738 1759 892 1815 dejicit
913 1759 971 1801 ad
991 1759 1232 1814 praesepia.

264 1831 463 1882 Fabella,
484 1830 660 1884 ineptus
679 1841 736 1870 ne
757 1841 804 1869 se
821 1826 975 1869 invitis
993 1826 1175 1880 ingerat,

208 1899 411 1942 Melioris
433 1902 510 1941 aut
531 1896 713 1939 affectet
731 1894 940 1946 officium,
962 1894 1109 1936 docet.

868 2037 1010 2072 NOTAE

1576 856 1671 918 '1⁰

1610 1212 1749 1261 15-

1616 1892 1676 1937 25

210 2131 283 2164 Fel.
313 2132 346 2162 8.
405 2127 616 2169 Credebant,
652 2131 748 2169 puto,
777 2127 919 2167 librarii,
970 2126 1078 2168 nisque
1105 2134 1226 2167 semper
1252 2124 1306 2157 cui
1333 2124 1466 2157 mundam
1491 2121 1563 2156 dori
1589 2123 1677 2156 aaut.

209 2179 351 2223 perinde
367 2188 457 2220 esse,
482 2188 526 2211 an
552 2178 701 2219 blandiri,
729 2188 772 2211 an
794 2177 918 2210 adulari
972 2178 1063 2211 Nam
1078 2177 1225 2209 mundum
1236 2174 1374 2217 proprie
1389 2183 1510 2216 punem
1522 2173 1606 2214 dici,
1617 2173 1677 2206 do-

208 2231 410 2269 scriberent,
434 2231 497 2262 hoc
513 2239 594 2262 vero
610 2229 842 2262 accusativum
859 2228 918 2261 ad-
971 2228 1044 2262 cuit
1058 2228 1200 2261 Salmas.
1213 2226 1255 2258 ad
1266 2224 1434 2257 Alexand.
1448 2224 1566 2257 Sever.
1582 2233 1613 2256 c.
1623 2226 1678 2257 42.

209 2282 347 2315 mittere
362 2286 480 2313 notum
496 2285 558 2314 est.
601 2280 712 2313 Immo
726 2284 764 2312 et
778 2280 834 2312 hic
849 2279 918 2321 legi
972 2279 1027 2312 cui
1043 2278 1186 2311 sordidus
1198 2277 1395 2318 opponitur,
1410 2275 1454 2307 de
1470 2284 1536 2316 quo
1550 2278 1678 2316 praeter

138 2364 145 2367 .
209 2336 338 2376 posset,
352 2332 523 2364 Dominum
537 2330 660 2364 adulari
676 2331 799 2363 Asellus
812 2334 848 2362 ut
870 2331 918 2363 vi·
971 2329 1056 2363 alios
1073 2329 1228 2362 Prlcaeus
1244 2327 1286 2359 ad
1302 2325 1440 2369 Apulei.
1456 2326 1544 2357 Met.
1557 2335 1590 2366 p.
1602 2327 1678 2358 314.

209 2385 259 2416 dit
272 2393 372 2416 suum.
406 2382 571 2416 Quaednm
589 2381 645 2412 hic
658 2381 779 2413 similia
792 2379 918 2413 fabulae
1015 2383 1057 2414 1⁸7
1093 2379 1198 2413 Gonni
1216 2376 1357 2419 favigot]
1391 2375 1514 2409 Phaed.
1545 2374 1606 2407 lib.
1630 2382 1676 2407 n.

210 2434 350 2468 Phaedr.
365 2434 387 2467 l.
402 2442 458 2465 111.
475 2436 507 2465 7.
523 2435 720 2465 occurrunt.
971 2429 1043 2463 fab.
1058 2433 1090 2463 6.
1112 2431 1122 2447 ‘
1135 2428 1243 2462 Gravi
1253 2428 1481 2471 nequicquam
1494 2429 1529 2466 te
1541 2424 1679 2458 lassabis

253 2488 295 2518 10
313 2484 448 2526 ciboque
461 2482 633 2525 nunquam]
656 2482 786 2514 Posset·
795 2485 832 2513 et
845 2491 919 2524 pro-
973 2479 1146 2524 pondere?

212 2536 288 2579 pius
305 2535 348 2568 ad
363 2534 567 2578 scripturam
583 2534 757 2575 vulgatam
768 2532 838 2574 legi
853 2531 920 2564 Ρα-
