1806 3236
517 661 1126 717 SERENISSIMO

373 886 1331 967 DELPHINO.

80 1332 145 1394 Sl
166 1350 274 1410 quis
291 1349 380 1395 hoc
402 1363 524 1408 opus
547 1350 647 1394 solo
675 1363 734 1393 ex
754 1349 955 1402 nomine,
986 1350 1060 1393 vel
1083 1355 1314 1395 auctorem
1335 1351 1485 1408 operis
1507 1364 1568 1395 ex

53 1427 57 1432 ·
79 1433 171 1465 una
197 1420 382 1467 fortuna
405 1420 670 1472 aestimabit,
703 1419 1055 1463 SERElesmn
1078 1420 1356 1475 PamcEPs,
1385 1422 1569 1477 putabit

77 1488 272 1534 fortasse
291 1503 364 1534 me
381 1490 455 1535 vel
475 1490 715 1546 sapientiae
736 1494 828 1532 tuae
851 1503 942 1532 non
963 1490 1238 1543 meminisse,
1270 1490 1348 1533 vel
1375 1490 1568 1545 dignita-

78 1559 156 1611 tis,
187 1560 268 1616 qui
289 1558 492 1603 Fabulas
511 1559 696 1603 offeram
711 1558 833 1612 Tibi,
864 1563 911 1601 et
929 1559 1066 1602 velim
1087 1559 1156 1602 Te
1178 1560 1225 1602 in
1257 1573 1436 1603 summa
1466 1559 1568 1603 alti·

79 1627 238 1672 tudine
257 1628 415 1684 gloriae
439 1628 714 1672 collocatum
748 1642 854 1672 cum
880 1629 1044 1672 liberto
1070 1629 1283 1672 fabulari.
1344 1629 1395 1673 Si
1416 1633 1568 1671 tamen

77 1695 228 1742 vel'de
247 1696 321 1740 his
345 1694 564 1750 Fabellis,
581 1697 656 1740 vel
676 1696 734 1740 de
755 1696 984 1754 Scriptore
1007 1697 1300 1741 Fabellarum
1314 1697 1566 1754 JudicabiS,

76 1776 170 1811 non
189 1779 250 1810 ex
269 1766 446 1810 illorum
467 1779 620 1819 sensu,
658 1779 816 1823 pamm
844 1779 954 1810 sano
986 1771 1032 1810 et
1058 1768 1243 1823 integro,
1275 1766 1359 1809 sed
1392 1780 1453 1810 ex
1487 1766 1566 1809 illo

75 1834 214 1891 gustu
249 1835 532 1888 acutissimo,
563 1836 642 1891 qui
672 1834 780 1877 Tibi
813 1839 889 1878 est
921 1835 1099 1879 innatus
1134 1849 1189 1879 ac
1221 1836 1463 1891 ingenitus,
1495 1835 1565 1878 sic

76 1916 196 1961 opus
225 1905 376 1961 ipsum
409 1904 650 1960 suscipies,
686 1903 755 1947 sic
787 1909 1015 1948 auctorem
1047 1906 1197 1961 ipsum
1226 1904 1565 1961 complecteris,

75 1977 130 2016 ut
147 1975 283 2031 putes
304 1987 386 2017 nec
409 1973 564 2029 operis
586 1973 855 2017 tenuitatem
871 1979 964 2016 tuae
987 1974 1245 2030 sapientiae,
1262 1988 1346 2016 nec
1367 1973 1565 2017 auctoris

73 2041 373 2086 humilitatem
394 2042 608 2098 dignitati
627 2045 720 2085 tuae
742 2056 882 2098 posse
905 2043 1150 2098 quicquam
1172 2041 1368 2084 officere.

135 2110 249 2156 Non
270 2112 499 2156 dubitabis
528 2111 746 2167 profecto,
777 2111 1130 2154 SnnemsstME
1155 2110 1432 2162 Pamcm’s,
1460 2123 1562 2154 cum

75 2193 132 2224 co
150 2179 318 2224 liberto
339 2180 635 2232 confabulari,
658 2180 733 2223 cui
755 2179 814 2223 ad
833 2179 1092 2235 Augustum
1116 2181 1443 2236 Imperatorem
1465 2182 1565 2223 erat

76 2247 230 2292 aditus
248 2249 496 2305 perfacilis,
529 2251 692 2306 cuique
723 2263 810 2293 sua
830 2249 990 2302 virtus,
1020 2263 1114 2292 non
1133 2250 1388 2293 libertatem
1409 2248 1562 2300 modo,

73 2317 153 2362 sed
173 2331 305 2374 opes,
319 2317 527 2371 honores,
546 2324 594 2362 et
616 2332 892 2362 summorum
909 2319 1168 2375 Principum
1190 2319 1431 2362 amicitiam
1453 2331 1562 2361 con-

75 2386 280 2442 ciliavit3
311 2388 500 2443 quinon
518 2388 667 2432 minus
689 2389 846 2432 habuit
864 2388 1047 2431 fiduciae
1068 2393 1119 2431 ut
1139 2402 1282 2431 mores
1306 2387 1561 2430 dissolutos

75 2458 280 2514 carperet
301 2456 601 2512 Optimatum,
633 2472 769 2513 quam
798 2459 924 2510 artis,
956 2471 1012 2500 ne
1047 2458 1326 2501 exulceraret
1357 2457 1560 2509 animos;

74 2525 154 2582 qui
173 2525 240 2568 ita
259 2525 343 2568 suit
363 2527 734 2570 accommodatus
766 2528 825 2570 ad
862 2528 1155 2570 erudiendam
1176 2527 1356 2582 plebem
1380 2528 1563 2580 propter

77 2594 336 2650 simplicem
369 2601 416 2637 et
447 2598 579 2651 quasi
621 2597 790 2639 nudam
825 2595 1143 2652 Apologorum
1190 2599 1481 2645 venustatem,
1513 2596 1562 2636 ut

77 2662 370 2718 dignissimus
402 2665 540 2707 fuerit
574 2666 897 2722 Imperatorum
934 2666 1135 2709 amicitia
1166 2669 1209 2708 et
1245 2662 1561 2706 consuetudine

77 2736 263 2789 propter
294 2733 524 2777 excelsam
555 2734 777 2790 quandam
812 2739 860 2777 et
889 2734 1160 2790 politiorem,
1192 2736 1286 2776 tum
1310 2731 1434 2783 vitae,
1467 2735 1561 2773 tum

79 2801 404 2845 sententiarum
425 2802 705 2857 elegantiam.

165 2879 286 2922 Delph.
302 2883 335 2913 et
354 2880 432 2915 Var.
447 2881 534 2914 Clas.
789 2882 923 2915 Phoedr.
1439 2878 1471 2912 Α
