<?xml version="1.0" encoding="UTF-8"?>
<!DOCTYPE html PUBLIC "-//W3C//DTD XHTML 1.0 Transitional//EN"
    "http://www.w3.org/TR/xhtml1/DTD/xhtml1-transitional.dtd">
<html xmlns="http://www.w3.org/1999/xhtml" xml:lang="en" lang="en">
 <head>
  <title>
</title>
<meta http-equiv="Content-Type" content="text/html;charset=utf-8" />
  <meta name='ocr-system' content='tesseract 3.04.00' />
  <meta name='ocr-capabilities' content='ocr_page ocr_carea ocr_par ocr_line ocrx_word'/>
</head>
<body>
  <div class='ocr_page' id='page_1' title='image "./fabualeaesopiae00phaeuoft_0748.png"; bbox 0 0 1806 3236; ppageno 0'>
   <div class='ocr_carea' id='block_1_1' title="bbox 245 216 1429 275">
    <p class='ocr_par' dir='ltr' id='par_1_1' title="bbox 245 216 1429 275">
     <span class='ocr_line' id='line_1_1' title="bbox 245 216 1429 275; baseline -0.002 0"><span class='ocrx_word' id='word_1_1' title='bbox 245 231 335 275; x_wconf 74' lang='lat'><strong>736</strong></span> <span class='ocrx_word' id='word_1_2' title='bbox 598 216 859 274; x_wconf 68' lang='lat' dir='ltr'><strong>ascensus</strong></span> <span class='ocrx_word' id='word_1_3' title='bbox 894 241 1180 274; x_wconf 68' lang='lat' dir='ltr'><strong>nm&#39;riouum</strong></span> <span class='ocrx_word' id='word_1_4' title='bbox 1212 243 1429 275; x_wconf 66' lang='lat' dir='ltr'><strong>ruffinm.</strong></span> 
     </span>
    </p>
   </div>
   <div class='ocr_carea' id='block_1_2' title="bbox 239 340 1782 2070">
    <p class='ocr_par' dir='ltr' id='par_1_2' title="bbox 247 340 1711 521">
     <span class='ocr_line' id='line_1_2' title="bbox 334 340 1711 396; baseline 0.001 -14"><span class='ocrx_word' id='word_1_5' title='bbox 334 363 355 371; x_wconf 92' lang='lat'><strong>·-</strong></span> <span class='ocrx_word' id='word_1_6' title='bbox 374 340 562 382; x_wconf 82' lang='lat' dir='ltr'><strong>Phaedrus</strong></span> <span class='ocrx_word' id='word_1_7' title='bbox 582 341 623 380; x_wconf 89' lang='lat' dir='ltr'><strong>in</strong></span> <span class='ocrx_word' id='word_1_8' title='bbox 642 342 863 383; x_wconf 84' lang='lat' dir='ltr'><strong>deutschen</strong></span> <span class='ocrx_word' id='word_1_9' title='bbox 884 341 1061 390; x_wconf 89' lang='lat' dir='ltr'><strong>Reimen‚</strong></span> <span class='ocrx_word' id='word_1_10' title='bbox 1081 342 1151 382; x_wconf 88' lang='lat' dir='ltr'><strong>mit</strong></span> <span class='ocrx_word' id='word_1_11' title='bbox 1170 343 1473 396; x_wconf 86' lang='lat' dir='ltr'><strong>Aumerkungen</strong></span> <span class='ocrx_word' id='word_1_12' title='bbox 1504 342 1585 383; x_wconf 84' lang='lat' dir='ltr'><strong>und</strong></span> <span class='ocrx_word' id='word_1_13' title='bbox 1603 342 1711 384; x_wconf 75' lang='lat' dir='ltr'><strong>einer</strong></span> 
     </span>
     <span class='ocr_line' id='line_1_3' title="bbox 247 405 1709 459; baseline 0.003 -16"><span class='ocrx_word' id='word_1_14' title='bbox 247 405 538 459; x_wconf 87' lang='lat' dir='ltr'><strong>Vorbereitung</strong></span> <span class='ocrx_word' id='word_1_15' title='bbox 557 420 607 446; x_wconf 89' lang='lat' dir='ltr'><strong>zu</strong></span> <span class='ocrx_word' id='word_1_16' title='bbox 641 406 769 447; x_wconf 84' lang='lat' dir='ltr'><strong>seiner</strong></span> <span class='ocrx_word' id='word_1_17' title='bbox 794 409 959 447; x_wconf 88' lang='lat' dir='ltr'><strong>Lecture</strong></span> <span class='ocrx_word' id='word_1_18' title='bbox 990 421 1067 447; x_wconf 89' lang='lat' dir='ltr'><strong>von</strong></span> <span class='ocrx_word' id='word_1_19' title='bbox 1097 408 1227 447; x_wconf 81' lang='lat' dir='ltr'><strong>Xaver</strong></span> <span class='ocrx_word' id='word_1_20' title='bbox 1244 408 1460 448; x_wconf 86' lang='lat' dir='ltr'><strong>Weinzierl.</strong></span> <span class='ocrx_word' id='word_1_21' title='bbox 1489 407 1709 448; x_wconf 79' lang='lat' dir='ltr'><strong>Miinolieu.</strong></span> 
     </span>
     <span class='ocr_line' id='line_1_4' title="bbox 248 470 1396 521; baseline 0.002 -13"><span class='ocrx_word' id='word_1_22' title='bbox 248 470 587 521; x_wconf 82' lang='lat' dir='ltr'><strong>8.-Subjunctus</strong></span> <span class='ocrx_word' id='word_1_23' title='bbox 606 477 666 511; x_wconf 90' lang='lat' dir='ltr'><strong>est</strong></span> <span class='ocrx_word' id='word_1_24' title='bbox 684 478 816 512; x_wconf 85' lang='lat' dir='ltr'><strong>textus</strong></span> <span class='ocrx_word' id='word_1_25' title='bbox 835 487 883 511; x_wconf 87' lang='lat' dir='ltr'><strong>cx</strong></span> <span class='ocrx_word' id='word_1_26' title='bbox 902 473 1132 512; x_wconf 84' lang='lat' dir='ltr'><strong>recensione</strong></span> <span class='ocrx_word' id='word_1_27' title='bbox 1153 471 1396 511; x_wconf 88' lang='lat' dir='ltr'><strong>Desbillouii.</strong></span> 
     </span>
    </p>

    <p class='ocr_par' dir='ltr' id='par_1_3' title="bbox 244 534 1782 720">
     <span class='ocr_line' id='line_1_5' title="bbox 303 534 1711 589; baseline 0.003 -17"><span class='ocrx_word' id='word_1_28' title='bbox 303 539 405 579; x_wconf 89' lang='grc'>1798</span> <span class='ocrx_word' id='word_1_29' title='bbox 425 534 582 574; x_wconf 88' lang='lat' dir='ltr'><strong>Phaedri</strong></span> <span class='ocrx_word' id='word_1_30' title='bbox 597 536 756 575; x_wconf 87' lang='lat' dir='ltr'><strong>Fabulae</strong></span> <span class='ocrx_word' id='word_1_31' title='bbox 772 537 955 588; x_wconf 86' lang='lat' dir='ltr'><strong>AEsopiae.</strong></span> <span class='ocrx_word' id='word_1_32' title='bbox 976 537 1106 576; x_wconf 84' lang='lat' dir='ltr'><strong>Nebst</strong></span> <span class='ocrx_word' id='word_1_33' title='bbox 1117 536 1222 576; x_wconf 90' lang='lat' dir='ltr'><strong>einer</strong></span> <span class='ocrx_word' id='word_1_34' title='bbox 1236 537 1582 589; x_wconf 70' lang='lat' dir='ltr'><strong>Uebersetzungin</strong></span> <span class='ocrx_word' id='word_1_35' title='bbox 1596 536 1711 576; x_wconf 82' lang='lat' dir='ltr'><strong>deut·</strong></span> 
     </span>
     <span class='ocr_line' id='line_1_6' title="bbox 247 597 1782 654; baseline 0.005 -20"><span class='ocrx_word' id='word_1_36' title='bbox 247 597 367 636; x_wconf 80' lang='lat' dir='ltr'><strong>seben</strong></span> <span class='ocrx_word' id='word_1_37' title='bbox 401 598 564 639; x_wconf 90' lang='lat' dir='ltr'><strong>Reimen</strong></span> <span class='ocrx_word' id='word_1_38' title='bbox 585 613 661 640; x_wconf 89' lang='lat' dir='ltr'><strong>von</strong></span> <span class='ocrx_word' id='word_1_39' title='bbox 697 601 789 640; x_wconf 84' lang='lat' dir='ltr'><strong>Joh.</strong></span> <span class='ocrx_word' id='word_1_40' title='bbox 826 602 910 641; x_wconf 88' lang='lat' dir='ltr'><strong>Jos.</strong></span> <span class='ocrx_word' id='word_1_41' title='bbox 950 602 1110 649; x_wconf 84' lang='lat' dir='ltr'><strong>Pracht,</strong></span> <span class='ocrx_word' id='word_1_42' title='bbox 1144 601 1652 654; x_wconf 72' lang='lat' dir='ltr'><strong>biirgerl.1Tischlemeister</strong></span> <span class='ocrx_word' id='word_1_43' title='bbox 1670 600 1710 640; x_wconf 89' lang='lat' dir='ltr'><strong>in</strong></span> <span class='ocrx_word' id='word_1_44' title='bbox 1781 612 1782 615; x_wconf 75' lang='grc'>’</span> 
     </span>
     <span class='ocr_line' id='line_1_7' title="bbox 244 657 1539 720; baseline 0.008 -19"><span class='ocrx_word' id='word_1_45' title='bbox 244 663 468 716; x_wconf 87' lang='lat' dir='ltr'><strong>Schongau.</strong></span> <span class='ocrx_word' id='word_1_46' title='bbox 499 666 787 720; x_wconf 82' lang='lat' dir='ltr'><strong>Norimbergae‚</strong></span> <span class='ocrx_word' id='word_1_47' title='bbox 809 668 916 720; x_wconf 81' lang='lat' dir='ltr'><strong>apud</strong></span> <span class='ocrx_word' id='word_1_48' title='bbox 934 669 1052 708; x_wconf 88' lang='lat' dir='ltr'><strong>Stein.</strong></span> <span class='ocrx_word' id='word_1_49' title='bbox 1076 675 1111 709; x_wconf 88' lang='lat'><strong>8.</strong></span> <span class='ocrx_word' id='word_1_50' title='bbox 1257 657 1259 659; x_wconf 21' lang='grc' dir='ltr'>Ι</span> <span class='ocrx_word' id='word_1_51' title='bbox 1536 678 1539 680; x_wconf 78' lang='grc'><strong>’</strong></span> 
     </span>
    </p>

    <p class='ocr_par' dir='ltr' id='par_1_4' title="bbox 244 729 1712 850">
     <span class='ocr_line' id='line_1_8' title="bbox 298 729 1712 784; baseline 0.002 -16"><span class='ocrx_word' id='word_1_52' title='bbox 298 750 351 758; x_wconf 89' lang='lat'>—</span> <span class='ocrx_word' id='word_1_53' title='bbox 369 729 527 769; x_wconf 76' lang='lat' dir='ltr'><strong>Phaedri</strong></span> <span class='ocrx_word' id='word_1_54' title='bbox 557 731 788 771; x_wconf 84' lang='lat' dir='ltr'><strong>Fabularum</strong></span> <span class='ocrx_word' id='word_1_55' title='bbox 824 733 930 772; x_wconf 87' lang='lat' dir='ltr'>Libri</span> <span class='ocrx_word' id='word_1_56' title='bbox 958 744 1001 772; x_wconf 89' lang='lat' dir='ltr'><strong>v.</strong></span> <span class='ocrx_word' id='word_1_57' title='bbox 1023 739 1078 781; x_wconf 66' lang='lat' dir='ltr'><strong>get</strong></span> <span class='ocrx_word' id='word_1_58' title='bbox 1097 746 1289 773; x_wconf 86' lang='lat' dir='ltr'><strong>novarum</strong></span> <span class='ocrx_word' id='word_1_59' title='bbox 1308 732 1530 772; x_wconf 85' lang='lat' dir='ltr'><strong>fabularum</strong></span> <span class='ocrx_word' id='word_1_60' title='bbox 1550 733 1712 784; x_wconf 81' lang='lat' dir='ltr'><strong>Appen·</strong></span> 
     </span>
     <span class='ocr_line' id='line_1_9' title="bbox 244 792 1551 850; baseline 0.005 -20"><span class='ocrx_word' id='word_1_61' title='bbox 244 792 326 832; x_wconf 87' lang='lat' dir='ltr'><strong>dix.</strong></span> <span class='ocrx_word' id='word_1_62' title='bbox 358 792 491 832; x_wconf 90' lang='lat' dir='ltr'><strong>Editio</strong></span> <span class='ocrx_word' id='word_1_63' title='bbox 510 795 763 835; x_wconf 80' lang='lat' dir='ltr'><strong>emendatior.</strong></span> <span class='ocrx_word' id='word_1_64' title='bbox 795 797 923 844; x_wconf 86' lang='lat' dir='ltr'><strong>Halae,</strong></span> <span class='ocrx_word' id='word_1_65' title='bbox 944 804 1077 837; x_wconf 91' lang='lat' dir='ltr'><strong>sumtu</strong></span> <span class='ocrx_word' id='word_1_66' title='bbox 1098 796 1464 850; x_wconf 83' lang='lat' dir='ltr'><strong>Orphanotrophei.</strong></span> <span class='ocrx_word' id='word_1_67' title='bbox 1488 802 1551 836; x_wconf 85' lang='lat'><strong>12.</strong></span> 
     </span>
    </p>

    <p class='ocr_par' dir='ltr' id='par_1_5' title="bbox 241 858 1718 1364">
     <span class='ocr_line' id='line_1_10' title="bbox 300 858 1711 915; baseline 0.001 -20"><span class='ocrx_word' id='word_1_68' title='bbox 300 863 404 904; x_wconf 87' lang='lat'>1799</span> <span class='ocrx_word' id='word_1_69' title='bbox 426 858 581 898; x_wconf 86' lang='lat' dir='ltr'><strong>Phaedri</strong></span> <span class='ocrx_word' id='word_1_70' title='bbox 597 860 831 915; x_wconf 80' lang='lat' dir='ltr'><strong>Fabularum</strong></span> <span class='ocrx_word' id='word_1_71' title='bbox 851 862 985 913; x_wconf 88' lang='lat' dir='ltr'><strong>AEsop.</strong></span> <span class='ocrx_word' id='word_1_72' title='bbox 1007 861 1115 900; x_wconf 89' lang='lat' dir='ltr'><strong>Libri</strong></span> <span class='ocrx_word' id='word_1_73' title='bbox 1133 873 1175 900; x_wconf 79' lang='lat' dir='ltr'><strong>v,</strong></span> <span class='ocrx_word' id='word_1_74' title='bbox 1191 862 1306 901; x_wconf 84' lang='lat' dir='ltr'><strong>Nova</strong></span> <span class='ocrx_word' id='word_1_75' title='bbox 1327 860 1461 907; x_wconf 88' lang='lat' dir='ltr'><strong>editio,</strong></span> <span class='ocrx_word' id='word_1_76' title='bbox 1486 859 1559 899; x_wconf 90' lang='lat' dir='ltr'><strong>-cui</strong></span> <span class='ocrx_word' id='word_1_77' title='bbox 1576 871 1711 899; x_wconf 80' lang='lat' dir='ltr'><strong>acces·</strong></span> 
     </span>
     <span class='ocr_line' id='line_1_11' title="bbox 243 917 1712 975; baseline 0.001 -15"><span class='ocrx_word' id='word_1_78' title='bbox 243 927 378 961; x_wconf 87' lang='lat' dir='ltr'><strong>serunt</strong></span> <span class='ocrx_word' id='word_1_79' title='bbox 412 923 456 960; x_wconf 91' lang='lat' dir='ltr'><strong>P.</strong></span> <span class='ocrx_word' id='word_1_80' title='bbox 481 923 564 975; x_wconf 83' lang='lat' dir='ltr'><strong>Syri</strong></span> <span class='ocrx_word' id='word_1_81' title='bbox 596 930 637 963; x_wconf 89' lang='lat' dir='ltr'><strong>et</strong></span> <span class='ocrx_word' id='word_1_82' title='bbox 655 917 818 963; x_wconf 84' lang='lat' dir='ltr'><strong>aliorum</strong></span> <span class='ocrx_word' id='word_1_83' title='bbox 847 931 1022 964; x_wconf 90' lang='lat' dir='ltr'><strong>veterum</strong></span> <span class='ocrx_word' id='word_1_84' title='bbox 1061 926 1289 965; x_wconf 86' lang='lat' dir='ltr'><strong>Sententiae.</strong></span> <span class='ocrx_word' id='word_1_85' title='bbox 1327 924 1499 963; x_wconf 69' lang='lat' dir='ltr'><strong>Parisiis.</strong></span> <span class='ocrx_word' id='word_1_86' title='bbox 1532 922 1712 963; x_wconf 78' lang='lat' dir='ltr'><strong>Excude-</strong></span> 
     </span>
     <span class='ocr_line' id='line_1_12' title="bbox 243 981 1718 1043; baseline 0.002 -20"><span class='ocrx_word' id='word_1_87' title='bbox 243 985 336 1024; x_wconf 90' lang='lat' dir='ltr'><strong>bam</strong></span> <span class='ocrx_word' id='word_1_88' title='bbox 354 986 495 1025; x_wconf 87' lang='lat' dir='ltr'><strong>Petrus</strong></span> <span class='ocrx_word' id='word_1_89' title='bbox 517 987 655 1035; x_wconf 92' lang='lat' dir='ltr'><strong>Didot,</strong></span> <span class='ocrx_word' id='word_1_90' title='bbox 676 994 770 1027; x_wconf 86' lang='lat' dir='ltr'><strong>natu</strong></span> <span class='ocrx_word' id='word_1_91' title='bbox 786 988 926 1039; x_wconf 81' lang='lat' dir='ltr'><strong>major.</strong></span> <span class='ocrx_word' id='word_1_92' title='bbox 947 991 1064 1028; x_wconf 89' lang='lat' dir='ltr'><strong>Anno</strong></span> <span class='ocrx_word' id='word_1_93' title='bbox 1085 989 1198 1040; x_wconf 85' lang='lat' dir='ltr'><strong>Reip.</strong></span> <span class='ocrx_word' id='word_1_94' title='bbox 1218 1001 1282 1029; x_wconf 78' lang='lat' dir='ltr'><strong>vl.</strong></span> <span class='ocrx_word' id='word_1_95' title='bbox 1300 990 1339 1028; x_wconf 90' lang='lat' dir='ltr'><strong>in</strong></span> <span class='ocrx_word' id='word_1_96' title='bbox 1360 988 1510 1028; x_wconf 85' lang='lat' dir='ltr'><strong>aedibus</strong></span> <span class='ocrx_word' id='word_1_97' title='bbox 1526 981 1718 1043; x_wconf 66' lang='lat' dir='ltr'><strong>Palatinis</strong></span> 
     </span>
     <span class='ocr_line' id='line_1_13' title="bbox 243 1050 1711 1101; baseline 0.001 -13"><span class='ocrx_word' id='word_1_98' title='bbox 243 1050 493 1089; x_wconf 83' lang='lat' dir='ltr'><strong>scientiarum</strong></span> <span class='ocrx_word' id='word_1_99' title='bbox 513 1056 552 1090; x_wconf 90' lang='lat' dir='ltr'><strong>et</strong></span> <span class='ocrx_word' id='word_1_100' title='bbox 573 1052 727 1091; x_wconf 88' lang='lat' dir='ltr'><strong>artium.</strong></span> <span class='ocrx_word' id='word_1_101' title='bbox 753 1054 1037 1094; x_wconf 80' lang='lat' dir='ltr'><strong>12.—-Textum</strong></span> <span class='ocrx_word' id='word_1_102' title='bbox 1060 1054 1179 1093; x_wconf 82' lang='lat' dir='ltr'><strong>habet</strong></span> <span class='ocrx_word' id='word_1_103' title='bbox 1205 1054 1289 1094; x_wconf 87' lang='lat' dir='ltr'><strong>sine</strong></span> <span class='ocrx_word' id='word_1_104' title='bbox 1309 1055 1427 1101; x_wconf 87' lang='lat' dir='ltr'><strong>notis,</strong></span> <span class='ocrx_word' id='word_1_105' title='bbox 1445 1053 1592 1093; x_wconf 79' lang='lat' dir='ltr'><strong>chartae</strong></span> <span class='ocrx_word' id='word_1_106' title='bbox 1621 1051 1711 1091; x_wconf 88' lang='lat' dir='ltr'><strong>niti-</strong></span> 
     </span>
     <span class='ocr_line' id='line_1_14' title="bbox 242 1115 1710 1170; baseline 0.002 -17"><span class='ocrx_word' id='word_1_107' title='bbox 242 1115 411 1154; x_wconf 90' lang='lat' dir='ltr'><strong>dissimae</strong></span> <span class='ocrx_word' id='word_1_108' title='bbox 430 1121 470 1154; x_wconf 89' lang='lat' dir='ltr'><strong>et</strong></span> <span class='ocrx_word' id='word_1_109' title='bbox 490 1115 690 1164; x_wconf 88' lang='lat' dir='ltr'><strong>mediocri,</strong></span> <span class='ocrx_word' id='word_1_110' title='bbox 723 1131 795 1169; x_wconf 90' lang='lat' dir='ltr'><strong>pro</strong></span> <span class='ocrx_word' id='word_1_111' title='bbox 828 1118 957 1157; x_wconf 90' lang='lat' dir='ltr'><strong>lubitu</strong></span> <span class='ocrx_word' id='word_1_112' title='bbox 991 1124 1197 1166; x_wconf 79' lang='lat' dir='ltr'><strong>emturum,</strong></span> <span class='ocrx_word' id='word_1_113' title='bbox 1236 1119 1302 1170; x_wconf 90' lang='lat' dir='ltr'><strong>qui</strong></span> <span class='ocrx_word' id='word_1_114' title='bbox 1336 1117 1610 1170; x_wconf 78' lang='lat' dir='ltr'><strong>splendidiora,</strong></span> <span class='ocrx_word' id='word_1_115' title='bbox 1647 1116 1710 1157; x_wconf 85' lang='lat' dir='ltr'><strong>vel</strong></span> 
     </span>
     <span class='ocr_line' id='line_1_15' title="bbox 242 1179 1710 1234; baseline 0.003 -17"><span class='ocrx_word' id='word_1_116' title='bbox 242 1179 416 1230; x_wconf 84' lang='lat' dir='ltr'><strong>vulgaria</strong></span> <span class='ocrx_word' id='word_1_117' title='bbox 435 1179 617 1232; x_wconf 89' lang='lat' dir='ltr'><strong>cupiunt,</strong></span> <span class='ocrx_word' id='word_1_118' title='bbox 640 1180 882 1234; x_wconf 85' lang='lat' dir='ltr'><strong>impressum.</strong></span> <span class='ocrx_word' id='word_1_119' title='bbox 913 1183 1088 1222; x_wconf 84' lang='lat' dir='ltr'><strong>Pertinet</strong></span> <span class='ocrx_word' id='word_1_120' title='bbox 1114 1189 1243 1223; x_wconf 84' lang='lat' dir='ltr'><strong>autem</strong></span> <span class='ocrx_word' id='word_1_121' title='bbox 1264 1183 1313 1222; x_wconf 88' lang='lat' dir='ltr'><strong>ad</strong></span> <span class='ocrx_word' id='word_1_122' title='bbox 1334 1183 1471 1222; x_wconf 85' lang='lat' dir='ltr'><strong>seriem</strong></span> <span class='ocrx_word' id='word_1_123' title='bbox 1491 1184 1710 1222; x_wconf 64' lang='lat' dir='ltr'><strong>Auctor-um</strong></span> 
     </span>
     <span class='ocr_line' id='line_1_16' title="bbox 241 1243 1708 1300; baseline 0.002 -17"><span class='ocrx_word' id='word_1_124' title='bbox 241 1243 511 1291; x_wconf 85' lang='lat' dir='ltr'><strong>classicorum,</strong></span> <span class='ocrx_word' id='word_1_125' title='bbox 552 1259 651 1296; x_wconf 92' lang='lat' dir='ltr'><strong>quos</strong></span> <span class='ocrx_word' id='word_1_126' title='bbox 690 1246 831 1286; x_wconf 89' lang='lat' dir='ltr'><strong>Didoti</strong></span> <span class='ocrx_word' id='word_1_127' title='bbox 869 1247 1007 1286; x_wconf 84' lang='lat' dir='ltr'><strong>fratres</strong></span> <span class='ocrx_word' id='word_1_128' title='bbox 1040 1248 1161 1288; x_wconf 89' lang='lat' dir='ltr'><strong>literis</strong></span> <span class='ocrx_word' id='word_1_129' title='bbox 1200 1248 1385 1295; x_wconf 85' lang='lat' dir='ltr'><strong>stanneis,</strong></span> <span class='ocrx_word' id='word_1_130' title='bbox 1417 1247 1455 1287; x_wconf 90' lang='lat' dir='ltr'><strong>in</strong></span> <span class='ocrx_word' id='word_1_131' title='bbox 1474 1251 1708 1300; x_wconf 83' lang='lat' dir='ltr'><strong>perpetuum</strong></span> 
     </span>
     <span class='ocr_line' id='line_1_17' title="bbox 242 1307 1318 1364; baseline 0.006 -18"><span class='ocrx_word' id='word_1_132' title='bbox 242 1307 342 1364; x_wconf 83' lang='lat' dir='ltr'><strong>fixis,</strong></span> <span class='ocrx_word' id='word_1_133' title='bbox 359 1308 543 1358; x_wconf 70' lang='lat' dir='ltr'><strong>(editions</strong></span> <span class='ocrx_word' id='word_1_134' title='bbox 562 1312 819 1362; x_wconf 84' lang='lat' dir='ltr'><strong>stereotypes)</strong></span> <span class='ocrx_word' id='word_1_135' title='bbox 838 1312 979 1350; x_wconf 86' lang='lat' dir='ltr'><strong>excudi</strong></span> <span class='ocrx_word' id='word_1_136' title='bbox 999 1319 1149 1351; x_wconf 89' lang='lat' dir='ltr'><strong>curant.</strong></span> <span class='ocrx_word' id='word_1_137' title='bbox 1314 1310 1318 1312; x_wconf 63' lang='grc'><strong>’</strong></span> 
     </span>
    </p>

    <p class='ocr_par' dir='ltr' id='par_1_6' title="bbox 239 1372 1714 1870">
     <span class='ocr_line' id='line_1_18' title="bbox 293 1372 1711 1427; baseline 0.003 -17"><span class='ocrx_word' id='word_1_138' title='bbox 293 1395 348 1402; x_wconf 90' lang='lat'><strong>-—</strong></span> <span class='ocrx_word' id='word_1_139' title='bbox 367 1372 522 1411; x_wconf 88' lang='lat' dir='ltr'><strong>Phaedri</strong></span> <span class='ocrx_word' id='word_1_140' title='bbox 542 1374 700 1412; x_wconf 87' lang='lat' dir='ltr'><strong>Fabulae</strong></span> <span class='ocrx_word' id='word_1_141' title='bbox 729 1376 911 1427; x_wconf 85' lang='lat' dir='ltr'><strong>AEsopiae.</strong></span> <span class='ocrx_word' id='word_1_142' title='bbox 949 1377 1024 1415; x_wconf 91' lang='lat' dir='ltr'><strong>Mit</strong></span> <span class='ocrx_word' id='word_1_143' title='bbox 1044 1376 1346 1427; x_wconf 87' lang='lat' dir='ltr'><strong>Anmerkungen</strong></span> <span class='ocrx_word' id='word_1_144' title='bbox 1369 1375 1447 1414; x_wconf 88' lang='lat' dir='ltr'><strong>und</strong></span> <span class='ocrx_word' id='word_1_145' title='bbox 1467 1375 1592 1415; x_wconf 78' lang='lat' dir='ltr'><strong>ciuem</strong></span> <span class='ocrx_word' id='word_1_146' title='bbox 1613 1375 1711 1422; x_wconf 86' lang='lat' dir='ltr'><strong>voll-</strong></span> 
     </span>
     <span class='ocr_line' id='line_1_19' title="bbox 241 1437 1711 1490; baseline 0.002 -15"><span class='ocrx_word' id='word_1_147' title='bbox 241 1437 466 1488; x_wconf 86' lang='lat' dir='ltr'><strong>staendigen</strong></span> <span class='ocrx_word' id='word_1_148' title='bbox 498 1438 695 1490; x_wconf 82' lang='lat' dir='ltr'><strong>Register,</strong></span> <span class='ocrx_word' id='word_1_149' title='bbox 730 1439 849 1478; x_wconf 90' lang='lat' dir='ltr'><strong>worin</strong></span> <span class='ocrx_word' id='word_1_150' title='bbox 888 1440 960 1479; x_wconf 83' lang='lat' dir='ltr'><strong>alle</strong></span> <span class='ocrx_word' id='word_1_151' title='bbox 995 1440 1302 1479; x_wconf 89' lang='lat' dir='ltr'><strong>vorkommende</strong></span> <span class='ocrx_word' id='word_1_152' title='bbox 1334 1440 1511 1478; x_wconf 73' lang='lat' dir='ltr'><strong>Woerter</strong></span> <span class='ocrx_word' id='word_1_153' title='bbox 1541 1439 1711 1478; x_wconf 76' lang='lat' dir='ltr'><strong>erklaert</strong></span> 
     </span>
     <span class='ocr_line' id='line_1_20' title="bbox 240 1501 1710 1556; baseline 0.001 -16"><span class='ocrx_word' id='word_1_154' title='bbox 240 1501 408 1542; x_wconf 86' lang='lat' dir='ltr'><strong>werden.</strong></span> <span class='ocrx_word' id='word_1_155' title='bbox 430 1504 508 1541; x_wconf 88' lang='lat' dir='ltr'><strong>Fiir</strong></span> <span class='ocrx_word' id='word_1_156' title='bbox 527 1504 701 1543; x_wconf 84' lang='lat' dir='ltr'><strong>Schulen</strong></span> <span class='ocrx_word' id='word_1_157' title='bbox 721 1504 1037 1556; x_wconf 85' lang='lat' dir='ltr'><strong>herausgegeben</strong></span> <span class='ocrx_word' id='word_1_158' title='bbox 1057 1518 1133 1543; x_wconf 91' lang='lat' dir='ltr'><strong>von</strong></span> <span class='ocrx_word' id='word_1_159' title='bbox 1153 1504 1292 1543; x_wconf 89' lang='lat' dir='ltr'><strong>Lndw.</strong></span> <span class='ocrx_word' id='word_1_160' title='bbox 1312 1503 1446 1542; x_wconf 84' lang='lat' dir='ltr'><strong>Heinr.</strong></span> <span class='ocrx_word' id='word_1_161' title='bbox 1461 1503 1599 1543; x_wconf 78' lang='lat' dir='ltr'><strong>Jacob.</strong></span> <span class='ocrx_word' id='word_1_162' title='bbox 1620 1504 1710 1542; x_wconf 87' lang='lat' dir='ltr'><strong>Von</strong></span> 
     </span>
     <span class='ocr_line' id='line_1_21' title="bbox 239 1566 1712 1614; baseline 0.001 -10"><span class='ocrx_word' id='word_1_163' title='bbox 239 1577 378 1605; x_wconf 88' lang='lat' dir='ltr'><strong>neuem</strong></span> <span class='ocrx_word' id='word_1_164' title='bbox 412 1567 647 1614; x_wconf 86' lang='lat' dir='ltr'><strong>bearbeitet,</strong></span> <span class='ocrx_word' id='word_1_165' title='bbox 678 1567 759 1606; x_wconf 92' lang='lat' dir='ltr'><strong>und</strong></span> <span class='ocrx_word' id='word_1_166' title='bbox 798 1568 869 1607; x_wconf 89' lang='lat' dir='ltr'><strong>mit</strong></span> <span class='ocrx_word' id='word_1_167' title='bbox 897 1568 1024 1607; x_wconf 88' lang='lat' dir='ltr'><strong>einem</strong></span> <span class='ocrx_word' id='word_1_168' title='bbox 1046 1568 1259 1607; x_wconf 87' lang='lat' dir='ltr'><strong>kritischen</strong></span> <span class='ocrx_word' id='word_1_169' title='bbox 1287 1566 1487 1606; x_wconf 82' lang='lat' dir='ltr'><strong>Versuche</strong></span> <span class='ocrx_word' id='word_1_170' title='bbox 1516 1567 1712 1606; x_wconf 79' lang='lat' dir='ltr'><strong>vermebrt</strong></span> 
     </span>
     <span class='ocr_line' id='line_1_22' title="bbox 239 1630 1710 1684; baseline 0.002 -16"><span class='ocrx_word' id='word_1_171' title='bbox 239 1643 317 1668; x_wconf 89' lang='lat' dir='ltr'><strong>von</strong></span> <span class='ocrx_word' id='word_1_172' title='bbox 336 1630 453 1670; x_wconf 89' lang='lat' dir='ltr'><strong>Wilh.</strong></span> <span class='ocrx_word' id='word_1_173' title='bbox 474 1631 615 1682; x_wconf 85' lang='lat' dir='ltr'><strong>Lange.</strong></span> <span class='ocrx_word' id='word_1_174' title='bbox 652 1631 782 1678; x_wconf 82' lang='lat' dir='ltr'><strong>Hane,</strong></span> <span class='ocrx_word' id='word_1_175' title='bbox 820 1632 897 1684; x_wconf 90' lang='lat' dir='ltr'><strong>bey</strong></span> <span class='ocrx_word' id='word_1_176' title='bbox 918 1632 1156 1672; x_wconf 88' lang='lat' dir='ltr'><strong>Hemmerde</strong></span> <span class='ocrx_word' id='word_1_177' title='bbox 1176 1631 1256 1671; x_wconf 90' lang='lat' dir='ltr'><strong>und</strong></span> <span class='ocrx_word' id='word_1_178' title='bbox 1288 1630 1582 1671; x_wconf 83' lang='lat' dir='ltr'><strong>Schwetschkc.</strong></span> <span class='ocrx_word' id='word_1_179' title='bbox 1599 1663 1601 1665; x_wconf 86' lang='lat'><strong>.</strong></span> <span class='ocrx_word' id='word_1_180' title='bbox 1617 1637 1710 1671; x_wconf 85' lang='grc'><strong>8.-</strong></span> 
     </span>
     <span class='ocr_line' id='line_1_23' title="bbox 240 1695 1714 1748; baseline 0.001 -15"><span class='ocrx_word' id='word_1_181' title='bbox 240 1695 355 1734; x_wconf 86' lang='lat' dir='ltr'><strong>Notae</strong></span> <span class='ocrx_word' id='word_1_182' title='bbox 367 1700 460 1734; x_wconf 89' lang='lat' dir='ltr'><strong>sunt</strong></span> <span class='ocrx_word' id='word_1_183' title='bbox 478 1695 694 1746; x_wconf 82' lang='lat' dir='ltr'><strong>argumenti</strong></span> <span class='ocrx_word' id='word_1_184' title='bbox 707 1695 767 1734; x_wconf 91' lang='lat' dir='ltr'><strong>vel</strong></span> <span class='ocrx_word' id='word_1_185' title='bbox 785 1695 970 1743; x_wconf 87' lang='lat' dir='ltr'><strong>historici,</strong></span> <span class='ocrx_word' id='word_1_186' title='bbox 989 1697 1048 1735; x_wconf 89' lang='lat' dir='ltr'><strong>vel</strong></span> <span class='ocrx_word' id='word_1_187' title='bbox 1062 1697 1264 1747; x_wconf 88' lang='lat' dir='ltr'><strong>exegetici,</strong></span> <span class='ocrx_word' id='word_1_188' title='bbox 1278 1697 1340 1735; x_wconf 92' lang='lat' dir='ltr'><strong>vel</strong></span> <span class='ocrx_word' id='word_1_189' title='bbox 1357 1696 1496 1744; x_wconf 89' lang='lat' dir='ltr'><strong>critici,</strong></span> <span class='ocrx_word' id='word_1_190' title='bbox 1509 1695 1714 1748; x_wconf 84' lang='lat' dir='ltr'><strong>perspicu-</strong></span> 
     </span>
     <span class='ocr_line' id='line_1_24' title="bbox 239 1759 1712 1813; baseline 0.002 -16"><span class='ocrx_word' id='word_1_191' title='bbox 239 1759 337 1799; x_wconf 84' lang='lat' dir='ltr'><strong>itate</strong></span> <span class='ocrx_word' id='word_1_192' title='bbox 355 1764 396 1798; x_wconf 89' lang='lat' dir='ltr'><strong>et</strong></span> <span class='ocrx_word' id='word_1_193' title='bbox 434 1759 625 1799; x_wconf 86' lang='lat' dir='ltr'><strong>brevitate</strong></span> <span class='ocrx_word' id='word_1_194' title='bbox 654 1761 1005 1808; x_wconf 80' lang='lat' dir='ltr'><strong>commendabiles,</strong></span> <span class='ocrx_word' id='word_1_195' title='bbox 1039 1761 1307 1813; x_wconf 85' lang='lat' dir='ltr'><strong>scriptae·cum</strong></span> <span class='ocrx_word' id='word_1_196' title='bbox 1333 1761 1471 1812; x_wconf 69' lang='lat' dir='ltr'><strong>lingua‘</strong></span> <span class='ocrx_word' id='word_1_197' title='bbox 1484 1760 1712 1812; x_wconf 75' lang='lat' dir='ltr'><strong>vernacula,</strong></span> 
     </span>
     <span class='ocr_line' id='line_1_25' title="bbox 243 1823 879 1870; baseline 0 -7"><span class='ocrx_word' id='word_1_198' title='bbox 243 1828 324 1863; x_wconf 89' lang='lat' dir='ltr'><strong>tum</strong></span> <span class='ocrx_word' id='word_1_199' title='bbox 353 1823 506 1862; x_wconf 83' lang='lat' dir='ltr'><strong>Latina.</strong></span> <span class='ocrx_word' id='word_1_200' title='bbox 537 1823 653 1863; x_wconf 89' lang='lat' dir='ltr'><strong>Conf.</strong></span> <span class='ocrx_word' id='word_1_201' title='bbox 675 1838 739 1864; x_wconf 83' lang='lat' dir='ltr'><strong>an.</strong></span> <span class='ocrx_word' id='word_1_202' title='bbox 763 1830 879 1870; x_wconf 88' lang='lat'>1785.</span> 
     </span>
    </p>

    <p class='ocr_par' dir='ltr' id='par_1_7' title="bbox 239 1887 1711 2070">
     <span class='ocr_line' id='line_1_26' title="bbox 295 1887 1708 1941; baseline 0.001 -15"><span class='ocrx_word' id='word_1_203' title='bbox 295 1893 400 1927; x_wconf 88' lang='lat'>1800</span> <span class='ocrx_word' id='word_1_204' title='bbox 418 1887 577 1927; x_wconf 86' lang='lat' dir='ltr'><strong>Phaedri</strong></span> <span class='ocrx_word' id='word_1_205' title='bbox 593 1889 622 1927; x_wconf 90' lang='lat' dir='ltr'><strong>F</strong></span> <span class='ocrx_word' id='word_1_206' title='bbox 624 1888 827 1929; x_wconf 71' lang='lat' dir='ltr'><strong>abulat-um</strong></span> <span class='ocrx_word' id='word_1_207' title='bbox 847 1891 980 1941; x_wconf 87' lang='lat' dir='ltr'><strong>AEsop.</strong></span> <span class='ocrx_word' id='word_1_208' title='bbox 997 1890 1103 1929; x_wconf 86' lang='lat' dir='ltr'><strong>Libri</strong></span> <span class='ocrx_word' id='word_1_209' title='bbox 1125 1901 1166 1928; x_wconf 81' lang='lat' dir='ltr'><strong>v,</strong></span> <span class='ocrx_word' id='word_1_210' title='bbox 1187 1889 1248 1928; x_wconf 89' lang='lat' dir='ltr'><strong>Ad</strong></span> <span class='ocrx_word' id='word_1_211' title='bbox 1277 1888 1708 1941; x_wconf 65' lang='lat' dir='ltr'><strong>exemplaerurmann.</strong></span> 
     </span>
     <span class='ocr_line' id='line_1_27' title="bbox 239 1951 1710 2004; baseline 0 -14"><span class='ocrx_word' id='word_1_212' title='bbox 239 1952 448 1999; x_wconf 87' lang='lat' dir='ltr'><strong>recensuit,</strong></span> <span class='ocrx_word' id='word_1_213' title='bbox 469 1965 636 2004; x_wconf 83' lang='lat' dir='ltr'><strong>suasque</strong></span> <span class='ocrx_word' id='word_1_214' title='bbox 656 1954 926 1993; x_wconf 78' lang='lat' dir='ltr'><strong>annotationes</strong></span> <span class='ocrx_word' id='word_1_215' title='bbox 953 1953 1105 2003; x_wconf 87' lang='lat' dir='ltr'><strong>adjecit</strong></span> <span class='ocrx_word' id='word_1_216' title='bbox 1123 1955 1187 1993; x_wconf 90' lang='lat' dir='ltr'><strong>Jo.</strong></span> <span class='ocrx_word' id='word_1_217' title='bbox 1208 1953 1331 1991; x_wconf 89' lang='lat' dir='ltr'><strong>Mich.</strong></span> <span class='ocrx_word' id='word_1_218' title='bbox 1354 1953 1587 2004; x_wconf 82' lang='lat' dir='ltr'><strong>Heusinger.</strong></span> <span class='ocrx_word' id='word_1_219' title='bbox 1617 1951 1710 1991; x_wconf 85' lang='lat' dir='ltr'><strong>Edi-</strong></span> 
     </span>
     <span class='ocr_line' id='line_1_28' title="bbox 239 2015 1711 2070; baseline 0 -15"><span class='ocrx_word' id='word_1_220' title='bbox 239 2015 294 2055; x_wconf 86' lang='lat' dir='ltr'><strong>tio</strong></span> <span class='ocrx_word' id='word_1_221' title='bbox 308 2027 380 2055; x_wconf 90' lang='lat'><strong>111.</strong></span> <span class='ocrx_word' id='word_1_222' title='bbox 396 2017 593 2068; x_wconf 88' lang='lat' dir='ltr'><strong>prioribus</strong></span> <span class='ocrx_word' id='word_1_223' title='bbox 610 2017 846 2065; x_wconf 83' lang='lat' dir='ltr'><strong>accuratior,</strong></span> <span class='ocrx_word' id='word_1_224' title='bbox 865 2023 904 2057; x_wconf 89' lang='lat' dir='ltr'><strong>et</strong></span> <span class='ocrx_word' id='word_1_225' title='bbox 920 2017 1152 2070; x_wconf 83' lang='lat' dir='ltr'><strong>Appendice</strong></span> <span class='ocrx_word' id='word_1_226' title='bbox 1165 2017 1387 2056; x_wconf 82' lang='lat' dir='ltr'><strong>fabularum</strong></span> <span class='ocrx_word' id='word_1_227' title='bbox 1406 2017 1540 2068; x_wconf 86' lang='lat' dir='ltr'><strong>AEsop.</strong></span> <span class='ocrx_word' id='word_1_228' title='bbox 1557 2016 1602 2055; x_wconf 81' lang='grc' dir='ltr'><strong>Ρ.</strong></span> <span class='ocrx_word' id='word_1_229' title='bbox 1616 2016 1711 2055; x_wconf 85' lang='lat' dir='ltr'><strong>Bur-</strong></span> 
     </span>
    </p>
   </div>
   <div class='ocr_carea' id='block_1_3' title="bbox 156 2080 1163 2133">
    <p class='ocr_par' dir='ltr' id='par_1_8' title="bbox 156 2080 1163 2133">
     <span class='ocr_line' id='line_1_29' title="bbox 156 2080 1163 2133; baseline 0 -13"><span class='ocrx_word' id='word_1_230' title='bbox 156 2106 169 2120; x_wconf 72' lang='lat'><strong>.</strong></span> <span class='ocrx_word' id='word_1_231' title='bbox 239 2080 370 2120; x_wconf 87' lang='lat' dir='ltr'><strong>manni</strong></span> <span class='ocrx_word' id='word_1_232' title='bbox 388 2086 521 2121; x_wconf 83' lang='lat' dir='ltr'><strong>aucta.</strong></span> <span class='ocrx_word' id='word_1_233' title='bbox 560 2081 723 2128; x_wconf 82' lang='lat' dir='ltr'><strong>Isenaci,</strong></span> <span class='ocrx_word' id='word_1_234' title='bbox 745 2082 848 2133; x_wconf 85' lang='lat' dir='ltr'><strong>apud</strong></span> <span class='ocrx_word' id='word_1_235' title='bbox 867 2082 1102 2122; x_wconf 88' lang='lat' dir='ltr'><strong>Wittekind.</strong></span> <span class='ocrx_word' id='word_1_236' title='bbox 1126 2089 1163 2122; x_wconf 87' lang='grc'><strong>8.</strong></span> 
     </span>
    </p>
   </div>
   <div class='ocr_carea' id='block_1_4' title="bbox 235 2144 1711 2777">
    <p class='ocr_par' dir='ltr' id='par_1_9' title="bbox 236 2144 1711 2450">
     <span class='ocr_line' id='line_1_30' title="bbox 290 2144 1708 2186; baseline 0.001 -3"><span class='ocrx_word' id='word_1_237' title='bbox 290 2168 346 2174; x_wconf 86' lang='lat'><strong>—-</strong></span> <span class='ocrx_word' id='word_1_238' title='bbox 364 2144 516 2184; x_wconf 88' lang='lat' dir='ltr'><strong>Eodem</strong></span> <span class='ocrx_word' id='word_1_239' title='bbox 538 2158 640 2184; x_wconf 86' lang='lat' dir='ltr'><strong>anno</strong></span> <span class='ocrx_word' id='word_1_240' title='bbox 658 2146 812 2186; x_wconf 84' lang='lat' dir='ltr'><strong>Phaedri</strong></span> <span class='ocrx_word' id='word_1_241' title='bbox 845 2146 1006 2185; x_wconf 83' lang='lat' dir='ltr'><strong>Fabulae</strong></span> <span class='ocrx_word' id='word_1_242' title='bbox 1025 2147 1142 2185; x_wconf 89' lang='lat' dir='ltr'><strong>editae</strong></span> <span class='ocrx_word' id='word_1_243' title='bbox 1172 2152 1264 2186; x_wconf 90' lang='lat' dir='ltr'><strong>sunt</strong></span> <span class='ocrx_word' id='word_1_244' title='bbox 1283 2147 1324 2185; x_wconf 89' lang='lat' dir='ltr'><strong>in</strong></span> <span class='ocrx_word' id='word_1_245' title='bbox 1345 2158 1458 2184; x_wconf 89' lang='lat' dir='ltr'><strong>usum</strong></span> <span class='ocrx_word' id='word_1_246' title='bbox 1487 2144 1708 2185; x_wconf 82' lang='lat' dir='ltr'><strong>scholarum</strong></span> 
     </span>
     <span class='ocr_line' id='line_1_31' title="bbox 239 2209 1711 2262; baseline -0.001 -13"><span class='ocrx_word' id='word_1_247' title='bbox 239 2209 482 2249; x_wconf 83' lang='lat' dir='ltr'><strong>Gallicarum</strong></span> <span class='ocrx_word' id='word_1_248' title='bbox 525 2222 547 2248; x_wconf 90' lang='lat' dir='ltr'><strong>a</strong></span> <span class='ocrx_word' id='word_1_249' title='bbox 580 2210 618 2249; x_wconf 88' lang='lat' dir='ltr'><strong>J.</strong></span> <span class='ocrx_word' id='word_1_250' title='bbox 649 2211 689 2249; x_wconf 91' lang='lat' dir='ltr'><strong>S.</strong></span> <span class='ocrx_word' id='word_1_251' title='bbox 726 2211 764 2250; x_wconf 87' lang='lat' dir='ltr'><strong>J.</strong></span> <span class='ocrx_word' id='word_1_252' title='bbox 803 2212 846 2250; x_wconf 89' lang='lat' dir='ltr'><strong>F.</strong></span> <span class='ocrx_word' id='word_1_253' title='bbox 882 2211 1137 2250; x_wconf 87' lang='lat' dir='ltr'><strong>Boinvilliers.</strong></span> <span class='ocrx_word' id='word_1_254' title='bbox 1212 2213 1259 2250; x_wconf 89' lang='lat' dir='ltr'><strong>In</strong></span> <span class='ocrx_word' id='word_1_255' title='bbox 1311 2223 1390 2262; x_wconf 82' lang='lat' dir='ltr'><strong>qua</strong></span> <span class='ocrx_word' id='word_1_256' title='bbox 1420 2209 1596 2249; x_wconf 81' lang='lat' dir='ltr'><strong>curanda</strong></span> <span class='ocrx_word' id='word_1_257' title='bbox 1626 2209 1711 2249; x_wconf 87' lang='lat' dir='ltr'><strong>edi-</strong></span> 
     </span>
     <span class='ocr_line' id='line_1_32' title="bbox 236 2274 1708 2321; baseline 0.001 -9"><span class='ocrx_word' id='word_1_258' title='bbox 236 2275 341 2313; x_wconf 88' lang='lat' dir='ltr'><strong>tione</strong></span> <span class='ocrx_word' id='word_1_259' title='bbox 369 2274 424 2313; x_wconf 88' lang='lat' dir='ltr'><strong>ita</strong></span> <span class='ocrx_word' id='word_1_260' title='bbox 437 2279 614 2314; x_wconf 82' lang='lat' dir='ltr'><strong>versatus</strong></span> <span class='ocrx_word' id='word_1_261' title='bbox 634 2280 695 2314; x_wconf 88' lang='lat' dir='ltr'><strong>est</strong></span> <span class='ocrx_word' id='word_1_262' title='bbox 712 2275 852 2321; x_wconf 89' lang='lat' dir='ltr'><strong>editor,</strong></span> <span class='ocrx_word' id='word_1_263' title='bbox 872 2281 915 2314; x_wconf 87' lang='lat' dir='ltr'><strong>ut</strong></span> <span class='ocrx_word' id='word_1_264' title='bbox 933 2276 972 2314; x_wconf 89' lang='lat' dir='ltr'><strong>in</strong></span> <span class='ocrx_word' id='word_1_265' title='bbox 994 2275 1220 2316; x_wconf 84' lang='lat' dir='ltr'><strong>ordinandis</strong></span> <span class='ocrx_word' id='word_1_266' title='bbox 1251 2275 1394 2317; x_wconf 74' lang='lat' dir='ltr'><strong>fabulis</strong></span> <span class='ocrx_word' id='word_1_267' title='bbox 1415 2287 1439 2313; x_wconf 87' lang='lat' dir='ltr'><strong>a</strong></span> <span class='ocrx_word' id='word_1_268' title='bbox 1468 2274 1708 2314; x_wconf 82' lang='lat' dir='ltr'><strong>facilioribus</strong></span> 
     </span>
     <span class='ocr_line' id='line_1_33' title="bbox 236 2338 1706 2390; baseline 0.001 -13"><span class='ocrx_word' id='word_1_269' title='bbox 236 2339 539 2390; x_wconf 86' lang='lat' dir='ltr'><strong>progrederetur</strong></span> <span class='ocrx_word' id='word_1_270' title='bbox 569 2339 619 2378; x_wconf 90' lang='lat' dir='ltr'><strong>ad</strong></span> <span class='ocrx_word' id='word_1_271' title='bbox 659 2338 906 2386; x_wconf 86' lang='lat' dir='ltr'><strong>difficiliores,</strong></span> <span class='ocrx_word' id='word_1_272' title='bbox 947 2340 1099 2379; x_wconf 90' lang='lat' dir='ltr'><strong>omissis</strong></span> <span class='ocrx_word' id='word_1_273' title='bbox 1144 2339 1288 2379; x_wconf 86' lang='lat' dir='ltr'><strong>sabulis</strong></span> <span class='ocrx_word' id='word_1_274' title='bbox 1325 2338 1706 2380; x_wconf 82' lang='lat' dir='ltr'><strong>obscoenis.-Conf.</strong></span> 
     </span>
     <span class='ocr_line' id='line_1_34' title="bbox 238 2409 451 2450; baseline 0.005 -9"><span class='ocrx_word' id='word_1_275' title='bbox 238 2415 302 2442; x_wconf 82' lang='lat' dir='ltr'><strong>an.</strong></span> <span class='ocrx_word' id='word_1_276' title='bbox 335 2409 451 2450; x_wconf 88' lang='lat'>1809·</span> 
     </span>
    </p>

    <p class='ocr_par' dir='ltr' id='par_1_10' title="bbox 235 2464 1706 2777">
     <span class='ocr_line' id='line_1_35' title="bbox 294 2464 1702 2518; baseline -0.001 -12"><span class='ocrx_word' id='word_1_277' title='bbox 294 2473 395 2507; x_wconf 84' lang='lat'>1801</span> <span class='ocrx_word' id='word_1_278' title='bbox 417 2467 572 2507; x_wconf 88' lang='lat' dir='ltr'><strong>Phaedri</strong></span> <span class='ocrx_word' id='word_1_279' title='bbox 594 2467 755 2507; x_wconf 85' lang='lat' dir='ltr'><strong>Fabulae</strong></span> <span class='ocrx_word' id='word_1_280' title='bbox 774 2467 955 2518; x_wconf 87' lang='lat' dir='ltr'><strong>AEsopiae.</strong></span> <span class='ocrx_word' id='word_1_281' title='bbox 988 2468 1085 2506; x_wconf 92' lang='lat' dir='ltr'><strong>Zum</strong></span> <span class='ocrx_word' id='word_1_282' title='bbox 1106 2466 1239 2506; x_wconf 89' lang='lat' dir='ltr'><strong>Behuf</strong></span> <span class='ocrx_word' id='word_1_283' title='bbox 1253 2467 1322 2506; x_wconf 86' lang='lat' dir='ltr'><strong>der</strong></span> <span class='ocrx_word' id='word_1_284' title='bbox 1341 2465 1515 2505; x_wconf 87' lang='lat' dir='ltr'><strong>Schulen</strong></span> <span class='ocrx_word' id='word_1_285' title='bbox 1532 2465 1613 2504; x_wconf 91' lang='lat' dir='ltr'><strong>und</strong></span> <span class='ocrx_word' id='word_1_286' title='bbox 1632 2464 1702 2504; x_wconf 91' lang='lat' dir='ltr'><strong>der</strong></span> 
     </span>
     <span class='ocr_line' id='line_1_36' title="bbox 237 2529 1699 2583; baseline -0.001 -14"><span class='ocrx_word' id='word_1_287' title='bbox 237 2530 399 2583; x_wconf 87' lang='lat' dir='ltr'><strong>eigenen</strong></span> <span class='ocrx_word' id='word_1_288' title='bbox 419 2532 584 2571; x_wconf 86' lang='lat' dir='ltr'><strong>Lectiire</strong></span> <span class='ocrx_word' id='word_1_289' title='bbox 605 2531 937 2583; x_wconf 85' lang='lat' dir='ltr'><strong>herausgegeben,</strong></span> <span class='ocrx_word' id='word_1_290' title='bbox 958 2533 1036 2570; x_wconf 92' lang='lat' dir='ltr'><strong>und</strong></span> <span class='ocrx_word' id='word_1_291' title='bbox 1055 2531 1125 2570; x_wconf 91' lang='lat' dir='ltr'><strong>mit</strong></span> <span class='ocrx_word' id='word_1_292' title='bbox 1143 2531 1360 2570; x_wconf 84' lang='lat' dir='ltr'><strong>deutschen</strong></span> <span class='ocrx_word' id='word_1_293' title='bbox 1378 2529 1699 2581; x_wconf 79' lang='lat' dir='ltr'><strong>Anmerkungen,</strong></span> 
     </span>
     <span class='ocr_line' id='line_1_37' title="bbox 237 2592 1703 2646; baseline -0.003 -12"><span class='ocrx_word' id='word_1_294' title='bbox 237 2596 340 2634; x_wconf 88' lang='lat' dir='ltr'><strong>auch</strong></span> <span class='ocrx_word' id='word_1_295' title='bbox 359 2595 432 2636; x_wconf 89' lang='lat' dir='ltr'><strong>mit</strong></span> <span class='ocrx_word' id='word_1_296' title='bbox 450 2597 575 2636; x_wconf 86' lang='lat' dir='ltr'><strong>einem</strong></span> <span class='ocrx_word' id='word_1_297' title='bbox 593 2595 906 2636; x_wconf 84' lang='lat' dir='ltr'><strong>Woerterbuche</strong></span> <span class='ocrx_word' id='word_1_298' title='bbox 924 2595 1115 2646; x_wconf 80' lang='lat' dir='ltr'><strong>begleitor</strong></span> <span class='ocrx_word' id='word_1_299' title='bbox 1142 2608 1219 2634; x_wconf 89' lang='lat' dir='ltr'><strong>von</strong></span> <span class='ocrx_word' id='word_1_300' title='bbox 1250 2595 1390 2633; x_wconf 86' lang='lat' dir='ltr'><strong>Albert</strong></span> <span class='ocrx_word' id='word_1_301' title='bbox 1418 2593 1565 2632; x_wconf 84' lang='lat' dir='ltr'><strong>Christ.</strong></span> <span class='ocrx_word' id='word_1_302' title='bbox 1599 2592 1703 2631; x_wconf 84' lang='lat' dir='ltr'><strong>Mei-</strong></span> 
     </span>
     <span class='ocr_line' id='line_1_38' title="bbox 237 2657 1706 2713; baseline -0.001 -16"><span class='ocrx_word' id='word_1_303' title='bbox 237 2659 348 2699; x_wconf 84' lang='lat' dir='ltr'><strong>neke.</strong></span> <span class='ocrx_word' id='word_1_304' title='bbox 378 2661 542 2713; x_wconf 86' lang='lat' dir='ltr'><strong>Lemg0,</strong></span> <span class='ocrx_word' id='word_1_305' title='bbox 575 2661 629 2699; x_wconf 89' lang='lat' dir='ltr'><strong>im</strong></span> <span class='ocrx_word' id='word_1_306' title='bbox 659 2661 824 2711; x_wconf 84' lang='lat' dir='ltr'><strong>Verlage</strong></span> <span class='ocrx_word' id='word_1_307' title='bbox 850 2659 921 2698; x_wconf 88' lang='lat' dir='ltr'><strong>der</strong></span> <span class='ocrx_word' id='word_1_308' title='bbox 954 2659 1210 2710; x_wconf 84' lang='lat' dir='ltr'><strong>Meyerschen</strong></span> <span class='ocrx_word' id='word_1_309' title='bbox 1240 2657 1568 2708; x_wconf 85' lang='lat' dir='ltr'><strong>Buchhandlung.</strong></span> <span class='ocrx_word' id='word_1_310' title='bbox 1611 2662 1706 2696; x_wconf 84' lang='grc'><strong>8.-</strong></span> 
     </span>
     <span class='ocr_line' id='line_1_39' title="bbox 235 2722 1705 2777; baseline 0 -16"><span class='ocrx_word' id='word_1_311' title='bbox 235 2723 408 2764; x_wconf 86' lang='lat' dir='ltr'><strong>Textum</strong></span> <span class='ocrx_word' id='word_1_312' title='bbox 426 2725 572 2777; x_wconf 78' lang='lat' dir='ltr'><strong>adjecit</strong></span> <span class='ocrx_word' id='word_1_313' title='bbox 591 2724 732 2773; x_wconf 89' lang='lat' dir='ltr'><strong>editor,</strong></span> <span class='ocrx_word' id='word_1_314' title='bbox 755 2725 804 2764; x_wconf 89' lang='lat' dir='ltr'><strong>de</strong></span> <span class='ocrx_word' id='word_1_315' title='bbox 822 2723 965 2764; x_wconf 81' lang='lat' dir='ltr'><strong>scholis</strong></span> <span class='ocrx_word' id='word_1_316' title='bbox 985 2724 1171 2775; x_wconf 84' lang='lat' dir='ltr'><strong>praeclare</strong></span> <span class='ocrx_word' id='word_1_317' title='bbox 1204 2722 1379 2769; x_wconf 89' lang='lat' dir='ltr'><strong>meritus,</strong></span> <span class='ocrx_word' id='word_1_318' title='bbox 1401 2734 1449 2761; x_wconf 80' lang='lat' dir='ltr'><strong>ex</strong></span> <span class='ocrx_word' id='word_1_319' title='bbox 1478 2722 1705 2761; x_wconf 82' lang='lat' dir='ltr'><strong>recensione</strong></span> 
     </span>
    </p>
   </div>
  </div>
 </body>
</html>
