1806 3236
236 229 330 274 592

238 339 308 371 lum
323 335 431 369 faciat
444 335 565 377 magis.
610 333 754 366 Plautus
782 329 818 365 in
841 342 883 365 ea
904 341 940 364 re

239 372 423 430 aliquando
449 383 652 417 mirabiliter
678 387 842 426 nugatur:
868 382 941 416 Ho-

238 440 345 482 ratius
366 449 499 483 quoque
514 439 549 470 in
563 438 695 480 Satyris
717 442 753 470 et
776 436 942 479 Epistolis

239 492 360 524 eadem
386 496 461 523 arte
490 500 583 532 saepe
603 500 683 522 usus
706 488 783 522 fuit.
827 487 942 529 Hujus

238 542 373 584 generis
403 546 456 573 est
483 541 575 583 apud
604 539 824 573 Terentium:
846 539 856 557 ‘
872 538 942 572 Qui

239 593 370 634 templa
383 592 461 624 coeli
476 601 606 624 summa
629 584 742 624 sonitu
762 588 941 623 concutit.'

238 643 296 676 Ibi
311 643 402 675 enim
417 642 542 675 nebulo
558 642 694 685 quidam
717 642 760 674 ob
786 645 942 682 ereptam

239 694 365 737 puellae
398 694 630 736 virginitatem
668 702 784 734 ovans,
818 692 942 726 Jovem

238 745 335 777 illum
346 744 431 787 opt.
443 745 539 776 Max.
552 744 587 776 in
601 743 733 785 tegulas
746 742 943 784 granditate

239 796 398 830 carminis
413 796 570 829 devocat.
601 795 714 828 Faber.
759 792 945 833 (Ji-andins,

239 851 280 881 ut
308 851 452 890 augeret
480 847 584 879 risum
605 846 641 878 in
666 845 783 878 humili
803 845 867 876 hac
895 852 945 884 re,

240 899 292 931 uti
308 899 397 932 bene
410 899 519 931 Faber
531 898 704 931 observat.
747 897 870 929 Manet
886 905 944 928 au-

240 954 311 982 tem
322 949 356 981 in
369 948 604 982 similitudine.
640 947 806 981 Solebant
820 955 945 988 nempe

239 1000 398 1032 victimas
420 1004 499 1042 post
519 999 697 1038 victoriam
714 998 838 1032 offerre
853 997 945 1031 Diis.

240 1050 331 1084 Vide
349 1050 488 1083 Heliod.
505 1051 597 1084 AEth.
612 1050 672 1083 lib.
691 1059 728 1084 x.
753 1049 860 1089 Schef.

284 1101 479 1143 Immolatos]
506 1101 550 1134 Id
566 1105 630 1142 est,
644 1105 830 1134 mactatos:
850 1112 946 1133 κατα-

240 1154 424 1195 χρησψικῶς.
480 1153 569 1185 Nam
602 1153 783 1185 immolandi
804 1152 945 1185 verbum

241 1203 285 1235 ad
300 1203 468 1235 sacrificia
483 1203 623 1245 proprie
636 1203 800 1245 pertinet.
823 1203 910 1236 Ritt.

287 1257 328 1286 10
352 1254 486 1296 Capacis
495 1255 573 1296 alvi]
595 1254 718 1288 Quod‘
731 1254 947 1287 Barathrum’

243 1305 329 1338 aliis.
373 1305 416 1337 In
436 1304 607 1347 Anonymi
623 1305 707 1338 Fab.
722 1308 776 1346 21..
798 1305 947 1337 clamant

243 1365 336 1388 ranae
352 1367 361 1388 z
385 1358 395 1374 ‘
413 1357 490 1389 Nos
505 1356 629 1398 sepelit
644 1355 788 1389 venter!
812 1355 946 1388 Praseh.

242 1405 299 1438 Ita
314 1405 451 1447 poetica
473 1406 738 1448 exaggeratione
753 1406 849 1448 Virg.
870 1406 946 1438 AEn.

242 1466 293 1489 xx.
321 1459 397 1489 700.
426 1456 516 1490 dixit
545 1458 555 1475 ‘
572 1457 704 1490 Reddit
733 1467 856 1499 specus
880 1456 946 1489 atri

243 1507 394 1540 vulneris
420 1507 547 1540 undam
577 1506 826 1549 Spumantem‚’
857 1511 947 1540 teste

241 1558 372 1591 Servio.
415 1559 462 1591 Et
476 1558 580 1591 Silius
598 1558 752 1599 Italicus,
764 1558 946 1600 Virgilium

242 1608 411 1649 imitatus,
426 1608 485 1641 lib.
501 1619 551 1642 vt.
561 1612 637 1642 276.
655 1610 666 1627 ‘
678 1608 864 1642 Tabificam
878 1608 948 1650 spi-

243 1664 300 1692 rat
323 1660 452 1692 saniem
475 1670 598 1702 specus
622 1659 765 1693 ultima!
788 1660 948 1692 Imitatus

242 1714 280 1743 et
304 1710 527 1751 Prudentius,
553 1712 597 1743 ad
625 1711 723 1753 cujus
752 1711 946 1744 Cathemer-

243 1771 296 1795 vr.
311 1771 362 1794 vs.
379 1765 454 1794 105.
469 1761 539 1794 vid.
554 1762 749 1802 Heinsium,
763 1762 822 1804 qui
845 1761 948 1793 addu-

245 1811 295 1844 cit
308 1821 352 1843 ex
382 1811 511 1853 Hymn.
533 1821 600 1844 vu.
616 1816 656 1844 ut
681 1817 716 1843 et
730 1811 786 1843 hic
802 1811 946 1853 Gudius,

245 1861 256 1880 ‘
268 1860 350 1893 Alvi
369 1861 507 1902 capacis
522 1861 617 1893 vivus
641 1861 796 1893 hauritur
809 1869 914 1902 specu
926 1860 947 1893 :'

246 1916 282 1943 et
308 1911 359 1943 ita
381 1911 585 1953 Lyc‘ophron
613 1920 647 1943 v-
672 1913 746 1943 154.
759 1911 803 1943 de
820 1912 947 1944 Cerere

244 1961 430 1994 mandente
463 1961 604 2003 Pelopis
639 1961 814 1994 humerum
851 1961 948 2003 dicit,

245 2010 436 2052 Ἐτύμβευσε
463 2009 564 2053 τάφῳ,
591 2012 742 2045 Condidit
763 2013 945 2054 sepulchro.
938 2023 947 2032 ·

247 2063 306 2095 ubi
317 2063 433 2095 Tzetz.
445 2064 641 2103 συμβολυιῶς
661 2061 764 2105 τάφον
785 2063 870 2095 dicit
885 2072 948 2105 pro

245 2112 386 2156 γαστέρα
397 2114 558 2156 positum.
603 2113 692 2146 Vide
712 2118 748 2146 et
761 2114 899 2146 Canter.
912 2117 949 2146 et

247 2166 380 2198 Meurs.
409 2165 500 2207 quod
524 2164 650 2197 imitati
671 2164 786 2197 Latini
814 2164 948 2196 Poetae.

247 2215 367 2249 Attius
379 2216 412 2248 in
427 2214 536 2248 Atreo
552 2216 644 2247 inter
655 2214 776 2256 fragm.
791 2225 811 2247 a
825 2215 950 2247 Vossio

248 2268 415 2301 collecta:
448 2277 526 2310 pag.
557 2270 630 2299 106.
666 2268 676 2285 ⁴
694 2267 794 2299 Natis
836 2267 950 2308 sepul-

248 2320 367 2352 chrum
391 2323 444 2352 est
466 2319 539 2361 ipse
559 2317 714 2360 parens:'
738 2322 776 2350 et
804 2318 951 2350 Ovidius

250 2370 340 2402 Met.
367 2378 418 2401 vl.
441 2372 516 2402 665.
539 2369 670 2410 ‘Seque
690 2372 792 2400 vocat
814 2368 952 2400 bustum

249 2418 443 2452 miserabile
457 2418 558 2451 nati!
593 2419 710 2451 Mersit
725 2427 804 2450 vero
816 2419 952 2459 elegan-

250 2474 326 2509 ter;
356 2473 395 2500 nt
410 2469 502 2501 idem
517 2469 623 2511 poeta
645 2469 679 2500 in
702 2468 804 2500 Ibide
819 2471 894 2502 387.
908 2478 953 2500 ex

249 2521 317 2553 Ms.
339 2519 349 2538 ‘
364 2520 414 2552 Ut
436 2528 518 2562 quos
534 2518 698 2555 demersit
712 2522 845 2550 vastum
861 2519 952 2550 Poli-

250 2571 391 2612 pbemus
425 2570 460 2601 in
502 2570 614 2602 alvum
628 2568 649 2601 :'
684 2569 784 2610 vulgo
816 2569 954 2608 demisit,

252 2620 344 2662 quod
376 2620 602 2661 capacitatem
639 2629 707 2651 nou
740 2619 821 2651 satis
848 2623 953 2651 vastae

252 2671 320 2703 alvi
335 2671 511 2712 exprimit.
540 2671 654 2703 Burm-

299 2721 432 2762 capacis
455 2721 519 2753 alvi
548 2721 655 2753 mersit
682 2724 822 2754 tartareo
846 2720 954 2762 specu]

255 2771 360 2805 Hunc
399 2773 514 2805 locum
558 2773 711 2806 imitatur
747 2771 955 2805 Prudentius

701 239 844 271 NOTAE
876 237 1142 270 vARlORUM
1177 238 1230 270 IN

989 333 1115 378 hymno
1140 333 1294 368 Cathem.
1315 342 1381 368 vn.
1411 344 1461 368 vs.
1487 337 1562 369 114.
1598 335 1691 370 ‘Ex-

990 388 1111 425 ceptus
1146 384 1228 416 inde
1262 384 1406 417 beluinis
1429 385 1589 418 dentibus
1603 385 1691 423 'Alvl

990 435 1127 477 capacis
1142 435 1238 468 vivus
1252 436 1407 469 hauritur
1421 436 1549 478 specm’
1576 437 1668 471 Gna.
1685 446 1691 462 ⁰

1036 485 1168 528 Capacis
1193 487 1259 531 alui
1287 488 1395 519 mersit
1421 491 1559 522 tartareo
1584 486 1691 530 spem]

991 537 1121 570 David.
1145 537 1242 571 Psal.
1267 547 1308 571 vr
1329 537 1434 580 Τάφος
1460 537 1652 580 ἀνεῳγμένος
1673 539 1692 571 ὃ

990 588 1108 632 λάρυγξ
1121 588 1232 622 αὐτῶν.
1277 589 1428 632 Optatus
1450 589 1535 624 Afer
1556 590 1691 624 advers.

991 641 1107 673 Parm.
1120 649 1162 672 11.
1186 641 1196 659 ‘
1213 640 1315 673 Unde
1342 640 1450 673 furori
1466 646 1580 675 vestro
1596 646 1694 675 tanta

991 690 1098 724 fames
1121 691 1240 724 innata
1267 696 1331 732 est,
1359 696 1398 725 ut
1424 697 1565 735 guttura
1578 697 1695 727 vestra

992 743 1151 785 sepulcra
1180 743 1337 784 patentia
1363 742 1544 777 feceritis?
1566 744 1695 783 amenis

993 802 1059 836 que
1069 793 1233 835 sepulcro
1247 792 1374 826 sufficit
1394 803 1498 833 unum
1510 791 1654 837 funus,
1649 798 1696 828 et

993 845 1187 877 clauditur.
1224 845 1371 886 gutturi
1379 850 1495 878 vestro
1530 845 1699 878 bonoram

993 895 1117 928 funera
1138 895 1273 928 minime
1301 894 1495 937 sufficiuut;
1526 901 1565 929 et
1585 897 1696 930 adbuc

994 950 1126 990 patent,
1152 946 1232 978 dum
1259 946 1391 989 aliquos
1416 947 1570 989 queritis
1592 947 1699 982 dewi

994 1000 1095 1030 ιιι-ω
1138 995 1345 1030 Artemidor.
1356 997 1563 1032 Oneirocrit.
1579 1007 1606 1032 ι.
1620 997 1698 1045 1τᾷ-

993 1062 1038 1091 μα
1052 1048 1131 1082 ἔοικε
1139 1047 1239 1090 τάφῳ·
1255 1047 1316 1081 ὅσα
1335 1048 1397 1092 ’γὰρ
1408 1049 1448 1082 δν
1460 1047 1559 1089 [λάβοι
1571 1048 1698 1083 'rom-

994 1113 1050 1143 μα,
1076 1100 1237 1142 διαφθείρει
1251 1100 1303 1134 καὶ
1319 1100 1481 1142 φυλάττει.
1524 1101 1696 1144 Principis

995 1151 1112 1185 fiscum
1128 1153 1138 1170 ‘
1153 1152 1344 1194 Charybdis
1355 1152 1508 1195 specum'
1519 1156 1620 1187 vocnt
1630 1153 1698 1186 Pa-

995 1206 1091 1236 catus
1107 1203 1239 1245 Paneg.
1253 1204 1315 1235 Th.
1329 1202 1373 1236 A.
1405 1203 1483 1245 stig.

1037 1253 1114 1285 Alai
1149 1256 1288 1286 tartareo
1322 1255 1429 1297 specu]
1481 1254 1600 1287 Simili·
1622 1252 1697 1288 fere

996 1305 1295 1347 grandiloqueutia
1323 1309 1360 1338 et
1385 1305 1536 1344 δεινότητι
1569 1305 1700 1349 Oppia-

996 1365 1058 1387 nus
1075 1355 1163 1388 Ceto
1176 1355 1297 1388 tribuit
1305 1355 1443 1398 'ympbs
1455 1354 1536 1397 χάος
1544 1353 1698 1390 Halieut.

996 1406 1056 1439 lib.
1072 1417 1102 1439 v.
1119 1416 1170 1438 vs.
1185 1409 1240 1439 52.
1264 1406 1349 1440 stat.

1042 1460 1083 1489 12
1099 1457 1310 1489 Periclitatur·
1319 1458 1499 1498 magnitudo
1506 1458 1701 1502 principum]

997 1508 1122 1541 Similis
1137 1507 1211 1541 fere
1232 1509 1403 1541 sententia
1415 1507 1484 1542 fuit
1499 1518 1602 1550 supra
1616 1509 1641 1541 l.
1655 1517 1699 1542 ιῐ.

998 1559 1024 1592 f.
1040 1563 1072 1592 7.
1092 1560 1103 1578 ⁸
1118 1560 1212 1592 Tuta
1237 1565 1292 1592 est
1320 1560 1495 1592 hominum
1522 1560 1702 1600 tenuitss3

998 1611 1136 1652 Magnae
1164 1610 1294 1656 periclo
1317 1613 1399 1642 sunt
1419 1619 1503 1652 opes
1517 1609 1703 1644 obnoxia-⁹

1000 1660 1180 1693 Contraria
1203 1663 1318 1692 tamen
1344 1660 1424 1693 huic
1447 1662 1613 1703 praesenti
1625 1669 1703 1694 sen·

1001 1712 1109 1744 tentia
1124 1715 1178 1744 est
1201 1712 1292 1753 apud
1321 1711 1503 1744 Horatium
1524 1713 1560 1744 in
1589 1712 1705 1755 Epist.

999 1762 1196 1804 ‘Quicquid
1220 1762 1369 1794 delirant
1394 1763 1519 1804 Reges,
1544 1763 1703 1804 plectun-

1000 1816 1058 1844 tur
1086 1811 1237 1844 Achivi!
1281 1812 1356 1844 Imo
1390 1817 1427 1845 et
1461 1813 1553 1854 apud
1589 1813 1700 1855 ipsum

999 1862 1182 1895 Phaedrum
1211 1872 1312 1904 supra
1334 1864 1358 1896 l.
1385 1872 1410 1895 ι.
1432 1862 1456 1896 f.
1477 1866 1530 1896 30.
1555 1863 1567 1883 ‘
1580 1863 1703 1897 Humi-

1000 1912 1050 1945 les
1064 1912 1234 1954 laborant,
1256 1913 1315 1945 ubi
1333 1918 1494 1955 potentes
1509 1913 1702 1947 dissident!

1001 1963 1086 1995 Ritt.

1042 2013 1249 2054 Magnitudo]
1284 2013 1493 2055 Eleganter,
1483 2024 1492 2034 ·
1526 2017 1612 2055 tum,
1643 2014 1705 2057 ait,

1001 2074 1078 2097 cum
1095 2064 1233 2105 premit,
1256 2064 1447 2106 periclitari
1475 2065 1588 2098 solent
1611 2066 1702 2108 priu-

1001 2115 1108 2157 cipes,
1134 2119 1280 2158 propter
1305 2126 1400 2149 suam
1422 2116 1702 2189 magnitudinem.

1002 2166 1109 2207 Schef.

1048 2222 1088 2251 13
1111 2219 1241 2251 Minuta
1266 2219 1384 2261 plebes]
1419 2219 1532 2252 Miror
1565 2225 1701 2253 veteres

1005 2268 1193 2309 technicos,
1228 2273 1265 2301 et
1300 2270 1561 2302 Rittersliusium
1591 2270 1701 2312 ipsum

1005 2319 1216 2359 existimare,
1247 2319 1282 2351 in
1322 2320 1458 2352 nomine
1483 2319 1588 2362 plebes
1626 2329 1702 2353 esse

1006 2369 1245 2410 archaismum,
1268 2380 1344 2402 cum
1374 2375 1508 2403 certum
1541 2371 1586 2403 sit
1612 2371 1704 2404 Livi-

1005 2429 1062 2452 um
1102 2430 1274 2463 nunquam
1311 2421 1413 2454 aliter
1448 2422 1624 2461 locutum3
1665 2425 1706 2453 ut

1006 2480 1070 2503 nec
1096 2471 1295 2512 Salustium,
1321 2481 1386 2504 nec
1405 2472 1477 2514 ejus
1496 2471 1704 2504 imitatorem

1005 2522 1173 2554 Tacitum.
1197 2522 1312 2555 Faber.
1356 2522 1545 2564 ‘Subjecta
1573 2521 1705 2564 plebes'

1007 2571 1146 2604 Quiuct.
1166 2572 1267 2604 Decl.
1290 2580 1374 2604 xnr.
1390 2575 1421 2604 2.-
1443 2572 1584 2604 Petrou.
1603 2580 1704 2605 xuv.

1005 2622 1015 2639 ‘
1030 2620 1155 2662 Itaque
1171 2622 1316 2662 populus
1330 2621 1479 2653 minutus
1494 2621 1650 2654 laborat!

1048 2671 1178 2703 Minuta
1198 2672 1315 2712 plebes]
1342 2672 1512 2713 'Apxai‘oefbs-
1537 2672 1602 2704 boc
1627 2682 1708 2715 quo-

1006 2732 1090 2764 que:
1124 2726 1162 2753 ut
1190 2722 1317 2754 Ennius
1346 2722 1438 2764 apud
1470 2723 1512 2754 B.
1540 2722 1709 2764 Hierony-

1006 2782 1098 2805 mum
1124 2773 1159 2804 in
1193 2773 1372 2814 Epistolis:
1406 2772 1553 2805 ‘Plebes
1578 2775 1614 2806 in
1641 2774 1704 2806 hoe
