1806 3236
253 197 336 240 186
542 210 742 241 passum
771 211 1084 244 FABULARUM
1117 211 1419 244 AEsopmnnm

735 480 1238 532 EPILOGUS·

250 636 555 679 SUPERSUNT
575 636 698 688 mihi,
719 650 820 692 quae
840 637 1049 689 scribam,
1070 636 1148 680 sed
1168 651 1306 693 parco
1326 639 1500 682 sciens:

249 703 462 755 Primum,
481 716 579 745 esse
597 717 651 746 ne
671 704 752 746 tibi
772 704 926 747 videar
944 704 1184 757 molestior,

249 771 484 828 Distringit
503 783 635 826 quem
655 771 889 814 multarum
907 785 1048 814 rerum
1066 772 1287 826 varietas3

250 838 381 889 Dein,
401 839 440 880 si
460 839 562 893 quis
581 837 734 885 eadem
748 837 863 882 forte
882 839 1032 882 conari
1053 840 1174 892 velit,

249 904 429 948 Habere
445 910 495 948 ut
515 905 663 960 possit
683 905 850 962 aliquid
871 906 1018 961 operis
1039 906 1221 949 residui.
1683 907 1713 949 5

250 972 465 1025 Quamvis
483 974 684 1016 materiae
706 977 828 1017 tanta
849 974 1041 1017 abundet
1060 975 1210 1030 copia,
1493 976 1496 980 '

248 1041 412 1084 Labori
435 1041 558 1084 faber
578 1046 629 1084 ut
649 1041 778 1094 desit,
793 1055 882 1085 non
901 1042 1025 1085 fabro
1043 1043 1185 1086 labor.

293 1146 429 1179 Restant
442 1147 542 1179 adhuc
554 1147 633 1179 mihi
646 1146 860 1190 quaefingam,
878 1156 985 1179 verum
999 1146 1138 1180 abstineo
1153 1157 1214 1180 non
1235 1147 1368 1188 ignarus
1376 1157 1389 1186 ,-
1406 1147 1510 1189 prim
1524 1157 1563 1181 ue
1579 1147 1639 1182 tibi
1650 1148 1712 1182 eim

248 1190 455 1232 importunus,
469 1191 523 1232 qui
535 1190 699 1222 distineris
714 1189 915 1222 multitudine
927 1190 1123 1222 diversorum
1144 1190 1338 1231 negotiorum
1347 1201 1359 1223 .·
1379 1191 1490 1225 deinde
1501 1191 1533 1224 si
1545 1191 1617 1234 quis
1635 1192 1713 1225 velit

239 1230 354 1272 forsan
378 1236 501 1265 tentore
523 1234 640 1272 eadem,
656 1236 692 1264 ut
711 1233 812 1274 possit
825 1232 888 1275 ipsi
901 1242 1058 1274 superesse
1071 1233 1191 1274 aliquid
1203 1233 1336 1266 residue
1350 1233 1492 1266 materia:
1507 1243 1608 1276 quam
1631 1235 1715 1267 scri-

248 1277 328 1309 bat:
351 1277 492 1319 quamvie
507 1280 597 1309 tanta
611 1276 655 1308 sit
669 1275 796 1308 ubertas
806 1275 997 1317 argumenti,
1012 1279 1048 1308 ut
1062 1276 1185 1316 artifex
1204 1276 1285 1308 desit
1306 1276 1405 1319 operi,
1419 1287 1480 1309 non
1493 1287 1569 1320 opus
1583 1277 1713 1322 artifici.

862 1360 1099 1375 euoenoeeee

290 1419 311 1449 2
334 1417 420 1449 Mss.
441 1417 538 1449 Pith.
564 1417 662 1449 Rem.
685 1417 841 1459 Primum,
862 1428 926 1455 esse
952 1418 1013 1453 tibi
1035 1428 1074 1456 ne
1096 1417 1205 1450 videar
1218 1417 1387 1457 molestior,
1399 1415 1490 1460 quod
1504 1416 1590 1449 ferri
1612 1426 1713 1459 posse

247 1459 422 1492 existimat
446 1460 545 1492 Brot.
567 1469 645 1492 cnm
667 1460 769 1493 litera
795 1471 827 1493 m
848 1471 943 1503 saepe
965 1471 985 1494 a
1011 1460 1160 1493 Phaedro
1175 1469 1243 1492 non
1257 1460 1405 1492 elidatur.
1451 1459 1575 1502 Itaque
1593 1459 1715 1501 edidit,

246 1507 324 1545 post
341 1502 562 1537 Neveletum.
605 1502 764 1541 Pithoeus
779 1504 1036 1544 emendaverat,
1051 1503 1209 1544 Primum,
1231 1502 1292 1535 tibi
1306 1512 1372 1534 esse
1385 1512 1424 1535 ne
1437 1512 1467 1534 υ.
1482 1512 1526 1538 m.
1547 1502 1604 1536 cni
1615 1503 1714 1536 obse-

249 1549 402 1588 quuntur
416 1543 510 1578 Gud.
527 1545 729 1588 Hoogstrat.
745 1546 886 1579 Lallem.
919 1546 1098 1580 Bentleius
1112 1545 1268 1588 reponit:
1287 1544 1432 1583 Primum
1444 1550 1510 1582 esse
1523 1544 1630 1578 videar
1642 1556 1676 1581 n.
1688 1548 1714 1580 t.

245 1598 289 1623 m.
312 1588 505 1630 posteriore
519 1588 555 1620 in
570 1588 629 1620 tibi
640 1588 742 1630 longa
756 1599 765 1629 ;
789 1599 889 1632 quam
905 1594 999 1623 trans
1026 1589 1206 1623 ositionem
1228 1589 1444 1620 Burmannus
1459 1591 1560 1630 putat
1572 1588 1715 1625 arbitra-

246 1631 346 1671 riam,
376 1634 413 1664 et
439 1631 578 1663 minime
602 1632 846 1674 necessariam,
871 1642 951 1665 cum
973 1633 1001 1665 ti
1021 1632 1033 1665 i
1061 1632 1096 1665 in
1121 1631 1269 1664 Phoedro
1297 1635 1333 1664 et
1356 1630 1503 1682 produci
1525 1635 1563 1664 et
1587 1632 1715 1675 corripi

247 1674 380 1716 possit:
417 1674 615 1707 Bentieium
639 1678 754 1707 tamen
778 1675 935 1718 sequitur
958 1675 1223 1717 euninghamus.
1277 1673 1406 1707 Hamus
1427 1673 1582 1716 conjicit.
1606 1674 1715 1717 videar

244 1727 302 1757 ego
314 1717 470 1749 molestior
480 1727 491 1749 .-
514 1717 624 1750 nescit
638 1717 869 1759 Burmannus,
882 1729 952 1761 qua
966 1718 1139 1760 elegantia
1155 1721 1216 1750 aut
1236 1717 1454 1750 necessitate.
1498 1716 1715 1759 Lectionem,

246 1769 312 1792 esse
331 1769 369 1791 ne
384 1759 446 1792 tibi
466 1769 497 1791 v.
513 1769 554 1792 m.
577 1759 707 1792 habent
727 1761 844 1793 Ursin.
867 1761 952 1794 Fab.
980 1759 1107 1794 Scheff.
1130 1761 1316 1793 Burmann.
1345 1758 1535 1802 Bipontini,
1550 1759 1619 1792 aiii.
1663 1760 1714 1794 At

247 1811 331 1835 vero
345 1811 414 1834 non
430 1805 559 1846 temere
581 1801 766 1844 rejicienda
779 1808 856 1836 erat
871 1803 1037 1836 librorum
1053 1803 1257 1845 scriptorum
1275 1801 1391 1839 lectio.
1434 1801 1654 1836 Vienna-m.
1669 1804 1713 1837 ad

249 1845 395 1878 Petron.
409 1854 440 1877 c.
457 1847 513 1878 48.
555 1846 724 1878 molestior.
769 1845 922 1879 Gronov.
949 1847 1018 1889 legi
1045 1845 1120 1878 vult
1133 1845 1354 1878 immodestior.
1397 1844 1600 1888 Pei-peram.
1623 1846 1715 1880 Nam

247 1887 463 1933 immodestia
484 1888 643 1921 consistit
657 1888 692 1921 in
715 1889 912 1930 procaciter
924 1888 1078 1965 fetendo
1094 1888 1236 1931 aliquid,
1256 1892 1296 1920 nt
1310 1887 1371 1920 lib.
1385 1896 1428 1920 n.
1444 1886 1515 1920 fab.
1531 1890 1564 1923 1⁴.
1578 1890 1637 1921 15.
1654 1890 1713 1922 ubi

248 1931 397 1964 modesti
424 1935 647 1973 opponuntur
671 1932 826 1974 cupidis;
853 1932 922 1965 nihi
960 1942 1042 1965 vero
1069 1931 1124 1964 hic
1150 1932 1241 1974 petit
1259 1928 1442 1972 Phaedrus,
1465 1930 1526 1965 sed
1551 1930 1716 1967 brevitati

246 1972 316 2007 suae
333 1974 407 2006 vult
421 1974 547 2016 gratias
571 1974 711 2007 deberi:
735 1973 770 2007 id
784 1975 887 2018 *quod
912 1979 1014 2009 acute
1040 1974 1128 2008 vidit
1143 1975 1372 2016 Burmannus,
1381 1972 1461 2007 *fuse
1480 1977 1603 2007 contra
1622 1973 1716 2013 ,Gro-

247 2020 325 2050 nov.
356 2016 610 2059 disputans—3
633 2017 824 2058 Distringit.
861 2018 948 2051 Mss.
969 2018 1064 2051 Pith.
1087 2017 1187 2050 Rem.
1218 2016 1380 2051 Nevelet.
1411 2015 1542 2058 Rigalt.
1570 2020 1604 2051 2.
1623 2015 1714 2057 Feb.

246 2061 390 2093 Lallem.
415 2060 512 2093 Brot.
539 2061 666 2092 Danet.
695 2061 740 2093 al.
767 2060 966 2103 Destringit.
1011 2060 1079 2094 Sed
1106 2059 1164 2093 alii
1187 2060 1315 2096 rectius
1343 2059 1539 2102 Distringit,
1568 2056 1715 2102 proban*

248 2103 340 2136 tibus
356 2103 553 2136 Burmanno
579 2107 620 2135 et·
635 2103 779 2136 Desbill.
827 2103 914 2137 Haec
940 2104 1008 2137 duo
1024 2102 1131 2137 verba
1147 2112 1214 2136 non
1229 2112 1308 2136 raro
1333 2112 1354 2136 a
1376 2101 1524 2136 librariis
1541 2100 1716 2149 confundi,

248 2146 376 2185 docere
399 2150 527 2188 potest„
541 2146 701 2179 Varietas
728 2146 903 2180 Lectionis
924 2147 967 2180 ad
993 2147 1053 2180 lib.
1070 2156 1096 2180 ι.
1125 2145 1196 2180 fab.
1211 2148 1267 2179 29.
1283 2149 1315 2179 2.
1339 2145 1399 2179 lib.
1415 2155 1458 2180 11.
1474 2144 1542 2189 fab.
1554 2149 1587 2178 5.
1604 2146 1657 2180 13.
1680 2151 1716 2183 et

247 2189 310 2222 lib.
332 2198 382 2221 1v.
405 2188 477 2222 fab.
498 2192 531 2221 6.
554 2192 650 2222 1.—5
682 2189 815 2232 Aliquid
839 2189 943 2232 operis
963 2189 1094 2223 residui.
1140 2188 1268 2222 Harius
1291 2188 1421 2222 mavult
1443 2187 1634 2234 residuum„
1679 2190 1716 2231 'ia

249 2232 374 2265 Latine
387 2231 455 2264 dici
471 2241 538 2264 non
554 2241 653 2274 posse
668 2237 800 2275 censet,
814 2233 934 2276 aliquid
953 2234 1054 2274 operis
1069 2231 1185 2273 relicti,
1201 2232 1262 2265 sed
1275 2230 1430 2264 relictum.
1474 2231 1579 2268 Hunc
1593 2231 1636 2267 οδ
1677 2232 1714 2270 u}

250 2279 304 2315 tat
320 2275 571 2307 Burmann-6
593 2275 755 2308 Materioe.
795 2276 880 2309 Mss.
894 2275 990 2310 Pith.
1006 2276 1106 2308 Rem.
1119 2275 1250 2308 habent
1258 2277 1394 2309 nature.
1409 2285 1444 2308 v.
1456 2273 1610 2309 Brotier.
1643 2272 1714 2309 sod

249 2317 383 2352 Gudius
396 2320 520 2364 natura»
534 2327 651 2352 veram
666 2323 703 2351 et
717 2318 899 2360 genuinam
920 2322 1022 2370 putat
1038 2328 1112 2351 esse
1127 2318 1323 2362 lectionem,
1336 2321 1376 2351 nt
1389 2321 1511 2351 natum
1523 2317 1712 2365 taitacqnia

248 2360 341 2394 idem
357 2361 403 2394 sit
415 2359 520 2402 qnod,'
539 2359 552 2379 ‘
562 2361 703 2403 copiosa
725 2370 839 2396 rerum
865 2359 1033 2395 vanetas’
1054 2370 1107 2395 ιν.
1131 2360 1223 2404 Epil.
1237 2362 1271 2395 2.
1292 2363 1416 2394 natum
1430 2369 1567 2405 quoqne
1586 2358 1715 2406 Salma-

249 2403 319 2437 sius
334 2402 540 2446 ascripserat
554 2402 699 2445 mathni
713 2413 735 2437 e
757 2404 842 2437 Cod.
856 2404 925 2438 Ma.
969 2403 1040 2438 s‘ed
1063 2405 1206 2438 Μανία
1219 2401 1372 2449 praefert
1387 2404 1615 2449 Burmannus,
1630 2404 1715 2448 fluia

251 2450 374 2480 auctor
388 2455 431 2478 ea
457 2455 544 2479 voce
559 2450 651 2488 'saepe
666 2446 716 2478 ita
729 2447 852 2479 utitur.
895 2447 1035 2480 Deinde
1050 2451 1175 2480 natura
1188 2450 1287 2480 recte
1307 2447 1318 2465 ⁸
1331 2445 1458 2479 artifex
1471 2442 1632 2481 foecnnda
1644 2456 1716 2483 om·

248 2490 301 2522 nis
315 2489 415 2522 bonoe
429 2489 574 2522 malaeve
588 2488 761 2522 materioe’
783 2489 911 2522 dicitur
924 2491 1002 2522 Val.
1016 2490 1112 2522 Max.
1124 2499 1151 2522 1.
1168 2492 1200 2522 8.
1213 2493 1286 2522 ext.
1300 2491 1355 2522 18.
1369 2497 1438 2522 non
1450 2488 1530 2531 ipsa
1542 2483 1714 2522 materiei.

249 2532 392 2565 materiae
414 2541 496 2564 vcro
509 2531 566 2564 hic
581 2531 724 2574 exigunt
744 2532 927 2574 sequentia
946 2532 1064 2564 Labori
1069 2531 1211 2571 suberat
1229 2532 1324 2572 desit,
1339 2530 1397 2574 qni
1419 2531 1620 2565 mmm
1632 2531 1712 2564 inde

250 2575 385 2608 dictus:
409 2574 546 2607 Reines.
561 2575 672 2608 Clanis.
687 2574 780 2607 Insc.
806 2577 882 2607 1.2.
898 2578 935 2606 et
958 2575 1123 2607 materiam
1149 2575 1287 2616 proprie
1313 2573 1357 2606 de
1383 2573 1443 2606 ino
1466 2573 1572 2616 ligno,
1597 2574 1714 2618 inquo

251 2617 341 2651 fabri
355 2617 525 2658 laborant,
548 2616 629 2658 dici,
649 2621 767 2649 notum
791 2621 859 2650 est.
903 2616 959 2650 Cf.
984 2618 1170 2650 Burmann.
1187 2615 1377 2660 quilaudat
1387 2616 1531 2648 Tennnl.
1546 2615 1591 2648 ad
1606 2616 1713 2650 Pton-

251 2660 314 2694 tin.
330 2669 356 2692 1.
378 2663 412 2693 6.
428 2663 459 2692 l.
481 2663 602 2692 naturoe
625 2664 754 2702 praeter
779 2659 863 2692 alios
887 2659 1029 2692 edidere
1059 2660 1210 2691 Gronov.
1238 2660 1336 2692 Brot.
1355 2695 1358 2697 ,
1378 2657 1450 2699 Sed
1465 2657 1602 2702 ξιτψῐη
1622 2659 1714 2693 Bur·

250 2712 394 2736 mannus
408 2701 452 2735 ad
467 2703 500 2734 h.
516 2703 540 2735 l.
561 2712 581 2735 a
602 2702 775 2735 Brotierio
803 2701 952 2736 Codices
975 2701 1171 2744 confingere
1193 2701 1334 2742 dicitur,
1551 2710 1712 2736 numero

250 2745 399 2778 habeant
419 2745 554 2778 mater-ia
567 2756 581 2784 ,-
601 2755 678 2778 cum
706 2754 817 2778 sermo
833 2745 880 2778 sit
893 2745 1028 2778 innota
1047 2744 1237 2778 Burmanni
1250 2743 1322 2777 del
1341 2751 1344 2753 ·
1401 2775 1435 2794 u.
1492 2780 1495 2781 ⁷
1528 2742 1610 2777 liani
1624 2747 1710 2779 ηδ.

254 2789 266 2807 ‘
279 2798 355 2821 cum
374 2788 521 2821 alterum
547 2787 687 2821 alterius
713 2787 1068 2828 naturamiscendum
1093 2785 1346 2829 arbitraretur:
1374 2783 1438 2820 'irbi
1463 2785 1547 2821 alios
1572 2787 1721 2822 codices,
