1806 3236
211 235 300 278 456

206 340 251 375 ad
281 341 405 375 Claud.
435 340 469 372 in
499 349 541 372 ιι.
573 340 672 372 Eutr.
708 342 785 374 4⁷0.
842 339 911 372 Hic

205 398 321 426 tamen
346 391 457 424 adhuc
478 391 609 433 dubito,
625 401 669 424 an
685 400 752 424 non
770 395 913 433 praestet

203 443 316 477 verbis.
341 443 461 474 Burm.

250 498 289 527 15
313 492 500 534 Magistroe]
525 492 567 525 Id
583 497 649 531 est,
666 492 911 525 consiliatrici:

207 555 301 587 saepe
326 544 477 584 magister
502 553 565 585 pro
589 553 727 576 suasore
743 548 780 576 et
795 548 915 576 autore

206 595 340 629 consilii
355 604 375 627 a
394 594 622 636 scriptoribus
644 595 800 627 sumitur.
831 594 915 627 ‘Te-

205 651 296 679 rent.
321 645 430 677 Andr.
447 654 474 679 1.
488 648 522 678 2.
545 646 556 664 ‘
579 646 664 678 Tum
693 646 721 677 si
744 645 819 688 quis
845 656 914 678 ma-

206 698 349 739 gistrum
362 696 458 738 cepit
472 697 514 729 ad
526 706 601 729 eam
615 707 688 729 rem
701 697 915 739 improbum.’

205 750 253 782 Et
278 749 400 781 Senec.
421 748 561 790 Thyest.
581 748 591 766 ‘
613 749 715 790 Saepe
737 749 771 780 in
793 749 915 791 magis·

208 805 299 833 trum
316 800 447 832 scelera
461 799 640 831 redierunt
654 799 737 832 sua!
760 800 872 833 Burm.

250 852 358 892 Larga
381 850 507 892 divisit]
530 850 683 883 Verbum
699 850 744 882 ad
759 850 916 883 convivia

209 903 401 945 pertinens,
425 911 503 934 cum
529 901 652 943 cuique
676 910 738 933 sua
765 910 846 942 pars
873 910 916 933 ex

211 953 299 987 cibis
323 953 521 997 porrigitur.
577 951 782 984 Petronius:
815 952 824 969 ‘
850 951 916 984 Ac-

673 244 815 276 No'rAE
849 245 1114 278 vARloRuM
1149 246 1199 277 IN

966 348 1101 373 cessere
1123 340 1287 373 continuo
1307 340 1501 382 duoservi,
1522 343 1558 373 et
1580 319 1670 384 tyni·-

966 390 1093 432 phonia
1107 395 1286 432 strepente
1301 392 1445 425 scrutari
1462 393 1595 434 paleam
1605 401 1673 426 eoe-

968 445 1105 483 pernmt,
1114 445 1282 486 erutaque
1295 443 1437 476 subinde
1447 444 1595 486 pavonis
1605 452 1671 488 ova

966 492 1115 525 divisere
1142 494 1293 526 convivis
1304 493 1328 535 ;'
1349 499 1386 528 et
1406 495 1442 527 in
1462 495 1670 537 Fragmento

969 545 1202 588 Traguriano:
1237 547 1247 565 ‘
1269 546 1530 590 Thebaicosque
1554 551 1592 581 et
1615 557 1673 580 ca·

969 601 1086 639 ryotas
1103 597 1146 629 ad
1162 606 1339 630 numerum
1364 598 1512 631 divisere
1536 602 1674 631 coenan-

969 647 1085 681 tibus?
1119 647 1223 687 Sellas.
1279 648 1386 681 Forte
1413 649 1514 690 larga.
1549 649 1673 683 Heius.

968 699 1061 739 Lege
1091 699 1223 739 largam.
1269 697 1353 732 Fal).
1376 700 1410 731 4.
1443 699 1543 741 hujus
1568 699 1670 732 libri:

969 749 979 767 ⁴
994 749 1152 791 Felisque
1168 749 1290 782 catulis
1304 750 1435 791 largam
1451 743 1674 791 praebuerunt

970 799 1117 842 dapem!
1161 800 1282 833 Senec.
1310 799 1426 842 OEdip.
1451 803 1528 833 80¹1.
1550 801 1561 819 ‘
1580 798 1673 835 Quid

969 849 1117 891 flamma,
1154 851 1268 893 largas
1301 850 1420 893 jamne
1458 851 1675 894 comprendit

971 900 1077 942 dapes
1087 900 1110 933 ?'
1133 901 1247 934 Burm.

1015 955 1058 984 16
1081 951 1231 994 Naturoe]
1254 952 1491 987 Fon-tenatiae.
1502 950 1630 987 Heius.

736 1197 995 1242 FABULA
1041 1198 1155 1242 VII.

253 1346 274 1376 2
298 1343 418 1386 Fiscos]
461 1343 742 1377 Rittershusianis
764 1344 854 1377 adde
870 1344 918 1376 H.

212 1394 313 1428 Grot.
329 1395 420 1427 Flor.
436 1395 552 1437 Spars.
565 1394 599 1427 in
611 1396 658 1428 D.
673 1395 717 1428 de
733 1396 753 1430 J
759 1405 818 1428 ure
834 1395 922 1437 fisci,

211 1448 250 1477 et
264 1444 356 1478 Guil.
371 1445 462 1477 Bud.
479 1445 515 1476 in
529 1457 564 1477 π.
587 1445 630 1478 de
646 1444 774 1478 Officio
790 1447 921 1480 Quaest.

211 1495 347 1527 Prasch.
403 1494 533 1527 Notum
558 1495 644 1528 illud
669 1496 785 1529 Taciti
812 1496 922 1538 primo

212 1545 363 1578 Annali:
395 1545 405 1563 ‘
423 1546 514 1578 Fisci
541 1545 583 1578 de
606 1547 815 1589 imperatore
831 1546 924 1588 rapti

211 1596 304 1629 inter
331 1597 428 1638 signa
463 1601 499 1630 et
537 1598 666 1640 aquilas
695 1597 925 1631 veherentur:

214 1647 329 1680 Faber.
377 1646 506 1680 Corbes
529 1652 698 1689 sparteus.
743 1648 832 1680 Vide
849 1648 924 1681 Rit-

212 1697 317 1730 tersh.
346 1701 384 1730 et
409 1707 485 1740 quae
512 1707 573 1730 nos
599 1699 635 1730 in
659 1699 750 1731 curis
766 1698 925 1731 secundis

215 1746 259 1780 ad
275 1748 460 1780 Pacatum.
485 1748 590 1787 Schef.

259 1798 383 1839 Fiscus]
407 1797 489 1831 Juv.
507 1799 581 1831 Sat.
599 1807 675 1831 xlv.
688 1797 828 1831 ‘AErata
839 1799 924 1831 mul-

215 1853 271 1882 tus
296 1849 331 1880 in
356 1858 438 1880 arca
463 1849 609 1881 Fiscus.¹
665 1847 835 1881 Asconius
851 1849 923 1881 ait:

217 1902 228 1919 ‘
246 1900 380 1933 Fiscum
407 1909 480 1932 esse
516 1900 689 1932 sacculum
719 1899 762 1931 ad
789 1899 925 1941 majoris

217 1951 376 1994 pecnniae
416 1957 579 1982 summam
617 1948 846 1992 capiendam,'
890 1954 927 1982 et

218 1996 229 2020 ἰ
247 2001 425 2044 pecuniam
440 2000 636 2043 publicam!
680 1999 778 2033 Alius
790 1999 927 2043 quidam

209 2053 308 2096 fiscos
321 2053 586 2094 interpretatur,
600 2051 752 2085 sacculos
768 2061 813 2084 ex
822 2051 926 2084 corio.

223 2103 311 2136 Gud.

264 2153 375 2187 Fiscos
395 2162 465 2185 cum
486 2152 635 2194 pecunia]
678 2152 792 2193 Nota;
826 2162 929 2194 pecu-

221 2204 313 2237 niam
328 2207 465 2236 veteres
489 2204 522 2235 in
543 2202 676 2243 fiscum,
703 2202 738 2234 id
765 2207 829 2245 est,
854 2213 929 2236 cor-

219 2254 299 2289 bem
314 2258 490 2296 sparteum
513 2253 568 2286 vel
593 2253 789 2294 vimineum,
806 2254 931 2287 conde-

222 2307 320 2347 bant,
346 2305 540 2347 praesertim
575 2314 652 2347 quae
676 2305 813 2347 majoris
839 2310 931 2338 esset

225 2366 378 2397 summae,
395 2366 495 2398 quam
511 2360 550 2388 ut
565 2355 601 2387 iu
615 2355 751 2395 bulgam
768 2365 931 2388 zonamve

224 2411 322 2441 recte
338 2411 375 2439 et
390 2405 569 2439 commode
585 2405 688 2438 condi
703 2410 832 2447 posset.
873 2407 931 2439 Sic

226 2458 300 2491 Cic.
326 2458 427 2490 Verr.
460 2466 502 2489 11.
537 2457 547 2474 ⁴
564 2455 790 2498 Reperiebam
826 2455 929 2488 fiscos

226 2509 422 2550 complures
449 2517 527 2539 cum
554 2506 700 2548 pecunia
718 2505 889 2538 Siciliensi
911 2517 931 2538 a

226 2559 374 2602 quodam
389 2559 554 2591 senatore
581 2557 625 2589 ad
652 2557 812 2599 Equitem
830 2556 928 2589 Rom.

226 2620 302 2642 esse
316 2608 522 2643 translatos!
565 2608 664 2641 Idem
680 2608 780 2640 Verr.
796 2617 830 2640 v.
852 2608 861 2625 ‘
878 2609 931 2640 Ex

227 2661 312 2695 fisco
328 2661 363 2693 in
376 2660 498 2693 cistam
526 2659 704 2701 pecuniam
721 2657 931 2691 transferre?

224 2707 286 2745 *Ad
303 2708 378 2754 vqpae
394 2710 564 2743 Asconius
578 2710 752 2742 Pedianus
765 2708 812 2741 sic
830 2718 932 2741 auno-

232 2765 305 2794 tat:
337 2761 347 2779 ‘
363 2761 514 2802 Sportae,
538 2760 715 2801 sportulae,
747 2758 933 2801 sportellae,

232 2821 405 2846 nummum
427 2815 506 2844 sunt
528 2810 759 2853 receptacula,
773 2813 809 2843 et
827 2809 934 2851 sacci,

971 1343 1114 1384 sacculi,
1129 1342 1282 1384 saccelli,
1296 1346 1332 1376 et
1348 1352 1534 1385 crumenae,
1556 1347 1593 1376 et
1609 1344 1679 1376 vel-

969 1395 1048 1435 leae,
1063 1398 1101 1427 et
1115 1394 1287 1436 manticae,
1299 1398 1336 1426 et
1349 1393 1544 1436 marsupia?
1588 1393 1678 1426 Vide

971 1448 1008 1477 et
1024 1445 1142 1486 Cujac.
1160 1443 1203 1476 ad
1214 1443 1269 1476 tit.
1285 1444 1325 1476 C.
1338 1443 1383 1476 de
1397 1443 1474 1477 Jur.
1486 1444 1576 1477 Fisc.
1591 1443 1679 1476 Rite.

1016 1498 1035 1526 5
1061 1494 1248 1535 Clarumque
1262 1493 1471 1532 collojactam
1486 1492 1680 1526 tintinnaba-

973 1544 1052 1586 lum]
1075 1543 1186 1576 Nimis
1203 1543 1364 1586 profecto
1379 1543 1594 1586 negligentes
1605 1542 1681 1583 fue-

974 1601 1056 1630 runt
1071 1597 1106 1629 in
1124 1595 1352 1630 describendo
1364 1596 1510 1629 Phaedro
1525 1596 1679 1637 librarii:

973 1653 1012 1681 et
1039 1657 1124 1681 ecce
1151 1647 1277 1679 iterum
1302 1646 1359 1680 bic
1383 1645 1552 1688 defectus,
1578 1655 1680 1689 quem

974 1698 1076 1732 facile
1090 1697 1355 1739 animadvertet,
1370 1697 1428 1740 qui
1444 1697 1572 1739 aliquid
1587 1698 1680 1731 naris

973 1749 1089 1781 habet.
1123 1749 1246 1780 Mem.
1291 1746 1515 1779 Consuetudo
1541 1756 1682 1789 suspen·

975 1799 1078 1831 dendi
1101 1797 1307 1830 tintinabula
1321 1807 1365 1830 ex
1390 1797 1486 1830 collis
1499 1797 1682 1837 mulorum,

973 1852 1014 1882 ut
1038 1858 1217 1881 occursum
1243 1857 1362 1880 eorum
1386 1847 1517 1880 evitare
1549 1848 1683 1889 possint

974 1899 1067 1942 equi,
1081 1898 1186 1931 etiam
1200 1897 1302 1930 hodie
1327 1897 1431 1930 durat
1453 1907 1518 1939 per
1542 1897 1682 1931 Italiam

977 1955 1013 1983 et
1029 1949 1188 1982 Galliam.
1231 1948 1322 1981 Vide
1338 1958 1415 1990 quae
1441 1947 1485 1980 de
1507 1948 1592 1990 ipsis
1611 1948 1684 1982 dixi

978 2001 1129 2044 pluribus
1144 2001 1180 2033 in
1195 1999 1255 2033 lib.
1274 2010 1315 2034 11.
1330 2001 1384 2033 De
1409 2000 1463 2034 Re
1487 2000 1686 2034 Vehiculari

977 2062 1007 2085 c.
1033 2054 1066 2085 2.
1098 2062 1132 2094 p.
1155 2054 1211 2084 28.
1237 2060 1348 2093 nuper
1374 2061 1396 2083 a
1417 2061 1471 2083 me
1499 2051 1686 2094 publicato.

979 2101 1081 2137 Quod
1098 2106 1214 2134 autem
1230 2100 1404 2134 Meursius
1418 2101 1475 2133 hic
1491 2106 1610 2142 censet
1624 2103 1688 2134 ali-

979 2153 1060 2196 quid
1077 2153 1211 2194 deesse,
1220 2152 1256 2184 id
1268 2152 1367 2194 quale
1380 2151 1439 2195 sit,
1449 2162 1513 2194 ego
1528 2152 1685 2195 equidem

979 2203 1071 2236 haud
1087 2203 1254 2245 intelligo.
1281 2202 1387 2243 Schef.

1026 2255 1216 2295 Clarumque
1229 2252 1304 2285 cono
1311 2253 1456 2294 jactans]
1478 2252 1629 2286 Avienus
1644 2253 1687 2286 de

981 2315 1065 2339 cane
1081 2303 1152 2337 fab.
1165 2307 1198 2336 7.
1213 2306 1223 2323 ‘
1239 2303 1341 2336 Hunc
1353 2304 1522 2345 domiuus,
1532 2314 1576 2337 ne
1586 2314 1689 2349 quem

983 2356 1140 2399 probitas
1158 2355 1315 2387 simulata
1331 2355 1470 2396 lateret,
1483 2354 1640 2388 Jusserat
1654 2354 1688 2387 in

983 2406 1103 2438 rabido
1129 2409 1268 2448 gutture
1284 2404 1375 2437 ferre
1389 2405 1524 2437 molam.
1567 2404 1688 2438 Fauci-

983 2457 1046 2489 bus
1060 2460 1097 2488 et
1109 2456 1206 2488 nexis
1221 2455 1429 2497 crepitantia
1440 2455 1590 2496 subligat
1605 2464 1688 2496 aera,

985 2508 1071 2541 Quae
1089 2506 1184 2539 facili
1206 2511 1302 2538 motu
1328 2505 1426 2547 signa
1450 2505 1605 2545 cavenda
1629 2506 1688 2538 da-

985 2556 1086 2590 rent!
1130 2556 1208 2588 Alia
1229 2556 1265 2588 in
1285 2555 1373 2588 hanc
1389 2565 1460 2587 rem
1474 2555 1616 2596 collegit
1629 2556 1689 2590 Jo.

986 2608 1126 2647 Savum,
1137 2610 1270 2638 musteo
1285 2606 1319 2637 in
1329 2604 1505 2638 Sidonium
1515 2606 1692 2639 Commen-

986 2657 1075 2691 tario
1101 2657 1144 2688 ad
1172 2657 1232 2688 illa
1258 2655 1384 2688 verba:
1419 2656 1430 2674 ‘
1447 2655 1547 2688 Inter
1569 2666 1691 2699 greges

988 2707 1247 2740 tintinabulatos
1261 2713 1324 2747 per
1340 2706 1485 2747 depasta
1500 2706 1626 2740 buceta
1640 2716 1693 2740 re·

987 2757 1154 2798 boantes,’
1176 2758 1242 2799 Ep·
1257 2757 1318 2789 lib.
1332 2765 1375 2789 u.
1391 2759 1444 2789 11.
1469 2757 1547 2797 Εἰς.

1032 2813 1054 2842 6
1089 2807 1212 2850 Comes]
1258 2807 1358 2841 Alter
1381 2807 1439 2840 ille
1466 2809 1589 2851 mulus,
1614 2818 1691 2843 cum
