1806 3236
330 231 535 266 PHAEDRI
570 231 681 263 ΕΑΒ.
713 229 1017 262 AEsoPIARUM
1052 227 1152 259 mn.
1185 226 1262 259 111.
1295 226 1439 258 PROL.

151 340 202 369 ea-
219 333 379 373 temporc
409 327 550 362 nomine
575 326 699 361 eodem
726 325 858 359 venire.

149 381 245 426 Vide
261 379 400 415 omniuo
421 380 550 421 locum,
573 378 632 411 ubi
660 378 778 411 Caesar
795 387 859 420 pro

150 431 410 470 muribus
443 435 482 470 et
525 430 738 463 delatoribus
773 429 859 472 agit.

148 483 300 529 Egregia
313 483 486 526 Scipionis
513 480 670 514 Africani
693 480 861 523 posterio-

148 535 197 577 ria
212 534 319 577 verba
337 533 382 567 ad
396 532 644 568 Sacerdotem:
667 533 678 552 ‘
696 531 860 566 Lucrifac

73 589 78 593 '
149 586 344 630 cameriam
372 590 502 628 notam,
532 595 577 618 ne
609 594 675 627 ego
705 584 741 617 iu
767 589 861 617 tuam

149 647 332 682 pertonant
356 641 395 671 et
421 636 631 671 accusatoris
647 640 685 670 et
700 636 801 670 testis
824 639 863 670 et

148 691 275 733 iudicis
287 694 404 735 partes
418 690 530 732 egisse
547 688 689 725 videar.’
731 689 791 722 De
806 698 863 722 eo-

151 742 231 779 dem
253 742 384 785 sejano
406 741 548 774 Tacitus
575 740 698 774 Annal.
724 740 784 773 lib.
807 748 861 772 xv.

151 795 163 825 ί,
180 793 491 836 Adsimulabatque
516 792 640 825 indicis
665 796 785 835 partes
802 791 862 825 ad-

150 855 271 879 versus
294 844 492 879 Germanici
522 844 680 887 stirpem,
715 843 862 878 subditis

150 898 209 941 qui
222 901 463 931 accusatorum
474 895 612 929 nomina
628 894 864 928 sustinerent.’

167 985 170 988 ⁴
194 991 291 1032 Aliae
312 989 440 1033 Seiano]
462 990 534 1024 Pro
555 989 657 1031 alius,
675 999 778 1032 quam
803 988 864 1022 Se-

147 1041 272 1084 janus3
293 1042 361 1084 vel,
373 1041 535 1089 awSejauo
550 1040 720 1074 diversus.
738 1039 864 1072 Horat.

151 1094 164 1112 ⁶
182 1093 283 1127 Neve
296 1087 399 1137 putea
412 1092 517 1138 alium
533 1091 691 1134 sapiente
704 1090 864 1133 bonoque

151 1143 316 1177 beatum
336 1140 458 1176 Idem'z
491 1143 502 1162 ‘
521 1142 712 1189 Nea-,alius
741 1141 864 1183 Lysip-

150 1205 199 1238 po
222 1194 370 1228 duceret
394 1205 478 1235 aera,
501 1193 580 1234 &c.'
625 1193 764 1227 Sallust.
788 1195 799 1212 ‘
815 1192 864 1226 A·

152 1243 225 1279 llud
240 1245 331 1279 bello
345 1245 490 1279 mallet.'
513 1245 632 1278 Plaut.
658 1246 669 1265 ‘
687 1245 756 1281 Qui
771 1255 864 1289 quae-

152 1297 201 1339 rit
215 1297 282 1330 alia
295 1296 363 1343 his.
376 1297 504 1330 malum
519 1296 659 1330 videtur
681 1296 863 1340 quaerere!

153 1347 214 1382 Ita
234 1347 284 1381 ibi
309 1352 407 1382 recte
435 1348 545 1382 decus
570 1343 724 1382 nostrum
754 1349 864 1383 Janus

153 1398 357 1439 Guilelmus.
390 1398 516 1442 Schiop.
560 1399 646 1443 Pro,
675 1411 697 1433 a
721 1400 864 1443 Sejano,

153 1450 402 1494 praepositione
423 1451 563 1492 omissa,
576 1451 612 1484 h.
635 1461 667 1485 e.
682 1461 783 1494 quam
805 1452 866 1484 Se-

145 1500 271 1544 ‚isaim
295 1501 387 1544 quod
404 1501 482 1543 jam
496 1502 689 1535 Neveletus
704 1502 865 1535 observa-

154 1553 217 1586 vit.
249 1551 354 1585 Adde
369 1551 553 1585 Heinsium
568 1551 612 1584 ad
626 1552 732 1586 Ovid.
747 1552 866 1586 Amor.

154 1603 210 1646 El.
222 1613 250 1645 1.
263 1606 296 1637 4.
312 1607 346 1637 1.
367 1603 478 1644 &kef-

198 1654 293 1688 Alius
306 1654 420 1696 Seiano
426 1654 534 1698 foret]
547 1655 630 1690 vid.
642 1655 756 1689 Tacit.
774 1655 866 1690 Ann.

153 1715 212 1747 w.
221 1710 260 1739 et
275 1716 311 1740 v.
333 1707 478 1740 Sueton.
492 1707 609 1741 Tiber.
622 1717 698 1749 cap.
714 1710 769 1740 61.
793 1707 865 1740 Dio

155 1766 264 1791 um.
294 1759 349 1791 Eo
377 1768 492 1801 sensu,
513 1769 583 1801 quo
611 1759 738 1792 Horat.
762 1758 865 1799 dixit,

151 1809 164 1859 f
180 1808 281 1847 Alius
295 1809 472 1852 Lysippo?
494 1810 576 1851 Εἰς.

196 1859 292 1894 Alius
317 1860 449 1902 Seiano]
486 1860 531 1894 Id
556 1864 622 1900 est,
652 1860 736 1894 alius
762 1871 864 1905 quam

151 1911 320 1954 Sejanus3
343 1917 384 1945 ut
402 1911 496 1955 apud
508 1911 716 1945 Horatium:
738 1911 750 1931 ‘
766 1911 866 1944 Alius

155 1963 312 2006 Lysippo
325 1962 347 1997 :’
383 1962 475 2006 quod
505 1963 635 2006 primus
672 1963 866 1996 Neveletus

154 2015 301 2048 notavit.
337 2015 385 2048 Et
402 2014 495 2056 apud
509 2014 656 2047 eundem
670 2014 866 2054 Hozatium,

155 2065 166 2084 ‘
187 2063 305 2098 Alium
331 2065 494 2107 sapiente
517 2064 673 2108 bonoque
701 2065 865 2106 beatum,’

155 2116 245 2159 quod
271 2115 378 2149 habet
400 2114 608 2155 Schefferus,
635 2116 694 2158 qui
720 2116 867 2149 remittit

158 2167 203 2204 ad
223 2164 359 2201 Heiusii
383 2172 458 2200 not.
481 2168 525 2200 ad
552 2167 660 2200 Ovid.
678 2167 797 2201 Amor.
813 2168 867 2201 El.

155 2227 182 2252 1.
192 2220 226 2260 ⁴.
241 2221 273 2252 1.
318 2217 389 2251 Sed
403 2228 474 2251 uon
500 2222 635 2251 tantum
650 2218 789 2260 Piietae,
803 2219 866 2252 im-

155 2279 213 2303 mo
238 2269 344 2304 etiam
371 2268 555 2310 Histoi-ici,
583 2269 634 2302 ita
657 2269 864 2312 loquuntur:

155 2318 302 2358 Tacitus
324 2318 413 2353 Anu.
437 2320 535 2353 initio
561 2320 622 2352 lib.
647 2328 728 2353 xvr.
761 2324 771 2339 ⁴
788 2321 866 2354 Nec

155 2369 250 2405 aliud
262 2379 326 2412 per
348 2369 426 2403 illos
449 2370 525 2403 dies
547 2370 702 2413 Populus
717 2371 866 2404 creduli-

108 2463 114 2467 ·
162 2425 249 2464 tate,
268 2420 461 2464 prudentes
487 2421 624 2454 diversa
650 2421 754 2464 fama,
777 2423 866 2456 tule-

156 2472 234 2508 rat!
258 2473 386 2505 Valens
401 2471 580 2505 Acidalius
595 2477 714 2506 notat:
729 2474 739 2492 ⁴
755 2474 866 2507 Recte

155 2533 257 2566 cape,
277 2524 366 2556 uliud
390 2524 598 2562 crudelitate3
627 2524 661 2556 id
686 2528 752 2567 est,
773 2525 867 2557 aliud

155 2584 258 2618 quarn
295 2573 563 2607 crudelitatem!
609 2574 746 2607 Plinius
784 2575 867 2608 Nat.

155 2625 252 2667 Hist.
272 2625 334 2658 lib.
362 2634 401 2658 ιι.
427 2625 471 2657 de
500 2625 600 2658 Deo:
624 2625 634 2642 ‘
657 2625 756 2658 Alius
770 2635 867 2658 mun-

156 2675 225 2709 do!
259 2676 317 2709 Sic
332 2676 368 2708 in
383 2677 426 2709 V.
443 2676 511 2709 Ms.
527 2676 563 2708 id
580 2682 645 2720 est,
660 2678 746 2710 alius
762 2688 866 2722 quam

157 2726 314 2760 mundus.
340 2728 426 2761 Gud.

199 2779 243 2810 42
264 2778 392 2821 andesc]
426 2779 508 2813 Non
528 2789 650 2813 vereor
672 2780 866 2814 rescribere

1478 218 1480 220 ’
1534 214 1623 259 477

909 325 1021 358 index.
1053 323 1124 366 Qui
1138 322 1274 357 Latinis
1287 321 1519 366 scriptoribus
1531 321 1624 356 idem

910 376 1007 409 vaiet
1021 376 1127 419 quod,
1142 375 1288 408 delator.
1321 373 1444 407 Cicero
1460 383 1524 416 pro
1541 373 1624 407 Mu-

911 437 1027 460 raena:
1072 427 1083 446 ‘
1102 426 1277 460 Vallatum
1312 425 1487 466 indicibus
1519 430 1627 468 atque

911 479 1088 512 siccariis!
1131 479 1179 512 Et
1189 479 1374 512 Paradoxo
1384 478 1506 512 ultimo
1517 488 1526 510 :
1541 478 1551 496 ‘
1564 477 1628 512 Vi-

911 530 973 564 det
987 530 1081 564 domi
1097 534 1167 564 tuae
1180 531 1314 574 pariter
1336 534 1574 564 accusatorum
1590 534 1627 562 et

910 581 1066 615 indicum
1078 582 1296 615 consociatos
1311 581 1460 624 greges!
1485 582 1532 613 Et
1546 586 1626 614 tuus

911 632 1109 667 Ausonius:
1141 634 1154 652 ‘
1184 633 1308 667 Indice
1331 643 1387 666 me
1422 642 1539 672 nemo,
1565 631 1629 665 sed

911 694 1024 728 neque
1054 688 1162 726 teste,
1187 684 1304 728 perit.'
1328 684 1458 726 Schiop.
1496 683 1629 717 Scribit

913 736 1119 779 Schoppius,
1133 736 1245 779 index,
1263 741 1301 769 et
1324 735 1482 778 exponit,
1494 734 1629 768 delato-

912 797 996 821 rem.
1041 787 1093 820 At
1107 790 1337 830 praecesserat
1350 787 1394 820 de
1410 790 1630 828 accusatore,

913 838 973 881 qui
989 848 1009 871 a
1031 837 1188 871 delatore
1212 838 1312 880 nihil,
1326 838 1394 871 hoc
1414 837 1449 870 in
1463 838 1542 870 loco
1554 837 1630 880 qui-

914 890 1005 927 dem,
1031 888 1160 922 differt.
1215 889 1311 922 Dein
1338 893 1515 931 repugnat
1542 887 1628 921 ordo

914 940 1110 974 verborum.
1135 940 1314 974 Praecedit
1329 944 1504 981 aemulor,
1517 939 1631 984 sequi-

914 996 972 1026 tur
986 993 1089 1033 testis,
1103 1002 1172 1025 non
1196 995 1314 1034 potest
1330 996 1409 1034 post
1423 991 1514 1023 hunc
1529 991 1629 1024 index

914 1044 1009 1086 poni.
1054 1045 1103 1077 Et
1114 1043 1176 1076 ubi
1195 1040 1530 1083 remanebitjudex?
1560 1042 1629 1086 Igi-

914 1099 974 1128 tur
987 1095 1071 1128 nihil
1083 1100 1193 1129 muto.
1236 1095 1315 1128 Vox
1330 1095 1454 1135 judicis
1478 1095 1546 1127 vim
1568 1095 1629 1127 Se-

907 1147 984 1190 jaui
998 1147 1125 1189 innuit,
1146 1147 1191 1180 ob
1206 1156 1307 1190 quam
1324 1147 1409 1179 satis
1430 1146 1472 1178 ad
1490 1145 1630 1178 damna-

915 1198 1045 1231 tionem
1060 1198 1242 1240 injudicio
1253 1195 1334 1236 fuit,
1350 1207 1371 1229 a
1385 1197 1513 1239 Sejauo
1528 1206 1630 1229 aceu-

914 1249 996 1283 sari.
1018 1248 1129 1288 Scheff.
1171 1249 1268 1282 Male
1292 1248 1501 1291 Schioppius
1519 1248 1631 1281 index.

913 1301 1057 1343 Sejanus
1082 1305 1202 1344 partes
1215 1300 1440 1341 accusatoris,
1465 1299 1579 1340 testis,
1594 1304 1632 1332 et

907 1353 1037 1396 judicis
1054 1353 1238 1394 sustinuit,
1253 1358 1292 1386 et
1313 1353 1349 1385 in
1371 1352 1517 1386 Ausonii
1542 1353 1632 1395 loco,

914 1413 1016 1447 quem
1039 1405 1139 1446 citat,
1151 1404 1299 1447 legitur:
1323 1406 1333 1423 ⁴
1349 1404 1477 1438 Judica
1499 1414 1555 1436 me
1570 1414 1631 1438 ne-

914 1465 984 1497 mo,
1007 1455 1070 1488 sed
1093 1465 1206 1499 neque
1232 1459 1326 1488 teste
1352 1455 1471 1498 perit!
1510 1455 1630 1488 Heius.

915 1505 1019 1539 Adde
1035 1506 1147 1539 locum
1170 1506 1283 1539 Taciti
1306 1505 1398 1539 Anu.
1420 1515 1470 1539 1v.
1490 1509 1546 1540 59.
1573 1506 1633 1539 ubi

915 1557 1034 1599 sejani
1059 1557 1095 1589 in
1116 1556 1314 1590 Germanici
1343 1557 1489 1600 stirpem
1515 1557 1632 1591 odium

918 1608 1042 1641 refert.

959 1660 1071 1693 Judex
1095 1660 1177 1693 clius
1206 1661 1355 1703 denique]
1395 1661 1484 1694 Rem
1506 1661 1632 1704 judicii

916 1720 987 1744 nou
1003 1710 1103 1752 fecit,
1117 1712 1176 1755 qui
1191 1717 1326 1747 mutare
1341 1723 1443 1746 ausus
1460 1719 1528 1747 est.
1551 1714 1633 1755 Εἰς.

959 1762 1003 1794 43
1026 1761 1190 1804 Dignum]
1224 1763 1315 1797 Quia
1331 1767 1474 1805 paterer
1489 1768 1634 1806 propter

917 1811 1089 1854 ejusmodi
1116 1813 1283 1856 aliquem,
1305 1815 1402 1856 cujus
1428 1815 1502 1848 vita
1527 1815 1635 1848 fortu-

917 1872 1031 1906 naque
1047 1869 1236 1906 merentur,
1247 1869 1287 1898 ut
1298 1865 1407 1908 ipsius
1424 1866 1535 1908 gratia
1549 1867 1634 1910 quid

917 1913 1081 1948 feramus.
1138 1917 1257 1959 Nunc,
1287 1918 1364 1960 quis
1399 1922 1454 1950 est
1488 1918 1635 1959 Seianus,

918 1976 1009 1999 unco
1023 1967 1126 2008 paulo
1143 1973 1227 2000 ante
1239 1969 1394 2001 tractus?
1416 1968 1496 2002 Hoc
1508 1970 1634 2012 opinor

917 2018 1022 2050 velle.
1043 2018 1151 2058 Sches.

963 2067 1076 2100 Tantis
1095 2068 1204 2112 malis]
1231 2070 1362 2102 Cunctis
1388 2070 1571 2112 legendum
1588 2071 1636 2103 vi-

918 2117 1024 2150 detur
1039 2119 1182 2160 Guyeto
1197 2130 1208 2159 ς
1231 2120 1266 2152 id
1283 2125 1348 2162 est,
1363 2118 1520 2161 σύμπασι.
1544 2122 1631 2155 Gud-

961 2171 1004 2201 44
1020 2168 1215 2211 Delinirem]
1235 2171 1439 2212 Legendum
1451 2172 1634 2206 delenirem.

920 2218 1045 2253 Horat.
1059 2220 1128 2253 Od.
1144 2230 1202 2253 ιιι.
1220 2224 1252 2253 1.
1269 2222 1279 2239 ‘
1293 2222 1396 2256 Quod
1414 2223 1444 2255 si
1458 2223 1634 2256 dolentem

918 2280 983 2302 nec
1000 2271 1172 2313 Phrygius
1187 2272 1290 2314 lapis,
1312 2272 1387 2305 Nec
1404 2282 1632 2316 purpurarum

918 2321 1032 2354 sidere
1049 2322 1174 2354 clarior
1191 2323 1339 2355 Delenit
1354 2323 1455 2356 usus.'
1493 2325 1573 2358 vid.
1590 2326 1634 2357 ad

918 2373 1086 2407 Quinctil.
1104 2373 1193 2406 lust.
1209 2383 1244 2406 ν.
1262 2377 1295 2407 8.
1317 2374 1433 2409 Burm.

959 2427 1002 2457 45
1027 2425 1226 2468 Suspicione]
1247 2426 1444 2459 Secundam
1468 2428 1504 2460 in
1524 2427 1635 2470 Suspi-

917 2476 1003 2509 cione
1032 2487 1095 2518 per
1126 2476 1298 2509 diastolen
1334 2477 1511 2519 producit.
1570 2479 1635 2512 Est

917 2532 1033 2559 autem
1050 2528 1145 2561 locus
1158 2528 1214 2559 hic
1231 2528 1376 2560 eximius
1399 2529 1443 2560 ad
1459 2529 1636 2563 declaran-

917 2577 995 2610 dam
1026 2578 1232 2621 suspicionis
1261 2578 1425 2611 indolem.
1469 2579 1546 2621 Cui,
1566 2591 1634 2622 quo

916 2630 1067 2672 penitius
1092 2629 1361 2670 intelligeretur,
1383 2630 1459 2663 haec
1476 2630 1636 2664 addenda

916 2682 1047 2716 censui.
1092 2682 1302 2724 Suspicionis
1327 2682 1394 2714 tria
1416 2683 1552 2725 reperio
1574 2694 1632 2726 ge·

916 2742 1020 2765 nera:
1057 2732 1205 2774 primum
1234 2733 1434 2775 ingenuum,
1471 2735 1556 2767 utile
1595 2740 1633 2771 et

916 2783 1139 2825 laudandum,
1161 2784 1218 2817 cui
1242 2783 1428 2826 prudentia
1449 2791 1562 2819 mater
1577 2791 1632 2819 est
