1806 3236
398 207 602 242 PHAEDM
637 207 695 240 ΕΑ
706 208 745 240 B.

154 302 396 350 meni
410 302 603 346 periculum
616 312 685 336 nou
701 303 748 336 sit
762 303 867 337 etiam

153 354 388 401 *ml
431 355 526 389 Hine
543 356 692 390 Groecus
707 358 766 391 ille
792 367 870 391 ver·

154 418 252 454 m
262 406 393 444 ‘lum
416 407 476 442 ab
499 406 635 452 μύρμηκι
668 408 727 442 κᾶν
763 408 870 454 σέρφῳ

155 457 256 505 ffl-
273 458 360 494 Neo.
464 471 467 476 ·

176 514 224 554 3
248 510 356 546 Pam
390 511 535 554 solertia]
572 513 693 553 Forte,
719 512 868 546 solertia.

155 545 303 601 mh.
345 561 405 596 Ita
419 562 545 596 Cicero
558 573 623 607 pro
639 564 761 604 Balbo,
775 565 870 597 Pm-

154 614 223 651 ῆι
248 617 359 658 ,ἀπο
389 616 593 658 usurpavit:
627 616 638 635 ‘
664 616 870 660 Injuriosum

154 670 226 710 eet,
240 666 293 700 liis
307 667 460 710 praemiis
480 667 640 701 exclusos
656 678 731 702 esse
746 667 873 701 fidelis-

152 718 258 759 simos
276 718 401 760 socios,
415 729 492 767 quale
520 723 666 761 pateant
681 719 871 762 stipendia-

154 769 230 812 riis,
246 774 394 813 pateant
419 770 590 813 hostibus,
606 776 751 814 pateant
775 781 872 814 saepe

152 821 290 857 nervis-¹
313 821 421 862 &kf-
465 823 685 856 Facilitatem
710 824 777 856 hoc
799 833 873 856 ver-

155 874 239 908 bum
277 878 390 908 notat.
434 873 494 908 Ita
527 875 648 908 Livius
678 884 786 908 xxxv.
816 878 871 909 37.

152 929 164 948 ‘
194 928 541 962 'Animadverterunt
574 929 660 962 nulli
698 929 874 963 occasioni

154 978 288 1013 fraudis
313 979 508 1013 Romanum
533 983 681 1023 patere!
712 981 805 1015 Just.
830 989 873 1014 11.

154 1034 190 1065 Α.
226 1032 236 1050 ⁸
253 1030 293 1074 Si
319 1031 530 1067 Orneon-um
558 1041 629 1065 non
661 1036 732 1065 tam
764 1032 875 1075 bellis,

157 1092 262 1126 quan
277 1082 410 1126 rapinis
424 1087 571 1126 pateant
582 1082 604 1116 :’
629 1087 666 1116 et
681 1084 730 1117 ita
745 1083 756 1102 ‘
769 1084 873 1117 Puel-

157 1134 212 1168 la·
237 1133 320 1167 viris
344 1133 492 1176 μασι-οξ
517 1143 561 1167 ex
585 1134 716 1167 ovidio
738 1140 776 1167 et
799 1135 874 1168 aliis

155 1184 278 1219 docuit
299 1184 424 1218 Heins-
451 1182 498 1217 ad
520 1185 717 1218 Nasonem:
754 1185 871 1219 Amor.

155 1244 200 1271 ιι.
217 1235 270 1269 m.
288 1235 351 1269 ulr-
364 1237 422 1268 21.
437 1237 475 1268 et
488 1234 572 1268 Art.
583 1245 609 1268 ι.
623 1239 680 1268 64.
703 1236 821 1269 Burm.

199 1287 220 1319 8
235 1285 391 1328 ΜΝ]
406 1285 554 1328 Proprie
569 1286 615 1319 de
624 1291 732 1330 raptu
747 1287 874 1329 avium,

155 1337 241 1380 quia
264 1345 383 1370 seeum
409 1334 536 1370 tollunt
556 1337 599 1370 iu
616 1337 775 1372 sublime.
821 1338 876 1371 Ex

154 1386 304 1431 Virgilio
317 1387 396 1422 AEu.
410 1396 465 1422 xx.
487 1387 498 1406 ‘
515 1389 638 1424 Qualis
664 1389 724 1422 ubi
751 1395 812 1422 aut
827 1390 876 1422 le-

156 1450 292 1485 porem,
305 1445 367 1477 aut
381 1441 548 1475 candenti
564 1452 711 1485 corpore
727 1452 878 1486 cygnum

157 1491 321 1534 Sustulit,
350 1492 423 1526 alta
451 1496 578 1534 petens
606 1493 753 1536 pedibus
778 1493 878 1527 Jovis

158 1543 310 1586 “miger
324 1543 446 1578 unciae
467 1542 575 1584 Schef.

121 1599 129 1607 ‘
201 1596 224 1627 4
249 1594 378 1637 Ponit]
399 1594 485 1628 Dixi
509 1604 617 1639 supra
637 1606 713 1640 cap.
729 1600 784 1630 26.
799 1601 880 1639 post

154 1644 255 1688 ,nub
276 1654 411 1679 comma
425 1650 481 1679 est
507 1647 739 1681 scribendum.
787 1647 879 1680 Nam

158 1696 312 1730 suberat
334 1706 414 1730 cum
436 1698 556 1740 posuit,
580 1703 620 1737 uz
645 1709 770 1742 supra:
793 1700 803 1718 ‘
821 1699 879 1732 Illi

156 1747 322 1790 liquidam
333 1747 490 1790 posuisse
501 1749 753 1783 sorbitionem?
773 1749 878 1789 Scires.

159 1798 268 1832 Forte
278 1798 434 1841 apponit.
458 1799 518 1833 Sic
529 1800 539 1818 ‘
553 1800 581 1832 A
587 1801 736 1843 ppositae
750 1796 879 1844 dapes?

161 1850 280 1885 Hans.
301 1849 461 1894 Appmit
488 1851 524 1884 in
537 1851 645 1885 nidum
661 1851 766 1886 habet
787 1852 879 1886 Ano-

158 1910 255 1944 uym.
283 1901 477 1935 Nielautii:
507 1902 592 1935 nihil
618 1907 732 1936 tamen
758 1908 877 1938 muto:

161 1962 261 1996 nque
277 1953 368 1987 enim
379 1953 506 1995 poeieae,
517 1958 623 1996 atque
638 1954 806 1998 apposita,
816 1954 880 1994 ,da-

162 2013 226 2047 pes
240 2003 416 2038 dicuntur.
438 2004 558 2037 Bam.

209 2054 327 2087 Euam
350 2058 388 2088 ut
412 2055 593 2097 carperem]
618 2055 703 2098 Pro,
726 2066 800 2097 eos,
815 2066 881 2099 qno

163 2115 244 2138 esca
259 2110 390 2138 essent.
438 2106 574 2148 Carpere
589 2110 656 2148 est,
672 2107 883 2149 discerpere,

165 2162 422 2200 usurpaturque
447 2157 493 2190 de
519 2158 614 2199 cibo,
638 2158 729 2191 sicut
755 2159 810 2191 vel
837 2168 883 2191 ex

165 2208 268 2241 titulo
290 2209 301 2227 ‘
318 2208 539 2251 Carptorum'
565 2209 659 2251 apud
674 2209 882 2243 Juvenalem

164 2261 239 2294 Sat.
265 2269 318 2294 u.
343 2270 392 2294 vs.
421 2264 473 2294 lo.
508 2260 742 2303 intelligimus.
777 2261 883 2295 Ovid.

165 2311 243 2344 Art.
262 2310 340 2345 Am.
354 2321 413 2345 ιιι.
429 2314 506 2345 756.
528 2312 538 2331 ‘
550 2312 666 2355 Carpe
683 2313 778 2346 cibos
794 2312 883 2355 digi-

166 2363 225 2403 tis,
233 2367 288 2396 est
297 2362 461 2406 quiddum
474 2368 593 2406 gestus
606 2363 758 2397 edendi!
775 2363 882 2405 Schef.

166 2414 261 2456 Lege
276 2418 431 2457 carperet.
454 2415 578 2449 Heius.
608 2415 716 2449 Ovid.
732 2415 810 2449 Am.
826 2425 884 2450 ιιι.

166 2475 221 2499 vs.
234 2468 290 2500 2⁷.
313 2467 324 2486 ⁸
341 2467 460 2510 thue
482 2468 606 2509 procul
623 2467 713 2500 vidit
738 2477 884 2510 carpen-

167 2521 221 2551 tes
243 2518 371 2560 pabula
387 2524 506 2552 tauros
521 2530 530 2551 :
555 2519 779 2562 (Carpebant
794 2520 886 2552 tauri

169 2569 298 2612 pubal:
319 2570 403 2603 laeta
430 2569 590 2613 procul.)'
623 2571 678 2603 De
700 2571 796 2603 vario
822 2581 886 2603 usu

169 2620 267 2656 verbi
282 2630 409 2664 carpere
424 2621 496 2654 vid.
522 2621 680 2655 Lambin.
696 2622 739 2655 ad
756 2622 884 2655 Horat.

172 2670 245 2704 od.
259 2681 286 2705 1.
302 2675 356 2706 11.
377 2673 497 2706 Burm.

213 2725 236 2756 6
259 2723 445 2767 Per-secuta]
468 2726 580 2758 Notat
605 2725 890 2769 sollicitudinem,

174 2777 211 2807 et
237 2772 505 2810 festinationem.
527 2777 612 2809 Ter.
640 2777 778 2810 Phorm.
805 2776 887 2810 Act.

172 2825 307 2859 nnec.
328 2828 364 2858 8.
384 2827 395 2846 ⁴
421 2828 570 2871 Quoquo
588 2827 669 2862 hinc
693 2828 888 2871 asportabi-

264 2879 380 2922 Daph.
393 2884 424 2914 ct
442 2881 517 2915 ναν.
532 2883 618 2917 clas.

778 208 1084 241 AEsopmnuu
1122 208 1215 240 ms.
1247 206 1280 241 1.
1311 198 1384 242 28.

882 2883 1012 2916 Phaedr.

1545 198 1634 242 417

920 308 978 337 tur
1003 308 1188 348 terrarum,
1215 303 1428 340 certum‘est
1447 304 1635 350 persequi!

920 355 1033 396 Schef.

967 408 1071 440 Orare
1084 407 1215 451 incipit]
1237 411 1463 452 Φιλοσοφυεῶς.
1496 409 1636 442 Bellum

921 459 1125 503 praecedere
1149 460 1258 494 debet
1285 461 1482 504 clarigatio.
1528 460 1637 504 Apud

922 511 1137 544 camdenum
1167 512 1245 555 lego
1276 512 1369 546 Hist.
1399 512 1484 547 Elis.
1505 512 1549 545 P.
1577 521 1638 546 111.

921 572 958 605 p.
973 564 1050 595 364.
1071 563 1082 582 ‘
1100 562 1287 596 Christiani
1302 573 1370 596 non
1387 567 1455 606 est,
1479 572 1545 596 nec
1554 562 1638 606 jure

922 616 1077 658 gentium
1092 616 1188 658 licet,
1202 616 1351 650 indictas
1367 616 1563 650 inimicitias
1579 626 1639 650 ex·

923 677 1057 709 ercere,
1072 671 1109 700 et
1125 667 1253 700 bellum
1279 678 1416 711 gerere,
1434 668 1638 712 priusquam

922 718 994 758 ille,
1011 728 1030 751 a
1046 728 1115 762 quo
1130 719 1258 761 injuria
1280 725 1335 752 est
1350 723 1441 761 orta,
1455 723 1639 752 moneatur

921 770 1054 803 illatam
1080 771 1241 813 injuriam
1267 771 1448 814 resarcire,
1473 774 1511 804 et
1531 770 1575 803 ab
1590 769 1641 803 in-

917 821 1015 864 juria
1040 821 1236 854 absistere)
1281 822 1363 855 Non
1392 825 1518 864 repeto
1541 821 1640 854 dieta

923 873 1050 906 Grotio
1065 873 1102 907 J.
1116 873 1160 907 B.
1176 879 1213 906 et
1229 873 1271 907 P.
1284 882 1343 906 ιιι.
1358 876 1390 906 2.
1404 875 1438 906 8.
1451 871 1533 906 Alb.
1543 872 1639 905 Gen·

924 924 978 957 tili
999 925 1034 958 J.
1059 925 1102 957 B.
1116 933 1158 957 11.
1181 926 1213 957 1.
1237 923 1355 967 Lipsio
1373 923 1451 958 Pol.
1475 931 1513 957 v.
1535 925 1569 957 4.
1585 924 1640 955 13.

922 976 1060 1008 Prosch.

966 1031 989 1060 6
1012 1029 1151 1061 Luctum
1160 1027 1362 1070 importaret]
1387 1025 1553 1060 Afferret.
1583 1025 1643 1059 Ita

924 1079 1027 1122 plane
1055 1080 1170 1113 Cicer.
1209 1080 1219 1098 ‘
1242 1079 1479 1122 AEgritudines
1513 1078 1644 1120 impor-

924 1131 1013 1164 tare'
1023 1131 1114 1164 dixit
1127 1131 1230 1164 Tusc.
1245 1134 1277 1164 4.
1290 1136 1327 1164 et
1342 1140 1407 1174 pro
1417 1131 1516 1163 Sext.
1531 1130 1542 1147 ‘
1552 1129 1644 1162 Tau-

924 1187 995 1216 tam
1016 1183 1205 1225 importare
1220 1183 1306 1216 meis
1321 1181 1560 1215 defensoribus
1587 1189 1643 1214 ca·

923 1233 1144 1267 lamitatem.'
1173 1233 1281 1273 Schef.
1336 1233 1419 1267 vid.
1445 1232 1643 1274 Schulting.

925 1286 970 1319 ad
997 1287 1120 1320 Senec.
1141 1286 1280 1319 Suasor.
1303 1295 1347 1319 11.
1372 1289 1422 1327 et,
1443 1288 1484 1317 ut
1506 1283 1645 1316 notavit

926 1338 1032 1371 etiam
1048 1337 1344 1380 Hoogstratanus,
1359 1336 1481 1370 Heius.
1496 1335 1540 1369 ad
1551 1335 1644 1368 Veli.

927 1389 1108 1423 Paterni.
1125 1392 1202 1422 114.
1218 1389 1280 1422 ubi
1295 1393 1416 1422 tamen
1442 1388 1556 1421 minus
1587 1395 1648 1429 ap·

928 1445 966 1474 ta
993 1442 1054 1474 illa
1078 1441 1240 1483 exempla
1263 1440 1471 1474 illustrando
1496 1437 1646 1472 Velleio.

928 1493 1045 1526 Burm-

973 1543 1182 1585 Importaret]
1205 1543 1331 1576 Cicero
1353 1543 1458 1576 Tusc.
1482 1545 1516 1575 4.
1548 1541 1560 1561 ‘
1575 1541 1646 1575 Im-

929 1599 1075 1637 portant
1101 1593 1327 1636 aegritudines
1351 1594 1470 1627 anxias
1484 1593 1506 1627 ι’
1539 1596 1577 1626 et
1601 1592 1647 1626 de

929 1647 1042 1681 Finib.
1069 1656 1096 1679 1.
1128 1647 1139 1665 ‘
1153 1645 1413 1679 Sollicitudines
1437 1645 1648 1687 importaret

929 1698 1018 1732 sibi.'
1057 1699 1163 1732 Orata
1192 1707 1256 1740 pro
1286 1697 1383 1730 Sext.
1414 1697 1425 1716 ‘
1448 1697 1648 1738 Importare

929 1748 1171 1782 defensoribus
1195 1746 1456 1781 calamitatem!
1486 1747 1587 1779 Verr.
1614 1749 1648 1779 5.

929 1801 939 1819 ‘
957 1801 1044 1833 Plus
1059 1801 1188 1833 Verres
1211 1800 1341 1832 Siciliae
1363 1797 1569 1832 calamitatis
1585 1797 1648 1830 im·

929 1851 1096 1894 portavit,
1111 1861 1214 1894 quam
1238 1850 1438 1889 Hasdrubal
1454 1858 1533 1881 cum
1549 1857 1650 1882 exer-

930 1903 1027 1936 citu!
1050 1901 1123 1936 Off.
1145 1903 1208 1936 lib.
1230 1911 1272 1936 11.
1295 1905 1305 1920 ‘
1322 1901 1460 1944 Siquid
1485 1901 1650 1943 importe-

931 1958 987 1987 tur
1003 1954 1104 1987 nobis
1121 1953 1352 1987 incommodi!
1382 1953 1595 1986 Delectatur
1610 1958 1654 1984 ea

930 2005 1047 2047 phrasi
1058 2005 1200 2046 Cicero;
1223 2014 1302 2037 raro
1317 2008 1432 2037 autem
1446 2003 1538 2046 apud
1554 2003 1650 2045 alios,

930 2056 1147 2099 frequentius
1161 2055 1254 2097 apud
1281 2060 1418 2087 veteres
1435 2054 1650 2087 Christianos

932 2108 1135 2149 scriptores,
1157 2106 1343 2148 reperitur.
1377 2105 1510 2139 Arnob.
1536 2106 1596 2139 lib.
1622 2114 1648 2138 1.

931 2160 941 2177 ‘
957 2158 1225 2191 Exterminandi
1241 2167 1369 2200 sumus,
1383 2157 1411 2190 si
1428 2167 1493 2199 per
1513 2166 1575 2190 nos
1592 2166 1651 2188 ex-

933 2211 1049 2243 amina
1061 2214 1162 2243 tanta
1175 2219 1358 2242 moerorurn
1375 2209 1574 2242 mortalium
1589 2208 1652 2240 im-

934 2266 1073 2304 portata
1089 2266 1170 2293 sunt
1196 2259 1356 2293 saeculis.’
1390 2259 1576 2302 Augustiu.
1592 2258 1652 2292 lib.

934 2322 975 2346 11.
992 2323 1027 2356 q.
1043 2314 1097 2345 82.
1120 2313 1130 2330 ‘
1144 2310 1388 2344 Adhibeantur
1417 2315 1455 2343 et
1478 2321 1499 2343 a
1513 2309 1651 2343 medico

934 2363 1091 2408 quaedam
1109 2362 1295 2405 adjutoria,
1310 2362 1513 2405 plerumque
1529 2370 1654 2404 aspera

934 2419 972 2448 et
1001 2414 1138 2447 dolores
1166 2412 1404 2455 importantia,
1430 2422 1508 2455 quae
1535 2416 1652 2444 tamen

934 2468 1053 2501 valent
1087 2466 1132 2499 ad
1172 2465 1444 2508 recuperandam
1481 2461 1654 2497 salutem.’

935 2520 1090 2553 Portaret
1107 2523 1222 2551 tamen
1249 2521 1369 2561 posset
1384 2516 1455 2559 legi
1482 2515 1527 2548 ad
1541 2514 1655 2547 imita·

936 2571 1067 2604 tionem
1095 2570 1233 2612 Virgilii
1262 2570 1296 2602 in
1327 2568 1443 2601 Ceiri:
1475 2568 1487 2586 ⁴
1514 2566 1654 2600 Insanae

935 2623 1068 2655 luctum
1085 2625 1245 2665 portaret
1261 2618 1445 2653 alumnae)
1488 2618 1557 2651 Ubi
1573 2617 1659 2649 Sca-

936 2675 1023 2715 liger
1050 2684 1083 2716 p.
1110 2676 1164 2706 68.
1194 2677 1306 2714 notat,
1330 2673 1396 2704 hoc
1424 2670 1560 2704 Graecis
1585 2668 1656 2702 dici

937 2727 1030 2765 κῆδος
1045 2725 1210 2767 προξενεῖν.
1244 2723 1333 2756 Gud.

982 2779 1003 2809 8
1031 2776 1148 2818 Vulpes
1162 2776 1200 2807 ab
1215 2784 1273 2807 ara
1297 2773 1407 2817 rapuit
1422 2775 1584 2806 ardentem
1596 2771 1656 2813 fu-

937 2827 1019 2870 cem]
1043 2827 1141 2869 Virg.
1160 2826 1236 2860 AEn.
1254 2834 1322 2859 xu-
1345 2827 1355 2844 ‘
1373 2825 1508 2860 Obvius
1523 2825 1658 2857 ambus-

1494 2883 1514 2912 2
1529 2880 1565 2912 D
