1806 3236
240 240 331 289 (m,

242 350 344 383 modo
368 350 432 384 hoc
458 350 579 385 facias.
627 351 830 388 Quadrantes
845 349 946 392 ponit

242 410 306 442 pro
331 402 475 435 nummis
503 401 663 443 minimis,
684 406 723 434 ut
749 401 795 435 sit
818 410 946 442 sensus,

242 452 347 485 talem
360 453 415 485 vel
430 452 522 485 oboli
533 452 646 494 gratia
657 452 844 495 perjurium
856 462 945 496 com-

241 503 391 537 mittere.
437 505 501 537 Est
526 509 562 537 et
585 505 662 546 hoc,
685 510 723 537 ut
744 509 887 546 caetera,
901 514 944 538 ex

241 555 494 588 characteribus
507 556 612 589 avari.
636 556 743 596 Schqf.

282 606 445 648 Agger-as]
471 605 688 649 Accumules,
711 612 748 640 et
773 607 824 640 sic
838 607 946 649 majus

242 655 364 690 facias.
407 657 499 689 Vide
523 657 626 691 Cons.
652 659 697 691 D.
723 658 944 697 Loccenimu,

238 708 405 742 Socerum
419 718 532 742 meum
552 710 801 752 charissimum,
814 710 850 743 in
866 710 944 743 Iud.

240 759 338 793 Curt.
383 760 478 793 Puto
494 764 611 793 autem
626 761 791 794 Nostrum
815 770 947 801 aggeres

238 809 430 852 scripsisse.
474 810 618 843 Terent.
645 811 750 844 Phor.
780 820 816 844 V.
838 821 888 844 sc.
911 814 943 844 2.

239 862 249 879 ‘
266 862 361 894 Dum
383 861 510 904 prosim
538 861 603 895 tibi
617 861 652 893 :²-
662 866 699 895 et
723 862 773 895 sic
798 871 945 904 semper.

239 912 347 952 Schef.
391 913 498 949 Nulla
522 918 577 947 est
600 923 688 955 opus
717 914 946 957 correctione,

239 973 317 996 nam
343 963 386 996 ab
413 963 591 1006 adgerere,
616 974 684 997 non
706 974 883 1007 aggerare,
898 966 946 998 vi-

238 1014 340 1048 detur
354 1025 420 1048 vox
436 1015 510 1050 haec
525 1016 748 1049 deducenda:
778 1027 858 1050 nam
871 1019 945 1051 dum

238 1065 295 1098 hic
337 1076 411 1108 pro,
457 1066 656 1107 dummodo,
690 1065 943 1110 subjunctivum

240 1117 404 1157 postulat.
446 1118 528 1150 Vid.
550 1128 642 1160 supr.
669 1117 712 1151 ad
737 1118 798 1152 lib.
814 1128 872 1152 111.
890 1122 943 1153 10.

238 1167 300 1200 Sic
316 1167 385 1201 fab.
400 1171 452 1201 80.
465 1168 553 1201 dixit
567 1169 730 1203 formica:
753 1171 764 1188 ‘
780 1171 856 1213 Ego
868 1180 944 1213 gra-

239 1228 319 1250 num
336 1218 370 1251 in
389 1220 536 1253 hiemem
539 1231 627 1272 „9¹1¹”
647 1222 800 1255 studiose
819 1232 943 1265 conge-

236 1268 300 1301 ro.'
345 1270 403 1302 De
430 1281 498 1313 quo
524 1272 632 1304 verbo
655 1272 726 1307 vid.
755 1274 944 1307 eruditissi-

237 1329 328 1352 mum
358 1320 620 1355 Drakenborch.
651 1323 695 1356 ad
718 1324 781 1358 Sil.
811 1333 842 1357 v.
867 1327 942 1358 266.

236 1370 294 1404 Sic
323 1371 445 1405 eodem
474 1383 575 1406 sensu
608 1375 749 1408 Petron.
779 1385 859 1418 cap.
886 1379 941 1410 44.

234 1423 244 1440 ‘
261 1423 451 1458 Exstruere
465 1425 625 1460 divitias!
668 1428 716 1460 Et
731 1428 855 1461 Horat.
872 1428 943 1462 Od.

235 1482 277 1505 11.
289 1475 321 1506 3.
343 1476 352 1492 ‘
365 1476 411 1507 Et
428 1477 611 1509 exstructis
623 1478 658 1509 in
674 1477 781 1510 altum
794 1479 940 1512 Divitiis

235 1524 389 1566 potietur
417 1525 539 1560 heres:
582 1528 662 1560 Vid.
690 1533 727 1561 et
757 1529 879 1562 Claud.
906 1530 941 1562 in

236 1577 336 1609 Eutr.
358 1586 383 1609 1.
405 1580 481 1611 222.
514 1578 732 1612 Contrarium
759 1585 813 1613 est
836 1580 943 1622 ‘Ege-

236 1627 339 1669 rere,’
356 1629 398 1661 de
414 1639 482 1672 quo
497 1630 541 1663 ad
560 1631 702 1666 Quinct.
719 1631 822 1666 Deci.
837 1642 872 1665 v.
890 1636 942 1667 17.

236 1679 349 1713 Βανηι.
662 1718 667 1722 .

279 1731 442 1774 Agger-as]
478 1732 689 1766 Prudentius
713 1733 805 1767 dixit
836 1734 943 1767 ‘The-

233 1790 351 1814 sauros
373 1788 601 1825 exaggeratos
616 1784 636 1815 :'
669 1785 733 1817 hoc
756 1789 823 1826 est,
850 1784 942 1827 quod

235 1832 326 1866 dixit
349 1833 528 1876 Horatius,
549 1836 559 1853 ‘
572 1836 760 1869 Exstruere
777 1835 942 1868 divitias!

236 1884 361 1918 Cicero
387 1885 431 1918 de
458 1885 528 1919 Off.
545 1896 571 1918 1.
602 1886 714 1919 ‘Rem
738 1886 941 1919 familiarem

234 1936 470 1978 exaggerare.'
516 1937 659 1970 Phaedr.
685 1937 748 1970 lib.
779 1946 837 1970 111.
857 1938 942 1979 prol.

234 1986 244 2003 ‘
258 1985 326 2019 Qui
339 1996 478 2028 magnas
493 1996 575 2029 opes
587 1988 810 2030 Exaggerare
817 1989 944 2031 quaerit

237 2038 328 2069 omni
346 2036 485 2079 vigilia?
509 2037 594 2070 Gnd.

277 2088 493 2131 patrimonio]
516 2089 663 2131 Proprie
679 2090 739 2122 illa
750 2089 854 2131 bona,
865 2100 941 2133 qum

234 2149 254 2171 a
270 2139 480 2172 Parentibus
493 2140 692 2173 hereditate
715 2140 758 2172 ad
773 2150 835 2173 nos
854 2140 940 2173 redi-

233 2194 351 2232 erunt,
365 2191 433 2224 dici
444 2196 633 2232 merentur,
643 2191 704 2224 sed
719 2195 756 2224 et
767 2191 942 2234 quodcun-

231 2252 298 2285 que
313 2252 356 2274 ex
383 2247 520 2285 quaestu
549 2247 585 2276 et
606 2252 712 2284 opere
740 2247 859 2276 nostro
887 2244 941 2276 vei

233 2293 370 2325 aliunde
387 2293 542 2335 obvenit,
570 2303 611 2326 eo
638 2294 775 2327 nomine
798 2294 941 2328 denota-

233 2349 302 2376 tur.
346 2343 404 2376 sic
424 2344 516 2387 apud
543 2344 672 2379 Justin.
699 2348 867 2378 xima-⁹».
895 2345 939 2378 de

234 2394 426 2428 militibus:
453 2396 463 2413 ⁴
477 2395 565 2428 Post
591 2395 716 2428 damna
739 2396 939 2438 patrimoni-

231 2455 341 2487 orum,
378 2450 416 2478 et
453 2450 533 2488 post
568 2446 732 2489 conjuges
771 2446 936 2480 amissas?

231 2497 344 2531 Quem
370 2498 481 2530 locum
507 2502 603 2530 recte
618 2498 801 2531 constituit
827 2503 864 2530 et
877 2509 938 2531 ex-

230 2549 338 2590 plicat
360 2548 467 2581 decus
493 2554 530 2582 et
554 2549 754 2591 praesidium
781 2554 937 2583 nostrum

230 2599 350 2632 Celeb.
374 2599 545 2632 Graevius.
580 2599 683 2642 Apud
711 2600 840 2643 Hygin.
865 2599 935 2633 fab.

231 2654 306 2684 195.
327 2651 458 2683 ‘Arion
476 2662 537 2693 per
558 2657 667 2686 artem
697 2662 857 2695 magnum
877 2663 936 2695 pa-

231 2701 426 2734 trimonium
457 2702 698 2744 acquisivisse'
747 2708 934 2747 narratur:

230 2752 287 2784 ubi
303 2752 383 2785 vide
406 2753 568 2786 Munker.
587 2754 734 2788 Ovidius
747 2754 791 2787 de
813 2754 936 2787 eodem

234 2802 359 2835 Arione
374 2813 479 2845 agens
498 2804 591 2837 Fast.
608 2813 650 2837 11.
667 2807 723 2838 96.
739 2809 840 2839 vocat
864 2806 874 2824 ‘
887 2804 935 2837 Ο-

230 2863 288 2895 pes
305 2858 379 2886 arte
394 2854 578 2897 quaesitas!
602 2855 716 2890 Bam.

704 255 848 288 NOTAE
885 226 1151 289 VARIORUM
1185 257 1238 288 m

1038 352 1081 383 24
1106 351 1225 383 Coelum
1243 349 1387 394 fatigat]
1420 349 1544 384 Jovem
1569 350 1698 386 Deum.

993 401 1137 435 Petron.
1156 410 1258 436 xmv.
1283 403 1294 421 ‘
1307 403 1419 436 Nemo
1433 402 1559 436 coelum
1575 405 1700 445 pnml

997 452 1086 486 Vide
1101 457 1199 486 notas
1210 457 1353 486 nostras.
1374 452 1482 493 Solid.
1515 446 1700 496 Scimquid

995 504 1051 538 bic
1080 504 1176 538 dicat
1203 504 1465 539 Rittersbusius.
1516 504 1585 538 Sed
1613 509 1700 548 put·

995 555 1175 598 Virgilium
1186 556 1398 599 respexisse,
1412 555 1471 599 qui
1480 555 1530 589 sie
1545 556 1622 590 ΑΕΒ.
1636 556 1698 590 lib.

996 616 1024 640 1.
1044 607 1087 640 de
1106 607 1265 640 Junone:
1287 607 1298 626 ‘
1313 607 1400 641 Quae
1414 615 1510 639 mare
1521 615 1613 640 ncnc
1629 611 1699 641 ter-

996 667 1120 701 rasque
1133 662 1228 690 metu
1238 657 1431 700 coelumque
1443 655 1591 699 fatiget!
1620 656 1699 690 Ser-

998 709 1071 741 vius
1086 719 1094 741 :
1124 710 1134 728 ‘
1146 708 1281 749 Fatigat
1297 717 1373 751 pro,
1391 711 1547 749 exercet,
1572 707 1699 741 sollici-

997 763 1062 800 tat,
1087 758 1302 792 commovet!
1354 758 1482 792 Sensus
1504 762 1572 799 ost,
1595 758 1698 796 taioni

995 820 1064 843 non
1080 820 1217 853 curare,
1242 810 1327 844 licet
1341 811 1438 844 Deos
1451 810 1545 852 ipsos
1557 810 1611 843 ita
1631 809 1699 854 sibi

995 860 1103 895 faciat
1125 861 1241 894 iratos.
1263 861 1388 896 Juveu.
1404 861 1476 894 Sat.
1491 869 1573 894 xm.
1594 859 1702 900 &Ms-

996 912 1103 954 Lege,
1127 912 1246 945 Gallam
1264 911 1393 953 fatigas
1419 911 1548 945 sordida
1567 912 1703 954 penuria

995 963 1051 996 vel
1067 963 1314 1004 Alvamfatr'gus
1327 963 1605 1005 sordidamur&
1626 963 1700 996 Ho-

995 1020 1063 1049 rat.
1087 1016 1161 1049 Sat.
1176 1024 1202 1049 1.
1220 1019 1250 1049 1.
1272 1017 1282 1034 ‘
1297 1015 1352 1048 Ne
1368 1025 1407 1048 se
1422 1015 1567 1058 penuria
1588 1015 1701 1049 victus

995 1066 1233 1108 Opprimeret,
1247 1065 1450 1100 metuebat?
1473 1065 1589 1100 Haeu.
1676 1094 1677 1097 ,

1040 1117 1294 1158 Coelumsatigas
1306 1116 1433 1150 sordido
1438 1116 1592 1161 perjurio]
1612 1117 1700 1150 Ver-

995 1168 1076 1203 bum
1104 1168 1252 1210 fatigare
1284 1167 1456 1210 significat
1491 1168 1701 1203 creberrima

996 1220 1158 1263 perjuria,
1172 1230 1249 1263 quae
1265 1220 1322 1252 vel
1335 1218 1557 1261 multitudine
1568 1223 1606 1254 et
1625 1229 1701 1253 ere-

994 1271 1123 1304 britate
1139 1281 1201 1303 sua
1215 1270 1327 1313 ipsum
1337 1270 1461 1305 Jovem
1475 1274 1513 1304 et
1525 1270 1610 1304 alies
1622 1270 1700 1304 Coe-

992 1324 1071 1356 lites
1085 1322 1256 1355 audiendo
1270 1322 1444 1355 delassare
1458 1323 1606 1356 valeant.
1639 1323 1702 1357 Vi-

993 1374 1036 1407 de
1052 1373 1209 1407 Juvenal.
1221 1374 1297 1406 Sat.
1312 1382 1398 1407 1111.
1421 1373 1511 1408 Ritt.

1038 1425 1159 1457 Caelum
1173 1423 1303 1465 fatigas
1321 1424 1447 1457 sordido
1467 1423 1624 1466 perjurio]
1643 1424 1700 1458 Sic

993 1476 1117 1508 Horat.
1127 1476 1239 1508 Carm.
1253 1484 1279 1507 1.
1287 1477 1319 1508 2.
1331 1475 1341 1493 ‘
1353 1474 1466 1508 Prece
1476 1484 1542 1518 qua
1549 1474 1700 1518 fatigent

992 1526 1155 1568 Virgines
1198 1529 1328 1558 sanctae
1364 1525 1474 1558 minus
1506 1525 1701 1560 audientem

993 1577 1154 1614 Carmina
1165 1577 1305 1610 Vestam
1316 1575 1338 1608 ?'
1362 1575 1442 1617 Εἰς.

1035 1630 1076 1660 25
1103 1627 1325 1669 circumcidis]
1364 1628 1547 1669 Removes,
1571 1628 1698 1663 nulhm

993 1678 1182 1720 impensam
1197 1677 1292 1710 facis.
1312 1677 1371 1710 Sic
1385 1679 1396 1696 ‘
1412 1678 1536 1711 Vinum
1552 1679 1697 1713 circum·

992 1728 1134 1769 cidere,’
1150 1738 1228 1771 pro,
1244 1728 1431 1762 Abstinere
1451 1738 1506 1771 eo,
1519 1729 1699 1764 diximu-

992 1789 1060 1820 sus,
1073 1783 1112 1811 ut
1127 1779 1374 1812 Rittershusius
1389 1780 1538 1813 notavit.
1581 1782 1628 1815 Et
1642 1792 1695 1815 se·

992 1831 1110 1873 quitur
1138 1840 1270 1871 omnem,
1295 1831 1458 1873 itemque,
1492 1841 1533 1864 κε
1556 1833 1631 1874 quid
1658 1835 1697 1867 de

991 1885 1056 1914 tuo.
1091 1881 1207 1914 Schef.
1260 1881 1383 1915 Senec.
1416 1881 1461 1914 ad
1489 1882 1595 1915 Helv.
1625 1892 1695 1917 ιιι.

992 1934 1001 1950 ‘
1020 1932 1253 1973 Circumcisae,
1279 1937 1360 1965 sunt
1399 1933 1694 1983 peregrinantium

991 1985 1169 2019 sarcinaez’
1200 1990 1239 2019 et
1265 1986 1311 2019 de
1331 1986 1457 2029 Tranq.
1479 1986 1598 2020 Anim.
1622 1996 1695 2021 xit.

990 2038 999 2053 ‘
1023 2035 1309 2070 circumcidenda
1354 2041 1409 2070 est
1455 2038 1696 2072 concurs-tio:

992 2088 1217 2122 Reddidimus
1239 2089 1304 2122 hoc
1320 2089 1462 2122 verbum
1485 2090 1699 2124 Declamati-

990 2139 1113 2172 onibus
1128 2140 1366 2175 Quinctiliani.
1388 2141 1502 2174 Bam

1036 2189 1242 2222 Circumcidis
1274 2190 1445 2232 impensem
1471 2186 1616 2232 funeris]
1651 2191 1696 2224 Id

991 2244 1056 2282 est,
1071 2250 1227 2275 removes
1246 2246 1351 2285 atque
1372 2242 1506 2285 abjicis.
1549 2243 1696 2284 Elegan-

991 2297 1045 2325 ter
1067 2293 1212 2334 dictum,
1227 2294 1397 2337 quomodo
1423 2295 1542 2328 Celsus
1565 2295 1694 2328 ct‘mun-
1744 2323 1747 2326 ,

988 2343 1293 2376 ciderevinumnon
1314 2344 1419 2376 semel
1442 2344 1554 2377 dixit:
1578 2350 1617 2377 ut
1631 2345 1692 2377 lib.

988 2403 1038 2427 iv.
1061 2404 1095 2428 c.
1119 2397 1175 2428 20.
1197 2396 1208 2414 ‘
1225 2394 1553 2428 Circumcidendum
1578 2395 1693 2428 vinum

988 2449 1042 2478 est
1057 2445 1091 2478 in
1108 2449 1220 2479 totum
1235 2444 1384 2486 aunum,’
1396 2444 1508 2487 idest,
1520 2445 1692 2478 abstinen-

989 2497 1068 2530 dum
1083 2507 1103 2529 a
1119 2498 1210 2530 vino.
1253 2496 1323 2530 Ubi
1348 2502 1462 2529 tamen
1477 2497 1606 2529 rectius
1621 2495 1692 2529 for-

988 2553 1076 2581 tasse
1092 2548 1226 2581 abesset
1240 2557 1380 2585 annum‚·
1400 2546 1493 2589 quod
1507 2556 1633 2579 nomen
1646 2546 1690 2584 ab

986 2599 1098 2641 aliquo
1125 2602 1276 2631 assutum
1300 2598 1450 2638 videtur,
1474 2597 1533 2639 qui
1555 2606 1626 2630 non
1640 2597 1690 2630 in-

986 2650 1146 2691 telligens
1172 2648 1365 2689 formulam,
1386 2649 1422 2681 iu
1447 2651 1561 2690 totum,
1587 2658 1689 2691 quam

985 2700 1103 2733 Graeci
1125 2700 1324 2741 exprimunt
1346 2708 1410 2740 per
1423 2697 1535 2740 διόλου,
1549 2701 1690 2741 putavit

986 2749 1115 2793 aliquid
1139 2749 1273 2783 deesse.
1331 2750 1373 2782 In
1397 2752 1520 2789 totunm
1541 2750 1624 2783 alias
1646 2761 1689 2784 u

984 2804 1052 2834 toto
1078 2805 1223 2843 usurpat
1247 2799 1339 2833 idem
1364 2800 1506 2833 Celsus:
1538 2805 1576 2834 nt
1597 2802 1621 2835 Ι.
1637 2810 1689 2834 vr.

985 2864 1017 2886 c.
1031 2855 1063 2886 9.
1083 2852 1146 2885 ‘In
1173 2852 1326 2891 dentium
1353 2856 1469 2885 autem
1494 2852 1612 2886 dolore
1637 2852 1686 2885 vi·
