1806 3236
205 217 293 262 aeo
464 227 727 259 APPENDIX
763 226 1078 259 FABULARUM
1111 228 1428 262 AESOPIARUM.

206 322 404 380 Culpari,
425 322 503 365 sed
523 322 804 383 dolosalsunt
819 321 1080 377 bilinguium

207 391 421 442 Consilia,
443 390 520 446 qui
541 389 665 433 aliud
686 389 850 440 dicunt,
869 392 1004 446 atque
1023 389 1143 432 aliud
1162 392 1307 447 agunt.

264 459 506 501 Promissis
526 456 696 500 ducunt
715 456 793 512 qui
811 455 1039 511 imperitos
1056 455 1272 509 subdoliS,

208 526 322 568 Mox
342 525 459 567 fictis
480 525 629 567 causis
647 522 766 566 haud
785 521 1002 566 desistunt
1019 522 1184 566 ludere.
1611 526 1670 570 25
1735 535 1739 542 f

868 643 1015 678 NOTAE

249 725 291 754 22
328 720 544 763 Bilinguium]
579 720 659 755 Vid.
693 719 737 752 ad
773 718 911 752 Phaedr.
964 728 1032 751 cere
1068 717 1194 760 aptius.
1248 717 1411 759 Prop‘ert.
1438 717 1500 751 lib.
1528 727 1584 751 ιιι.
1616 723 1670 754 13.

206 782 248 806 11.
263 776 296 805 4.
964 769 1176 802 ‘Promissis
1205 767 1333 801 ducere
1362 767 1540 801 amantes)
1589 770 1671 804 Vid.

249 826 291 856 24
317 822 461 866 Ducunt]
485 822 640 854 Inducunt
653 819 765 855 Anon.
780 820 840 854 ned
856 821 913 853 du-
966 818 1161 852 Broukhue.
1176 818 1219 852 ad
1235 817 1363 852 'rabum
1375 818 1436 852 lib.
1452 827 1477 852 ι.
1491 821 1525 852 ’1.
1542 822 1577 853 1.

765 1199 975 1238 FABULA
1022 1198 1115 1237 XII.

621 1339 785 1383 AVES
818 1339 900 1383 ΕΤ
931 1338 1256 1383 HIRUNDO.

205 1485 344 1529 Avus
364 1486 408 1527 in
428 1496 562 1526 unum
583 1496 684 1525 cum
706 1482 987 1538 devenissent
1005 1482 1172 1532 locum,

205 1553 422 1596 Viderunt
439 1551 660 1594 hominem
679 1549 975 1593 seminantem
990 1549 1129 1592 linum
1148 1561 1269 1603 agro.

205 1620 341 1673 Quod
359 1623 410 1662 ut
428 1632 510 1675 pro
529 1618 662 1661 nihilo
681 1618 847 1661 habere
869 1617 917 1660 H
920 1617 1077 1661 irundo
1097 1617 1317 1673 intelligit,

205 1689 281 1731 Sic
301 1691 571 1730 convocatas
589 1686 783 1729 allocuta
800 1684 1010 1728 traditur:

206 1755 330 1797 Hinc
347 1755 475 1796 nobis
496 1754 630 1795 instat
647 1752 853 1796 omnibus
872 1752 1136 1807 periculum,
1640 1754 1674 1796 5

205 1822 255 1865 Si
274 1834 421 1863 semen
442 1820 499 1862 ad
517 1820 812 1861 maturitatem
826 1817 1011 1861 venerit.

204 1888 327 1931 Aves
345 1889 491 1930 risere.
550 1886 829 1930 Germinavit
847 1889 899 1929 ut
919 1899 1022 1929 vero
1041 1899 1182 1941 seges,

205 1956 415 2000 Hirundo
435 1967 603 2007 rursus,
633 1953 775 1997 Instat
793 1954 1024 2011 pernicies,
1045 1955 1141 2008 αἰὲς

204 2024 389 2076 Adeste,
412 2035 584 2078 germen
600 2034 806 2065 eruamus
823 2021 1037 2066 noxium:

205 2093 296 2143 Ne,
313 2092 353 2135 si
372 2104 480 2134 mox
500 2093 687 2142 crescat,
708 2089 812 2133 inde
830 2089 942 2134 fiant
955 2090 1083 2142 retia,
1612 2091 1671 2134 10

204 2160 262 2204 Et
278 2173 361 2203 nos
381 2160 605 2215 possimus
625 2158 791 2201 artibus
808 2158 1013 2202 humanis
1034 2159 1152 2214 capi.

204 2229 369 2271 Ridere
388 2230 572 2283 pergunt
590 2227 726 2271 verba
743 2226 867 2270 Aves
888 2227 1167 2278 Hirundinis,

206 2295 451 2339 Consilium
470 2297 514 2337 et
533 2298 743 2349 spernunt
761 2294 895 2337 stulte
915 2293 1313 2350 prudentissimum.

205 2363 270 2406 At
289 2364 366 2407 illa
385 2367 517 2406 cauta
535 2362 592 2404 ad
612 2361 839 2404 hominem
858 2375 906 2404 se
923 2375 1031 2404 mox
1052 2362 1252 2414 contulit,

863 2481 1004 2515 NOTAE

247 2556 335 2589 Haec
354 2554 471 2588 fabula
492 2553 645 2587 occurrit
665 2562 721 2594 ap.
745 2550 869 2584 Rimic.
884 2560 910 2585 1.
961 2551 1103 2584 nitunt.-
1133 2551 1214 2584 mihi
1246 2550 1436 2584 deveniam
1465 2550 1590 2593 placet,
1624 2555 1665 2584 ut

202 2607 265 2638 ult.
330 2605 440 2640 Anon.
476 2603 548 2637 fab.
584 2606 639 2636 20.
686 2602 823 2634 Romul.
854 2603 908 2634 1⁷.
960 2602 1080 2635 Phaed.
1096 2601 1156 2635 lib.
1172 2611 1222 2636 ιν.
1237 2605 1273 2634 8,
1291 2603 1302 2621 ⁸
1318 2601 1470 2634 Devenit
1490 2601 1604 2634 hircus
1625 2602 1669 2634 si-

204 2657 318 2690 Bam.
361 2655 466 2697 Apud
489 2655 587 2687 Rom.
602 2653 681 2686 Div.
695 2657 733 2686 et
753 2652 907 2686 Ulmens.
961 2654 1049 2686 tiens
1063 2653 1098 2686 in
1110 2653 1257 2686 eundem
1273 2652 1406 2686 locum!

204 2712 259 2741 est
273 2708 332 2740 lib.
348 2717 373 2739 ι.
391 2706 461 2740 fab.
477 2709 530 2739 19.
553 2706 656 2738 Schw.
1002 2707 1023 2737 3
1046 2705 1114 2737 Pro
1124 2703 1236 2745 nihilo]
1260 2703 1417 2737 Ciceroni
1429 2704 1556 2737 usitata
1573 2704 1664 2737 locu-

248 2760 265 2789 1
289 2757 509 2798 Devenissent]
533 2756 644 2790 Anon.
669 2766 738 2788 cum
759 2758 859 2789 essent
873 2754 908 2787 in
960 2755 1021 2797 tio,
1035 2755 1093 2798 qui
1105 2755 1269 2797 pronihilo
1283 2755 1405 2797 habere,
1415 2758 1544 2797 putare,
1554 2756 1667 2788 ducere

205 2818 309 2850 umam,
334 2817 411 2850 pro,
431 2808 550 2851 issent,
573 2808 640 2850 vel,
653 2814 692 2841 ut
708 2807 840 2842 Nilant.
855 2816 905 2840 ve·
959 2806 1084 2850 passim
1098 2806 1214 2846 habet.
