1806 3236
360 199 562 233 ramum
596 199 706 233 ΕΑΒ.
741 199 1044 232 AEsomARuM
1081 200 1175 232 mu.
1209 199 1285 232 111.
1317 190 1386 231 13.

146 297 243 332 Puni
257 295 345 335 alui,-
377 295 459 329 vide
485 295 592 329 etiam
617 304 696 337 cap.
711 297 767 328 20.
795 294 855 327 ubi

147 358 212 393 pro
224 347 375 390 duria,
389 348 435 380 V.
456 347 496 381 C.
511 347 619 380 babet
630 347 766 380 alvaria.
812 346 856 379 In

143 399 314 435 Mori
335 398 439 441 Regis
465 398 584 440 lapide
597 397 856 439 Terracinensi,

145 450 246 486 mo·
259 460 324 494 pro
335 450 447 483 Ataeo.
470 449 563 483 Gud.

176 543 177 547 Ἰ
191 501 295 546 Opus]
317 502 391 535 Per
400 511 478 545 opus
490 502 558 535 mei
572 501 739 544 intelligit
751 511 762 542 ς
777 500 858 534 ideo

145 555 210 598 sit,
231 553 402 596 infundi&-
459 554 579 598 Atque
609 555 658 588 sic
685 554 858 596 solebant,

145 608 300 652 proprie.
342 607 468 650 Virgil-
485 606 618 650 Georg.
633 616 685 640 xv.
711 607 756 640 de
777 617 859 650 rege

144 670 248 704 wazu
263 660 429 704 loquens:
451 660 462 679 ‘
475 660 542 693 Ille
557 669 702 702 operum
716 659 859 693 custos!

144 713 260 746 Varro
281 712 327 746 de
341 713 384 746 R.
401 711 446 746 R.
471 722 529 746 m.
552 715 606 746 16.
627 713 638 731 ‘
656 712 756 746 Intus
771 721 858 755 opus

144 762 291 805 faciunt,
300 764 394 807 quod
409 763 642 797 dulcissimum
658 768 724 806 est,
735 768 772 797 et
784 763 860 796 Diis

146 819 186 849 et
198 815 393 849 hominibus
404 820 459 848 est
468 821 653 857 acceptum
664 815 686 856 ;’
707 820 744 849 et
755 825 837 849 mox
850 826 859 848 ε

146 867 158 886 ‘
170 866 339 900 §enitatis
351 866 464 909 sigua,
477 867 506 899 si
521 866 654 909 nitidae,
668 871 706 900 et
720 867 750 900 si
760 877 860 909 opus,

146 916 240 961 qnod
254 916 398 958 faciunt,
413 921 469 951 est
494 918 665 961 aequabile
691 928 732 951 ac
758 917 859 951 leve!

147 966 256 1008 Sem.
320 968 501 1002 Columell.
530 977 583 1001 ιι.
613 971 646 1003 7.
683 972 694 988 ⁸
717 968 859 1001 vicinas

147 1029 234 1062 apes
258 1017 442 1061 conterat,
459 1029 537 1063 quae
565 1029 703 1053 omnem
726 1023 859 1053 motum

146 1069 330 1104 imbecillis
353 1070 466 1103 cereis
491 1070 655 1112 operibus
686 1070 756 1103 suis
786 1074 861 1103 tau-

146 1131 250 1166 quam
275 1121 410 1155 ruinam
438 1120 587 1154 timent!
646 1121 694 1154 Et
723 1130 802 1163 cap.
826 1123 859 1154 8.

145 1172 157 1191 ⁸
170 1172 258 1206 Cum
271 1171 307 1205 in
323 1171 518 1215 propinquo
530 1175 624 1212 sunt,
645 1171 752 1214 justis
775 1181 859 1214 ope-

145 1233 222 1258 m
245 1223 412 1267 peractis,
433 1233 472 1256 se
497 1222 698 1266 recipiunt!
744 1224 792 1256 Et
810 1223 860 1256 ita

146 1275 293 1309 Grecos
316 1273 411 1317 (mr
435 1284 585 1316 sumere,
598 1274 719 1308 docuit
735 1274 798 1307 Vir
812 1274 859 1307 11-

146 1326 247 1360 lustr.
254 1325 321 1359 Eu.
329 1325 516 1369 Spanbem.
523 1324 569 1358 ad
578 1325 715 1359 Callim.
729 1325 860 1368 Hymn.

146 1379 183 1412 in
198 1377 327 1412 Jovem
343 1386 378 1411 v.
391 1379 448 1410 ⁶0.
470 1377 588 1410 Barna.

193 1429 298 1472 Opus]
338 1429 404 1462 Est
434 1428 628 1462 imitatione
657 1428 860 1463 Graecorum

146 1479 295 1514 dictum.
319 1479 408 1513 Gud.

191 1533 233 1565 11
255 1529 409 1573 neq-20]
449 1530 662 1573 Solenniter‚
675 1531 732 1573 agi
755 1532 794 1564 de
813 1541 860 1564 re.

147 1581 243 1616 Vide
265 1582 492 1616 Brissonium.
536 1581 647 1622 ¹3⁶·sz-
703 1582 785 1615 vid.
817 1582 862 1614 ad

149 1633 320 1670 Quinctil.
331 1634 435 1668 Deci.
450 1642 535 1667 vm.
549 1637 604 1667 16.

190 1685 246 1718 De
258 1683 330 1727 quis
342 1694 425 1717 nnnc
437 1683 564 1725 agitur]
607 1683 724 1717 Etiam
739 1683 804 1717 hoc
816 1694 861 1716 ex

146 1734 306 1768 formulis
349 1735 500 1778 antiquis
543 1735 756 1778 judiciorum
800 1735 860 1768 de-

146 1790 346 1829 promptum
374 1795 466 1828 esse,
489 1785 592 1819 facile
617 1787 731 1830 quivis
757 1786 861 1829 paulo

146 1839 327 1872 humanior
341 1839 517 1882 intelligit.
561 1840 705 1874 Solebat
719 1840 861 1873 enimin

147 1890 296 1924 actionis
322 1890 472 1924 formula
495 1891 598 1925 addi:
633 1892 718 1926 Qus
741 1900 790 1924 nn
813 1900 861 1924 ns

145 1949 314 1976 sonunt
340 1942 395 1975 vel
408 1951 485 1978 evo
498 1951 548 1976 na
563 1951 726 1977 sci-rou:
750 1947 790 1976 ut
806 1943 862 1975 vel

147 2001 192 2024 ex
217 1992 375 2025 oratione
400 1993 578 2025 Ciceronis
608 2003 673 2035 pro
700 1994 863 2025 Muraena

148 2046 269 2076 notum
283 2047 350 2076 est.
393 2043 484 2075 Vide
512 2043 553 2076 Β.
569 2043 782 2076 Brissoninm
807 2043 862 2076 De

147 2092 308 2127 formulis
322 2093 384 2126 lib.
400 2103 436 2127 v.
467 2093 527 2127 nbi
542 2094 610 2126 alia
623 2098 770 2137 quatuor
786 2095 864 2127 loca

149 2154 214 2188 pro
241 2145 402 2187 exemplo
439 2155 460 2178 e
497 2145 668 2178 Cicerone
706 2149 862 2179 annotat.

148 2195 237 2228 Rite.
364 2200 366 2202 ·

193 2248 235 2280 1⁸
261 2246 358 2280 ,Ίὶιιισ
379 2247 438 2280 illu
463 2249 560 2282 talem
587 2249 719 2283 sustulit
740 2252 864 2282 senten·

148 2295 246 2338 tim]
290 2297 360 2331 Ms.
372 2299 552 2337 sententia,-
573 2299 679 2338 forte,
691 2300 782 2334 illata
795 2309 864 2333 rem

145 2347 273 2380 mit
286 2351 444 2382 sententia
453 2360 467 2389 ‚-
489 2350 554 2384 nisi
568 2351 688 2385 malis:
715 2353 803 2385 'Iunc
817 2352 864 2384 la-

145 2401 182 2432 ta
195 2398 284 2432 litem
294 2401 424 2434 Mulie
436 2403 595 2436 umentia
602 2413 616 2442 ,·
637 2402 728 2447 quod
740 2403 863 2446 probo.

146 2448 277 2483 Paucae
293 2451 408 2484 literae
425 2453 645 2495 transpositae
671 2458 775 2494 sunt3
809 2463 862 2486 re-

146 2500 252 2544 spicit
274 2506 392 2535 autem
418 2503 462 2536 ad
487 2503 696 2546 principium
722 2504 864 2547 fabulae,

145 2550 156 2570 ‘
172 2552 232 2585 Lis
247 2553 292 2586 ad
306 2552 418 2586 forum
434 2554 612 2588 deducta.'
637 2556 726 2589 Gud.

193 2603 300 2637 Talem
314 2605 459 2647 sustulit]
505 2606 588 2639 Non
609 2606 750 2640 memini
772 2617 863 2641 nnnc

147 2655 300 2698 quidem,
315 2657 366 2689 sic
380 2657 535 2690 locutum
556 2667 632 2691 esse
657 2668 863 2702 quemquam

149 2705 269 2740 alium.
313 2707 406 2741 Utut
420 2708 478 2750 sit,
495 2709 546 2741 ita
564 2709 715 2743 arbitror
729 2709 862 2742 dictum

148 2766 239 2799 esse,
264 2762 304 2791 ut
320 2759 437 2793 Graeci
459 2760 576 2794 dicere
600 2762 715 2795 solent
739 2761 864 2794 ἀνεῖλεν

149 2809 195 2842 de
209 2810 422 2844 oraculorum
439 2812 626 2855 responsis,
651 2812 742 2857 quod
769 2813 861 2847 idem

240 2863 356 2906 Delph.
369 2869 401 2898 et
418 2867 493 2900 Var.
506 2868 594 2901 Clas.

857 2868 988 2901 Phoedr.

1532 189 1620 233 529

905 300 971 338 est,
987 305 1027 329 ac
1041 295 1181 329 sustulit.
1221 294 1347 328 Faber.
1393 295 1513 338 Vespa
1529 297 1620 330 scili-

907 351 966 380 cet
980 357 988 379 z
1022 356 1088 380 nec
1113 347 1180 380 alio
1203 347 1268 380 boc
1294 345 1531 389 referendum,
1548 347 1621 380 exi-

906 398 1069 440 gentibus
1084 398 1133 431 ita
1147 397 1449 441 subsequentibus,
1464 403 1498 431 et
1515 399 1622 431 maxi-

906 459 963 482 me
975 449 1046 491 illo,
1056 450 1203 491 restituo,
1214 449 1306 493 quod
1322 459 1391 482 non
1406 449 1513 483 babet
1524 450 1622 491 alias,

908 510 1056 544 quocum
1071 500 1258 534 cohaereat.
1303 500 1456 542 Sustulit,
1470 500 1622 534 Ritters-

907 552 1028 585 husius
1043 552 1271 595 compositum
1283 562 1347 594 pro
1362 553 1511 596 simplici
1526 552 1621 586 adhi-

908 604 1023 638 buisse
1037 609 1179 638 censet:
1210 615 1252 639 ac
1276 605 1366 639 solet
1379 615 1474 647 saepe
1497 605 1549 638 ita
1570 603 1622 638 fa-

908 665 1000 689 cere.
1046 656 1161 689 Faber
1172 660 1274 699 putat
1287 657 1414 700 potius,
1429 656 1623 690 imitatione

908 717 1006 740 usum
1037 707 1188 748 Graeca3
1226 707 1372 742 Graecos
1399 717 1549 752 namque
1575 707 1622 741 de

909 759 1084 802 responsis
1106 760 1324 792 oraculorum
1338 759 1389 792 ita
1410 760 1519 803 loqui.
1564 757 1623 792 An

907 811 1037 842 sustulit
1057 813 1123 852 est,
1136 810 1233 844 clara
1249 810 1496 853 pronunciavit
1512 810 1621 848 voce?

909 871 978 904 quo
994 860 1094 894 modo
1110 861 1154 895 de
1169 862 1288 904 cygnis
1302 862 1483 895 Lucretius
1498 861 1559 896 lib.
1571 871 1624 895 lv,

907 912 919 931 ‘
937 912 1119 955 Liquidam
1134 913 1261 946 tollunt
1280 913 1421 956 lugubri
1439 922 1526 946 voce
1541 922 1624 957 que-

909 963 1043 997 relam.'
1088 964 1139 997 Ut
1154 966 1262 998 tollere
1275 967 1456 1008 querelam5
1489 965 1539 999 ita
1564 966 1624 998 tol·

908 1015 972 1048 lere
985 1014 1176 1048 sententiam
1201 1015 1312 1048 videri
1337 1019 1456 1058 potest
1478 1015 1624 1050 dictum.

910 1066 1052 1099 Mutant
1066 1070 1195 1108 tamen,
1206 1071 1244 1099 et
1265 1066 1444 1100 scribunt:
1472 1068 1559 1100 Time
1568 1067 1626 1100 illa
1678 1081 1682 1087 ·

908 1118 998 1151 litem
1007 1120 1138 1152 sustulit
1155 1119 1324 1153 sententia.
1369 1120 1445 1162 Ego
1459 1120 1600 1153 mallem
1615 1131 1624 1151 ι

912 1170 1000 1203 Tunc
1013 1170 1102 1203 illam
1116 1171 1161 1203 eis
1171 1171 1259 1213 tulit,
1273 1173 1328 1214 ᾂο.
1345 1180 1390 1204 ne
1405 1171 1505 1204 nimis
1521 1173 1624 1213 longe

909 1232 930 1255 a
962 1222 1074 1256 veteri
1109 1223 1262 1256 lectione
1291 1223 1467 1256 abeamus.
1512 1222 1626 1264 Schef.

909 1273 1028 1315 Lege:
1067 1273 1156 1306 Ῥαπι-
1169 1273 1226 1306 illa
1250 1273 1345 1306 talem
1359 1273 1400 1306 lis
1411 1274 1487 1307 tulit
1501 1278 1625 1307 seuten-

908 1324 1001 1357 tiam.
1024 1324 1148 1357 Heius.

955 1379 996 1409 14
1022 1377 1094 1409 Non
1106 1376 1223 1419 possit]
1246 1375 1534 1419 Supple,facere.
1568 1376 1626 1409 Ita

910 1438 989 1471 cap.
1015 1438 1119 1470 praec.
1140 1428 1151 1446 ‘
1170 1429 1246 1462 Nec
1262 1428 1346 1460 mihi
1364 1427 1542 1471 prodesse,
1558 1437 1626 1461 nec

912 1479 977 1512 tibi
1002 1479 1184 1522 quicquam
1211 1481 1337 1522 potes.'
1381 1478 1489 1519 Schef.
1532 1479 1625 1512 Vide

913 1529 1035 1564 Heius.
1048 1530 1092 1562 ad
1111 1529 1217 1564 Ovid.
1230 1530 1318 1563 Met.
1335 1539 1421 1563 vm.
1435 1533 1514 1564 883.
1546 1529 1628 1563 Alia

912 1580 948 1613 in
964 1590 1002 1613 re
1017 1581 1084 1614 hoc
1099 1581 1242 1614 verbum
1268 1581 1352 1624 poni
1375 1582 1529 1623 elliptice
1544 1580 1626 1614 vide

911 1632 956 1665 ad
974 1633 1098 1666 Horat.
1124 1632 1238 1675 Epod.
1266 1641 1336 1666 xu.
1364 1635 1418 1665 12.
1443 1632 1565 1666 Lamb.
1589 1636 1627 1666 et

910 1685 1074 1718 Torrent.
1099 1685 1214 1718 Burm.

956 1739 996 1768 16
1020 1735 1192 1778 Fructum]
1238 1736 1317 1769 Non
1329 1736 1412 1770 satis
1427 1737 1545 1780 placet
1559 1737 1626 1771 hoc

911 1785 1127 1820 vocabulum.
1187 1788 1262 1820 Mel
1299 1798 1370 1821 non
1406 1792 1463 1822 est
1491 1788 1628 1823 fructus

911 1849 1028 1881 apum,
1053 1839 1114 1872 sed
1140 1849 1238 1882 opus,
1253 1844 1289 1872 et
1310 1839 1439 1873 diserte
1455 1850 1561 1883 supra
1578 1841 1628 1874 sie

911 1890 1063 1924 vocavit.
1118 1890 1240 1923 Scribo
1264 1890 1384 1933 igitur,
1401 1891 1527 1931 favum.
1571 1892 1627 1925 De

912 1950 955 1973 eo
970 1941 1099 1984 quippe
1113 1942 1158 1974 lis
1172 1946 1260 1974 erat.
1293 1942 1400 1982 Schqt'.
1457 1943 1527 1976 Sed
1543 1944 1627 1986 quid

913 1996 998 2025 tunc
1010 1991 1072 2024 fiet
1087 1992 1222 2025 versui?
1245 2003 1351 2036 quare
1366 1993 1519 2027 fructum
1535 1994 1631 2027 labo-

912 2042 958 2074 ris
975 2047 1012 2075 et
1034 2043 1158 2085 operis,
1181 2048 1221 2076 ut
1244 2053 1338 2086 saepe
1365 2045 1518 2078 occurrit
1533 2046 1626 2087 apud

913 2098 1063 2135 veteres,
1075 2103 1175 2136 cape,
1190 2104 1260 2137 quo
1273 2095 1479 2136 caruissent,
1501 2095 1531 2128 si
1555 2096 1628 2129 fuci

912 2154 1069 2177 caussam
1085 2145 1290 2178 tenuissent.
1313 2146 1431 2179 Burm-

957 2196 1124 2238 Restituo]
1169 2196 1280 2239 Bene,
1293 2207 1335 2230 ac
1351 2197 1386 2230 in
1403 2201 1566 2241 respectu
1581 2198 1628 2231 ad

914 2248 1103 2281 sollennem
1126 2257 1261 2290 vocem,
1282 2254 1416 2291 praetor
1441 2260 1486 2283 ex
1508 2251 1628 2284 edicto

914 2299 1166 2342 recuperandae
1197 2300 1436 2344 possessionis,
1470 2301 1514 2334 ad
1537 2311 1629 2344 eum,

914 2351 973 2395 qui
997 2351 1076 2385 dolo
1092 2361 1164 2385 rem
1186 2353 1329 2385 alterius
1352 2354 1566 2396 possidebat,
1588 2357 1628 2387 ut

912 2413 1020 2445 suam,
1055 2403 1184 2444 aiebat,
1229 2404 1240 2423 ‘
1258 2403 1468 2438 Restituas.'
1535 2404 1628 2438 vide

912 2455 1067 2489 Brisson.
1096 2455 1130 2487 in
1161 2456 1275 2489 Form.
1329 2456 1388 2490 Sic
1417 2457 1542 2490 Cicero
1565 2466 1628 2499 pro

913 2506 1044 2539 Caecin.
1065 2506 1076 2525 ‘
1090 2506 1228 2540 Praetor
1253 2510 1315 2540 aut
1341 2508 1410 2540 vim
1425 2506 1499 2539 fieri
1515 2512 1628 2550 vetat,

913 2561 974 2590 aut
990 2557 1128 2590 restitui
1141 2557 1269 2591 factam
1281 2558 1411 2601 jubet.’
1433 2558 1539 2596 Schts.

957 2609 1054 2651 Fuci]
1100 2610 1143 2642 Id
1170 2614 1235 2652 est,
1263 2611 1343 2643 vani
1370 2610 1539 2652 homines,
1567 2610 1627 2653 qui

913 2668 1031 2693 versus
1046 2669 1142 2693 meos
1165 2660 1231 2692 sibi
1247 2660 1482 2693 vindicarunt.
1528 2660 1539 2679 ⁴
1552 2660 1628 2693 Hos

913 2721 979 2753 ego
995 2712 1182 2745 versiculos
1207 2711 1288 2755 feci,
1304 2713 1386 2745 tulit
1409 2713 1499 2745 alter
1524 2712 1628 2745 hono-

915 2771 992 2794 res:
1028 2762 1087 2794 Sic
1103 2772 1164 2796 vos
1190 2772 1258 2796 non
1281 2763 1378 2796 vobis
1406 2762 1628 2806 mellificatis,

914 2813 1022 2856 apes.'
1049 2814 1134 2848 Gud.

1466 2872 1541 2904 2L
