1806 3236
201 219 286 262 214
491 229 688 261 PHAEDR!
724 228 1034 259 FABULARUM
1072 228 1369 260 AESOPIARUM

202 326 417 382 Reperire
437 326 642 380 effugium
663 324 844 367 alterius
865 326 1026 380 quaerit
1043 325 1174 368 malo.

259 393 373 438 Cum
393 394 636 436 decidisset
653 392 819 448 Vulpis
839 392 884 434 in
902 396 1079 448 puteum
1098 393 1251 445 inscia,

203 461 261 505 Et
277 462 433 504 altiore
455 460 736 502 clauderetur
752 459 947 514 margine
961 472 975 512 ;
1466 475 1476 495 t

203 528 399 572 Devenit
420 528 587 570 Hircus
606 527 761 569 sitiens
791 528 836 569 in
857 526 1043 568 eundem
1060 527 1232 580 locum;
1632 527 1662 568 5

203 596 343 638 Simul
362 595 550 650 rogavit,
571 599 694 638 esset
713 608 770 637 an
787 594 930 638 dulcis
950 595 1112 650 liquor,

159 653 163 655 ‚
201 663 262 706 Et
283 665 506 719 copiosus.
567 663 654 706 Illa
671 663 870 705 fraudem
890 663 1100 705 moliens:

203 731 456 783 Descende,
478 732 638 783 amice,
658 735 779 774 tanta
796 732 972 774 bonitas
991 737 1063 774 est
1081 743 1228 785 aquae,

201 797 430 853 Voluptas
446 802 496 840 ut
515 798 665 841 satiari
683 812 772 840 non
790 799 937 854 possit
958 811 1071 841 mea.

203 866 397 909 Immisit
415 880 463 909 se
484 867 719 909 Barbatus.
777 866 894 910 Tum
915 866 1163 922 Vulpecula
1604 866 1661 925 10

202 933 360 976 Evasit
377 938 529 990 puteo,
549 934 657 976 nixa
677 934 809 976 celsis
830 935 1051 985 cornibus,
1616 926 1618 928 ’

203 1002 480 1058 Hircumque
498 1003 652 1045 clauso
673 1002 804 1058 liquit
823 1002 1058 1046 haerentem
1075 1003 1205 1046 vado.

201 1144 342 1178 alterius.
389 1147 468 1178 Cum
484 1146 652 1188 Vulpecula
664 1147 842 1189 imprudens
856 1149 1020 1181 decidisset
1034 1149 1069 1181 in
1083 1151 1220 1190 puteum,
1240 1146 1293 1189 qui
1312 1146 1563 1188 praetendebatur
1582 1156 1664 1179 mar-

201 1188 277 1227 gine
288 1188 425 1229 elatiori,
439 1190 560 1222 Hir-ms
568 1190 747 1223 sitibundus
759 1192 888 1224 accessit
902 1192 937 1224 in
952 1193 1081 1224 eumdem
1095 1192 1205 1229 locum,
1219 1190 1421 1231 quoesivitque
1435 1199 1477 1222 «m
1489 1199 1571 1231 aqua
1582 1192 1665 1222 met

204 1232 303 1262 multa
317 1235 348 1263 et
362 1232 478 1264 suavis.
512 1233 593 1265 Hoec
605 1243 723 1275 parans
736 1235 860 1266 dolum.-
887 1235 978 1275 Veni,
989 1235 1099 1273 amice,
1121 1235 1198 1266 adeo
1222 1234 1323 1275 liquor
1343 1233 1443 1265 dulcia
1466 1236 1526 1272 εις,
1546 1235 1582 1265 ut
1595 1240 1664 1264 nea

202 1273 275 1305 sitis
289 1284 349 1306 non
367 1276 463 1316 possit
480 1276 611 1317 expleri.
656 1277 828 1309 Descendit
842 1278 982 1316 Hircus;
1005 1281 1070 1310 tum
1098 1277 1212 1318 Vulpes
1232 1277 1314 1308 elata
1328 1276 1402 1308 auis
1415 1275 1556 1308 cornibus
1573 1274 1664 1308 iuius

203 1326 326 1357 egressa
339 1321 385 1350 est
395 1321 501 1360 puteo,
514 1322 545 1351 et
558 1320 696 1352 deseruit
711 1320 1008 1360 Hircumjacentem
1021 1321 1084 1352 alto
1097 1323 1200 1362 puteo.

205 1479 332 1513 fabulae
346 1481 448 1523 hujus
461 1481 507 1514 sit
521 1486 772 1524 argumentum,
783 1487 879 1515 recte
891 1482 1127 1524 recipiendum
1140 1480 1326 1514 existimatss
1352 1479 1455 1524 Sciop
1481 1480 1534 1514 ius
1545 1481 1581 1514 in
1593 1482 1666 1516 vul-

207 1528 289 1565 gata
299 1524 449 1556 lectione
462 1534 596 1557 versum
619 1526 776 1558 laborare
790 1525 905 1558 credit
918 1525 982 1557 nisi
997 1536 1033 1558 ac
1046 1526 1216 1566 deleatur,
1230 1523 1321 1568 quod
1335 1524 1438 1557 etiam
1487 1530 1582 1566 uyet.
1592 1525 1668 1558 vult

205 1567 327 1608 deleri,
335 1571 372 1600 et
382 1568 485 1600 Both.
498 1579 508 1607 ;
524 1569 583 1600 sed
595 1569 747 1602 Freinsh.
758 1573 794 1601 et
807 1568 926 1601 Heius.
937 1569 1163 1601 necessariam
1173 1578 1238 1601 non
1251 1571 1375 1610 putant
1384 1566 1668 1607 emendationem,

208 1610 290 1652 quia
303 1611 388 1643 venit
404 1611 581 1653 praesentis
597 1611 760 1653 temporis
781 1611 1001 1654 cogitandum
1019 1617 1086 1653 est,
1098 1611 1206 1644 sedin
1217 1615 1336 1644 nostra
1351 1610 1500 1644 lectione
1514 1615 1568 1644 est
1579 1611 1666 1644 mit

205 1654 378 1694 praeteriti
393 1655 634 1695 temporis.—2
650 1653 734 1688 Cod.
747 1655 842 1687 Rem.
855 1655 958 1687 habet
971 1654 1124 1696 Reperire
1135 1653 1288 1696 effugium
1301 1653 1432 1686 alterius
1444 1654 1558 1695 querit
1572 1655 1666 1696 malo,

207 1706 271 1737 pro
287 1706 354 1738 quo
371 1697 494 1729 Nevel.
508 1698 626 1730 Ursin.
640 1698 759 1730 Burm-
781 1698 948 1740 multique
966 1698 1023 1729 alii
1048 1697 1230 1729 ediderunt
1244 1696 1413 1739 Effugiant
1426 1697 1574 1738 reperire.
1616 1696 1666 1730 At

207 1738 390 1771 lectionem
420 1739 506 1772 Cod.
544 1741 641 1772 Rem.
675 1740 823 1782 probant
860 1740 952 1772 Gud.
981 1745 1018 1772 et
1047 1741 1191 1772 Salmas.
1219 1739 1430 1782 eandemque
1458 1744 1668 1782 receperunt

209 1781 362 1814 Gronov.
382 1782 548 1824 Hoogstr.
571 1783 700 1816 Leonh.
715 1783 831 1815 Richt.
849 1782 1004 1814 Maittar.
1026 1784 1123 1815 Brot.
1138 1783 1278 1824 Bipont.
1293 1783 1409 1814 Bentl.
1425 1782 1490 1814 nisi
1505 1782 1596 1824 quod
1610 1783 1667 1816 hic

209 1833 277 1857 uon
288 1824 404 1857 ferens
418 1835 449 1857 m
464 1835 530 1857 non
546 1825 640 1868 elidi,
653 1825 859 1867 transponit,
871 1825 983 1866 quoerit
996 1826 1126 1857 alterius
1138 1827 1237 1857 malo.-
1254 1835 1354 1867 quam
1370 1829 1462 1857 trans
1488 1826 1668 1859 ositionem

209 1868 633 1944 Ξᾞῖἐὲἒωέίέῗὶςῌὲῧζῗὲ
651 1835 1665 1944 ⁰¹¹v¹335¹³1¹3¹332¹¹1213⁹1rt³1¹¹222ss¹³3⁰}fflbsstffi‘sszsszlss

209 1955 359 1994 simulet,
374 1963 393 1985 e
408 1955 688 1996 conjectum—9
709 1955 827 1987 Bentl.
841 1964 982 1986 numero
997 1955 1129 1987 meliori
1141 1954 1321 1995 legendum
1338 1953 1500 1996 proponit
1519 1922 1668 1997 Volupffas

209 2000 246 2029 ut
260 2007 320 2029 non
328 1997 428 2039 possit
436 1997 550 2030 satiari
557 2008 638 2039 meu,
647 1998 814 2040 probante
828 1996 1084 2039 Cuningh.—10
1098 1997 1278 2037 Vulpecula.
1302 1998 1372 2029 Ms.
1383 1997 1478 2029 Pith.
1492 1997 1666 2039 Vulpicula.

212 2050 243 2072 v.
266 2040 358 2073 Gud.
374 2041 462 2074 nixa.
484 2039 646 2074 Scheffer.
662 2041 814 2073 malebat
827 2040 941 2073 innixa
948 2051 961 2079 ;
984 2041 1100 2072 Burm.
1114 2041 1220 2082 enixa,
1232 2041 1286 2072 vel
1302 2040 1400 2079 enisa,
1423 2040 1446 2072 i.
1462 2050 1492 2072 e.
1514 2050 1579 2082 ope
1594 2051 1667 2074 cor-

212 2093 315 2156 puum
331 2083 417 2116 hirci
433 2084 619 2117 ascendens
633 2089 669 2118 et
685 2094 722 2117 se
732 2084 890 2127 erigens;
914 2093 1014 2127 quam
1030 2084 1263 2126 conjecturam
1276 2083 1409 2116 erudite
1426 2087 1554 2116 tuetur.
1596 2084 1666 2118 Sed

229 2131 304 2159 orte
321 2127 368 2159 nil
384 2128 595 2161 mutandum.
1560 2133 1565 2137 '
