1806 3236
225 210 313 253 204
511 219 711 251 rnAEmu
746 219 1060 252 naumurum
1094 221 1395 255 AEsopmaum

229 314 491 359 Narratione
510 317 698 371 posteris
718 315 886 359 tradam
905 317 1044 360 brevi.

289 383 485 436 Quidam
505 384 727 427 decedens
747 388 838 428 tres
856 385 1032 441 reliquit
1050 385 1170 430 filias
1186 400 1200 440 ;

229 450 377 494 Unam
396 452 651 504 formosam,
674 456 718 495 et
737 452 879 496 oculis
898 458 1137 496 venantem
1152 454 1297 508 viros3
1663 480 1665 483 f

229 518 293 561 At
310 519 489 563 alteram
502 520 730 564 lanificam
745 523 790 564 et
807 521 939 578 frugi,
957 522 1194 576 rusticam3
1662 523 1692 566 ⁵

231 587 453 632 Devotam
471 589 574 632 vino
593 590 786 642 tertiam,
803 594 849 634 et
861 591 1175 646 turpissimam.

231 655 406 699 Harum
424 661 572 700 autem
592 661 777 701 matrem
794 657 903 702 fecit
920 659 1139 702 haeredem
1155 659 1321 712 Senex,

231 724 325 768 Sub
344 724 612 779 conditione,
633 729 774 770 totam
792 730 844 770 ut
859 716 1079 771 fortunam
1097 728 1241 771 tribus

232 793 489 849 AEqualiter
507 794 753 847 distribuat,
774 793 852 838 sed
871 794 954 837 tali
973 794 1134 838 modo:

232 861 304 904 Ne
322 862 428 905 data
447 863 720 919 possideant,
740 866 818 906 aut
835 862 1060 917 fruantur3
1090 867 1199 916 tum,
1221 863 1350 906 simul
1635 863 1693 907 10

233 928 416 973 Habere
430 942 500 974 res
519 930 741 984 desierint,
763 943 877 987 quas
894 931 1160 987 acceperint,

235 997 434 1042 Centena
452 1001 582 1043 matri
598 1000 824 1043 conserant
844 999 1062 1043 sestertia.

232 1064 436 1110 Athenas
457 1081 602 1111 rumor
619 1067 780 1125 implet.
842 1067 991 1111 Mater
1006 1067 1166 1112 sedula

234 1134 265 1177 J
267 1135 356 1177 uris
376 1137 544 1192 peritos
563 1138 770 1190 consulit,
790 1150 919 1180 nemo
938 1137 1137 1193 expedit,

236 1202 341 1255 Quo
360 1201 495 1261 pacto
514 1218 602 1249 non
619 1206 898 1263 possideant,
919 1206 1039 1263 quod
1057 1206 1186 1249 fuerit
1205 1204 1371 1257 datum,
1642 1204 1702 1248 15

231 1337 389 1379 pluribas.
433 1338 575 1376 Quidam
594 1339 730 1372 miens
747 1339 876 1382 reliquit
896 1343 961 1372 tre.-
974 1342 1077 1380 meas,
1100 1348 1196 1372 amm
1213 1339 1378 1381 pulchrum
1391 1341 1425 1370 et
1441 1339 1604 1370 mortem
1616 1337 1702 1370 viros

236 1380 306 1412 suis
321 1382 438 1420 eculin
457 1382 553 1415 «liam
565 1387 690 1415 uatem
700 1384 815 1424 kaurn,
836 1383 947 1415 bonum
960 1386 993 1415 et
1004 1383 1193 1415 ruricolam.-
1213 1383 1341 1415 ἐπείσθη
1355 1380 1580 1424 turpi-simun,
1595 1383 1628 1413 α
1645 1381 1699 1414 de-

234 1423 337 1456 ditam
345 1426 429 1457 aim.
473 1426 581 1459 Senex
592 1427 742 1459 moriens
753 1426 946 1459 renuntiavit
959 1426 1087 1458 illarum
1100 1429 1233 1458 matrem
1242 1426 1407 1462 aaronica,
1418 1433 1462 1457 ea
1473 1425 1556 1466 lege,
1567 1427 1604 1456 fl
1617 1423 1702 1457 divi·

234 1468 292 1499 dat
305 1477 392 1509 aque
408 1468 590 1502 wicun-m
594 1470 792 1509 familiarem
801 1480 815 1508 ,·
834 1471 888 1502 sed
902 1469 962 1502 tali
975 1469 1110 1510 rarione,
1125 1472 1165 1502 ut
1176 1472 1292 1502 neum
1303 1468 1416 1501 habeat
1434 1471 1569 1510 partem
1579 1476 1701 1500 mect-

235 1519 316 1551 smn,
328 1520 386 1543 nec
399 1519 441 1544 ea
462 1513 625 1554 ponatur.-
646 1523 717 1545 ωηο
730 1523 812 1546 vero
833 1512 1022 1545 cenantem
1038 1513 1199 1554 possidere
1222 1512 1303 1544 bon«
1319 1521 1393 1554 qm
1411 1509 1614 1552 contigerint,
1626 1511 1706 1543 dne

237 1563 310 1586 suae
332 1556 461 1596 parenti
483 1559 613 1589 centena
635 1557 792 1590 sestertia.
846 1556 948 1589 Fama
969 1556 1133 1598 spargitur
1157 1555 1303 1589 Athenis.
1349 1555 1460 1587 Mater
1473 1555 1611 1595 dicim
1630 1553 1703 1586 dit

230 1596 457 1640 jurisperitos,-
477 1600 580 1632 nullus
600 1600 752 1642 explicat,
766 1600 916 1643 quomodo
930 1609 991 1632 non
1004 1601 1161 1638 retineant
1171 1600 1252 1642 quod
1256 1598 1361 1639 suerit
1374 1597 1573 1640 attributam,
1587 1599 1619 1631 et
1628 1605 1702 1639 per·

851 1686 868 1698 θ
872 1685 1088 1698 ‘OO‘O‘OO‘OO

237 1737 306 1771 ime
321 1748 399 1771 curu
421 1750 488 1774 non
510 1740 692 1774 invenusta
706 1742 755 1775 sit
771 1742 832 1776 illa
854 1742 1107 1785 praepositionis
1121 1740 1295 1784 repetitio,
1311 1739 1378 1773 etsi
1389 1748 1458 1772 non
1479 1747 1560 1772 raro
1572 1737 1703 1780 negligi

239 1781 349 1815 soleat
373 1793 438 1825 pro
462 1784 610 1817 arbitrio
623 1785 817 1818 scribentis.
849 1785 929 1817 Vid.
952 1786 1136 1818 Barim—2
1157 1784 1269 1818 Brem'.
1293 1783 1385 1816 Gud.
1405 1782 1481 1814 vult
1494 1791 1604 1823 gmon,
1622 1791 1705 1825 quia

235 1823 352 1857 fabula
373 1835 442 1858 non
462 1826 577 1860 Brevis
598 1828 664 1868 sit;
693 1832 730 1860 at
751 1828 812 1861 viri
828 1828 923 1861 docti
947 1833 1043 1861 recte
1065 1827 1240 1869 vulgatam
1256 1825 1468 1858 retinendam
1492 1824 1703 1858 existimant.

237 1868 307 1899 Vix
320 1869 410 1901 enim
426 1870 540 1911 potuit
555 1871 692 1903 brevius
708 1875 745 1904 et
759 1872 957 1904 concinnius
978 1881 1000 1903 a
1018 1871 1168 1904 Phaedro
1193 1869 1325 1902 narrari
1346 1870 1413 1901 ista
1434 1867 1586 1901 historia.
1620 1867 1701 1902 vid.

237 1910 348 1944 Praef.
370 1913 602 1946 Richteri.—5
625 1915 667 1947 In
685 1915 770 1947 Mss.
783 1914 876 1948 Pith.
893 1914 993 1948 Rem.
1015 1919 1053 1947 et
1067 1914 1176 1947 Editt.
1198 1914 1297 1946 Vett.
1318 1911 1444 1945 Nevel·
1468 1911 1598 1953 Rigalt.
1615 1911 1702 1944 Fab.

238 1958 336 1987 recte
350 1955 491 1998 legitur,
505 1957 662 2001 lanificam
675 1961 707 1990 et
715 1957 825 2000 frugi,
847 1959 1020 1997 rusticam3
1047 1966 1112 1999 pro
1134 1966 1202 2000 qao
1224 1956 1345 1989 Heius.
1368 1954 1523 1997 reposuit
1535 1954 1704 1998 lanificam,

232 1997 327 2039 frugi
352 2002 385 2031 et
398 2000 559 2041 rusticam,
583 2001 674 2044 quod
691 2001 822 2043 placuit
837 2002 994 2034 Maittar.
1009 2001 1175 2042 Hoogstr.
1188 1999 1308 2032 Burm.
1319 1999 1438 2031 Bentl.
1459 1998 1603 2039 Bipont.
1618 1998 1703 2030 mul-

242 2041 355 2083 tisque
367 2042 457 2084 aliis,
469 2043 619 2077 lectione
635 2044 800 2076 Codicum
815 2044 886 2076 sine
903 2054 1006 2077 causa
1021 2045 1191 2086 neglecta.
1237 2042 1315 2075 Nec
1327 2042 1464 2082 desunt,
1477 2041 1535 2084 qui
1541 2041 1707 2083 jungant,

240 2083 501 2126 frugirusticam,
515 2087 801 2129 quemadmodum
818 2087 947 2120 dicitur
961 2087 1056 2128 frugi
1077 2087 1176 2120 homo.
1219 2085 1277 2118 Ita
1300 2089 1429 2127 praeter
1445 2084 1541 2125 alios,
1562 2083 1705 2117 Prasch.

242 2128 397 2161 Freinsh.
414 2134 450 2162 et
470 2130 615 2163 Desbill.
640 2131 697 2174 qui
712 2131 819 2171 legit:
843 2131 889 2163 At
915 2132 1047 2164 alteram
1070 2130 1239 2173 lanificam,
1254 2134 1292 2161 et
1304 2128 1402 2169 frugi
1420 2128 1584 2160 rusticam.
1605 2127 1706 2160 Brot.

242 2170 435 2213 distinguit,
449 2173 497 2205 At
510 2172 652 2215 alteram,
666 2174 824 2215 lanificam
834 2173 978 2215 etsrugi,
990 2174 1152 2213 rusticam,
1166 2177 1205 2205 ut
1217 2182 1294 2205 cum
1305 2173 1424 2204 Burin.
1437 2169 1704 2204 construendum

242 2214 299 2254 sit,
315 2216 490 2257 rusticam,
503 2226 580 2258 quae
597 2221 671 2250 erat
687 2217 823 2249 lanifica
837 2221 873 2249 et
883 2216 986 2258 frugi.
1030 2217 1172 2249 Lallem.
1187 2215 1319 2254 edidit3
1335 2216 1382 2247 At
1393 2215 1525 2247 alteram
1539 2212 1707 2257 lanificam,

238 2260 270 2288 et
279 2257 388 2299 frugi,
403 2262 434 2290 et
448 2260 694 2293 rusticam—12
718 2260 823 2292 Matri
836 2259 1009 2300 conserant.
1036 2260 1156 2292 Heius.
1179 2262 1215 2290 ut
1229 2257 1404 2299 conferant,
1424 2258 1505 2299 quia
1526 2257 1706 2299 praecessit

243 2304 376 2333 nen—15
402 2302 472 2338 Quo
485 2306 576 2343 pacto
591 2313 650 2335 non
664 2303 852 2344 possideant.
880 2304 946 2336 Ms.
972 2303 1066 2335 Pith.
1090 2303 1158 2339 Quo
1177 2305 1270 2343 pacto
1283 2302 1393 2334 sinon.
1428 2300 1509 2333 Vid.
1526 2298 1647 2333 Nevel.
1663 2299 1708 2332 ad

244 2344 432 2386 marginem
453 2345 546 2378 Edit.
564 2350 600 2378 et
615 2346 864 2386 Gud.—fuerit.
890 2346 946 2379 Ita
966 2346 1087 2388 legunt
1103 2345 1240 2387 plurimi
1255 2344 1416 2377 Editores
1432 2347 1471 2376 ut
1486 2353 1536 2376 vs.
1551 2346 1605 2376 45.
1621 2351 1652 2375 e.
1672 2352 1705 2375 c.

901 2438 1043 2472 NOTAE

288 2516 309 2546 8
322 2512 511 2556 Fortunam]
524 2512 685 2556 Intellige
697 2513 903 2556 opes‚bona,
914 2517 951 2547 et
1004 2513 1071 2546 tius
1093 2513 1186 2556 apud
1208 2514 1378 2546 Romanos
1403 2514 1541 2544 moneta
1564 2515 1640 2544 erat
1654 2521 1707 2544 ar-

247 2573 322 2597 rem
345 2563 556 2597 familiarem.
600 2564 831 2606 Frequentius
855 2573 950 2596 usur·
1004 2569 1143 2607 gentea,
1168 2564 1286 2596 valens
1309 2567 1464 2606 quartam
1490 2566 1626 2604 partem
1649 2562 1708 2595 de-

247 2620 350 2658 patur
366 2625 432 2648 vox
445 2615 504 2648 illa
519 2615 554 2647 in
569 2614 693 2657 plurali
707 2614 741 2647 in
755 2615 820 2647 hoc
835 2623 949 2647 sensu.
1003 2615 1092 2648 narii
1109 2615 1275 2657 argentei,
1296 2618 1348 2655 et,
1366 2616 1406 2646 ut
1424 2612 1471 2645 ad
1485 2612 1631 2645 Gallice
1647 2622 1710 2655 pe-

293 2670 333 2700 12
359 2668 497 2700 centena
519 2667 681 2709 sestertia]
716 2667 811 2700 Nota
832 2666 951 2699 discri-
1004 2666 1114 2699 cuniae
1139 2665 1399 2699 aestimationem
1424 2660 1631 2706 redigamus,
1652 2665 1711 2698 de-

248 2729 328 2752 men
342 2729 416 2752 esse
437 2720 529 2751 inter
556 2718 752 2752 sestertium
775 2717 952 2751 masculini
1005 2727 1082 2751 cem
1098 2716 1288 2749 denariolos
1308 2715 1508 2756 Turonicos,
1534 2721 1570 2748 et
1593 2716 1710 2748 semis-

250 2771 398 2812 generis,
419 2775 456 2804 et
479 2770 677 2803 sestertium
701 2769 869 2810 neutrius,
893 2777 955 2801 seu
1006 2777 1102 2800 sem:
1135 2765 1334 2799 sestertium
1364 2769 1479 2798 autem
1508 2765 1543 2798 in
1571 2770 1708 2808 neutro,

251 2821 340 2854 inter
355 2821 529 2855 sestertios
552 2825 588 2854 et
611 2819 780 2856 sestertia·
822 2819 954 2853 Sester-
1008 2817 1144 2852 valebat
1157 2817 1249 2852 mille
1264 2826 1418 2850 nummos
1431 2816 1622 2850 sestertios.
