<?xml version="1.0" encoding="UTF-8"?>
<!DOCTYPE html PUBLIC "-//W3C//DTD XHTML 1.0 Transitional//EN"
    "http://www.w3.org/TR/xhtml1/DTD/xhtml1-transitional.dtd">
<html xmlns="http://www.w3.org/1999/xhtml" xml:lang="en" lang="en">
 <head>
  <title>
</title>
<meta http-equiv="Content-Type" content="text/html;charset=utf-8" />
  <meta name='ocr-system' content='tesseract 3.04.00' />
  <meta name='ocr-capabilities' content='ocr_page ocr_carea ocr_par ocr_line ocrx_word'/>
</head>
<body>
  <div class='ocr_page' id='page_1' title='image "./fabualeaesopiae00phaeuoft_0097.png"; bbox 0 0 1806 3236; ppageno 0'>
   <div class='ocr_carea' id='block_1_1' title="bbox 651 165 1617 210">
    <p class='ocr_par' dir='ltr' id='par_1_1' title="bbox 651 165 1617 210">
     <span class='ocr_line' id='line_1_1' title="bbox 651 165 1617 210; baseline 0.004 -4"><span class='ocrx_word' id='word_1_1' title='bbox 651 175 804 207; x_wconf 71' lang='lat' dir='ltr'>mmm</span> <span class='ocrx_word' id='word_1_2' title='bbox 835 175 866 206; x_wconf 74' lang='grc' dir='ltr'>ι.</span> <span class='ocrx_word' id='word_1_3' title='bbox 899 175 1010 209; x_wconf 67' lang='lat' dir='ltr'>ms.</span> <span class='ocrx_word' id='word_1_4' title='bbox 1041 165 1111 209; x_wconf 79' lang='lat'>21.</span> <span class='ocrx_word' id='word_1_5' title='bbox 1559 167 1617 210; x_wconf 78' lang='lat'>85</span> 
     </span>
    </p>
   </div>
   <div class='ocr_carea' id='block_1_2' title="bbox 139 269 1619 668">
    <p class='ocr_par' dir='ltr' id='par_1_2' title="bbox 141 269 1266 326">
     <span class='ocr_line' id='line_1_2' title="bbox 141 269 1266 326; baseline 0 -12"><span class='ocrx_word' id='word_1_6' title='bbox 141 270 238 314; x_wconf 85' lang='lat' dir='ltr'>Leo</span> <span class='ocrx_word' id='word_1_7' title='bbox 256 283 357 314; x_wconf 89' lang='lat' dir='ltr'>cum</span> <span class='ocrx_word' id='word_1_8' title='bbox 365 269 557 326; x_wconf 81' lang='lat' dir='ltr'>jaceret,</span> <span class='ocrx_word' id='word_1_9' title='bbox 576 269 784 326; x_wconf 85' lang='lat' dir='ltr'>spiritum</span> <span class='ocrx_word' id='word_1_10' title='bbox 802 275 1055 316; x_wconf 84' lang='lat' dir='ltr'>extremum</span> <span class='ocrx_word' id='word_1_11' title='bbox 1074 271 1266 324; x_wconf 83' lang='lat' dir='ltr'>trahens,</span> 
     </span>
    </p>

    <p class='ocr_par' dir='ltr' id='par_1_3' title="bbox 141 338 1619 466">
     <span class='ocr_line' id='line_1_3' title="bbox 141 338 1619 395; baseline 0.001 -13"><span class='ocrx_word' id='word_1_12' title='bbox 141 338 270 395; x_wconf 82' lang='lat' dir='ltr'><strong>Aper</strong></span> <span class='ocrx_word' id='word_1_13' title='bbox 282 339 503 382; x_wconf 84' lang='lat' dir='ltr'>fulmineis</span> <span class='ocrx_word' id='word_1_14' title='bbox 521 338 581 382; x_wconf 85' lang='lat' dir='ltr'>ad</span> <span class='ocrx_word' id='word_1_15' title='bbox 599 353 700 382; x_wconf 89' lang='lat' dir='ltr'>eum</span> <span class='ocrx_word' id='word_1_16' title='bbox 719 341 844 383; x_wconf 87' lang='lat' dir='ltr'>venit</span> <span class='ocrx_word' id='word_1_17' title='bbox 863 341 1088 394; x_wconf 85' lang='lat' dir='ltr'><strong>dentibus,</strong></span> <span class='ocrx_word' id='word_1_18' title='bbox 1116 363 1120 367; x_wconf 97' lang='lat'>·</span> <span class='ocrx_word' id='word_1_19' title='bbox 1390 362 1393 369; x_wconf 79' lang='lat'><em>,</em></span> <span class='ocrx_word' id='word_1_20' title='bbox 1589 343 1619 383; x_wconf 87' lang='grc'><em>5</em></span> 
     </span>
     <span class='ocr_line' id='line_1_4' title="bbox 142 406 1036 466; baseline 0 -15"><span class='ocrx_word' id='word_1_21' title='bbox 142 406 203 451; x_wconf 89' lang='lat' dir='ltr'>Et</span> <span class='ocrx_word' id='word_1_22' title='bbox 220 407 466 451; x_wconf 76' lang='lat' dir='ltr'>vindicavit</span> <span class='ocrx_word' id='word_1_23' title='bbox 481 407 575 450; x_wconf 90' lang='lat' dir='ltr'>ictu</span> <span class='ocrx_word' id='word_1_24' title='bbox 594 412 789 451; x_wconf 83' lang='lat' dir='ltr'>veterem</span> <span class='ocrx_word' id='word_1_25' title='bbox 801 408 1011 466; x_wconf 84' lang='lat' dir='ltr'>injuriam</span> <span class='ocrx_word' id='word_1_26' title='bbox 1025 422 1036 452; x_wconf 74' lang='grc' dir='ltr'>ε</span> 
     </span>
    </p>

    <p class='ocr_par' dir='ltr' id='par_1_4' title="bbox 141 474 1103 520">
     <span class='ocr_line' id='line_1_5' title="bbox 141 474 1103 520; baseline 0.001 -1"><span class='ocrx_word' id='word_1_27' title='bbox 141 474 326 520; x_wconf 80' lang='lat' dir='ltr'>Infestis</span> <span class='ocrx_word' id='word_1_28' title='bbox 344 475 523 519; x_wconf 83' lang='lat' dir='ltr'>Taurus</span> <span class='ocrx_word' id='word_1_29' title='bbox 539 489 647 519; x_wconf 84' lang='lat' dir='ltr'>mox</span> <span class='ocrx_word' id='word_1_30' title='bbox 667 476 875 519; x_wconf 86' lang='lat' dir='ltr'>confodit</span> <span class='ocrx_word' id='word_1_31' title='bbox 895 477 1103 520; x_wconf 88' lang='lat' dir='ltr'>cornibus</span> 
     </span>
    </p>

    <p class='ocr_par' dir='ltr' id='par_1_5' title="bbox 142 543 1149 600">
     <span class='ocr_line' id='line_1_6' title="bbox 142 543 1149 600; baseline 0.001 -13"><span class='ocrx_word' id='word_1_32' title='bbox 142 543 324 588; x_wconf 83' lang='lat' dir='ltr'>Hostile</span> <span class='ocrx_word' id='word_1_33' title='bbox 342 557 521 600; x_wconf 87' lang='lat' dir='ltr'>corpus.</span> <span class='ocrx_word' id='word_1_34' title='bbox 581 544 767 598; x_wconf 85' lang='lat' dir='ltr'>Asinus,</span> <span class='ocrx_word' id='word_1_35' title='bbox 787 549 838 589; x_wconf 91' lang='lat' dir='ltr'>ut</span> <span class='ocrx_word' id='word_1_36' title='bbox 855 545 988 597; x_wconf 85' lang='lat' dir='ltr'>vidit,</span> <span class='ocrx_word' id='word_1_37' title='bbox 1008 545 1149 588; x_wconf 88' lang='lat' dir='ltr'>ferum</span> 
     </span>
    </p>

    <p class='ocr_par' dir='ltr' id='par_1_6' title="bbox 139 610 1114 668">
     <span class='ocr_line' id='line_1_7' title="bbox 139 610 1114 668; baseline 0.001 -14"><span class='ocrx_word' id='word_1_38' title='bbox 139 610 331 668; x_wconf 84' lang='lat' dir='ltr'>Impune</span> <span class='ocrx_word' id='word_1_39' title='bbox 350 612 475 665; x_wconf 73' lang='lat' dir='ltr'>laedi,</span> <span class='ocrx_word' id='word_1_40' title='bbox 497 613 698 657; x_wconf 86' lang='lat' dir='ltr'>calcibus</span> <span class='ocrx_word' id='word_1_41' title='bbox 716 613 905 657; x_wconf 87' lang='lat' dir='ltr'>frontem</span> <span class='ocrx_word' id='word_1_42' title='bbox 925 613 1114 658; x_wconf 80' lang='lat' dir='ltr'>extudit.</span> 
     </span>
    </p>
   </div>
   <div class='ocr_carea' id='block_1_3' title="bbox 136 763 1618 898">
    <p class='ocr_par' dir='ltr' id='par_1_7' title="bbox 136 763 1618 898">
     <span class='ocr_line' id='line_1_8' title="bbox 139 763 1618 810; baseline 0.002 -14"><span class='ocrx_word' id='word_1_43' title='bbox 139 763 198 796; x_wconf 75' lang='lat' dir='ltr'>bus</span> <span class='ocrx_word' id='word_1_44' title='bbox 209 763 347 796; x_wconf 74' lang='lat' dir='ltr'>accurrit</span> <span class='ocrx_word' id='word_1_45' title='bbox 361 764 403 797; x_wconf 86' lang='lat' dir='ltr'>ad</span> <span class='ocrx_word' id='word_1_46' title='bbox 416 763 521 806; x_wconf 81' lang='lat' dir='ltr'>illum,</span> <span class='ocrx_word' id='word_1_47' title='bbox 535 768 568 798; x_wconf 88' lang='lat' dir='ltr'>et</span> <span class='ocrx_word' id='word_1_48' title='bbox 582 765 667 799; x_wconf 76' lang='lat' dir='ltr'>ultus</span> <span class='ocrx_word' id='word_1_49' title='bbox 679 770 727 800; x_wconf 76' lang='lat' dir='ltr'>est</span> <span class='ocrx_word' id='word_1_50' title='bbox 737 768 885 810; x_wconf 75' lang='lat' dir='ltr'>antiquas</span> <span class='ocrx_word' id='word_1_51' title='bbox 905 766 1043 808; x_wconf 62' lang='lat' dir='ltr'>iniurias</span> <span class='ocrx_word' id='word_1_52' title='bbox 1062 766 1190 809; x_wconf 76' lang='lat' dir='ltr'>plagis.-</span> <span class='ocrx_word' id='word_1_53' title='bbox 1218 765 1301 809; x_wconf 84' lang='lat' dir='ltr'>quin</span> <span class='ocrx_word' id='word_1_54' title='bbox 1317 769 1355 799; x_wconf 90' lang='lat' dir='ltr'>et</span> <span class='ocrx_word' id='word_1_55' title='bbox 1367 765 1480 799; x_wconf 77' lang='lat' dir='ltr'>statim</span> <span class='ocrx_word' id='word_1_56' title='bbox 1495 767 1618 800; x_wconf 76' lang='lat' dir='ltr'>Taurus</span> 
     </span>
     <span class='ocr_line' id='line_1_9' title="bbox 137 806 1616 853; baseline 0.002 -14"><span class='ocrx_word' id='word_1_57' title='bbox 137 806 277 846; x_wconf 54' lang='grc' dir='ltr'>ἐκήπευε</span> <span class='ocrx_word' id='word_1_58' title='bbox 289 807 522 840; x_wconf 70' lang='lat' dir='ltr'>transverberat</span> <span class='ocrx_word' id='word_1_59' title='bbox 537 809 627 841; x_wconf 78' lang='lat' dir='ltr'>illum</span> <span class='ocrx_word' id='word_1_60' title='bbox 641 811 711 843; x_wconf 88' lang='lat' dir='ltr'>suis</span> <span class='ocrx_word' id='word_1_61' title='bbox 725 812 880 845; x_wconf 75' lang='lat' dir='ltr'>cornibus.</span> <span class='ocrx_word' id='word_1_62' title='bbox 930 812 975 844; x_wconf 86' lang='lat' dir='ltr'>Ut</span> <span class='ocrx_word' id='word_1_63' title='bbox 986 811 1106 844; x_wconf 76' lang='lat' dir='ltr'>Asinus</span> <span class='ocrx_word' id='word_1_64' title='bbox 1118 810 1279 852; x_wconf 67' lang='lat' dir='ltr'>cmupexit</span> <span class='ocrx_word' id='word_1_65' title='bbox 1298 810 1456 843; x_wconf 80' lang='lat' dir='ltr'>vulnerari</span> <span class='ocrx_word' id='word_1_66' title='bbox 1469 810 1537 842; x_wconf 80' lang='lat' dir='ltr'>sine</span> <span class='ocrx_word' id='word_1_67' title='bbox 1558 821 1616 853; x_wconf 79' lang='lat' dir='ltr'>pe-</span> 
     </span>
     <span class='ocr_line' id='line_1_10' title="bbox 136 850 1616 898; baseline 0.003 -15"><span class='ocrx_word' id='word_1_68' title='bbox 136 851 236 884; x_wconf 75' lang='lat' dir='ltr'>riculo</span> <span class='ocrx_word' id='word_1_69' title='bbox 249 850 398 894; x_wconf 57' lang='lat' dir='ltr'>Leonem</span> <span class='ocrx_word' id='word_1_70' title='bbox 411 851 595 886; x_wconf 74' lang='lat' dir='ltr'>comminuit</span> <span class='ocrx_word' id='word_1_71' title='bbox 607 853 674 896; x_wconf 88' lang='lat' dir='ltr'>ipsi</span> <span class='ocrx_word' id='word_1_72' title='bbox 688 858 782 897; x_wconf 65' lang='lat' dir='ltr'>capta</span> <span class='ocrx_word' id='word_1_73' title='bbox 791 856 934 898; x_wconf 70' lang='lat' dir='ltr'>pedibus.</span> <span class='ocrx_word' id='word_1_74' title='bbox 976 856 1024 888; x_wconf 77' lang='lat' dir='ltr'>At</span> <span class='ocrx_word' id='word_1_75' title='bbox 1039 855 1102 888; x_wconf 82' lang='lat' dir='ltr'>Leo</span> <span class='ocrx_word' id='word_1_76' title='bbox 1115 854 1245 887; x_wconf 79' lang='lat' dir='ltr'>trahem</span> <span class='ocrx_word' id='word_1_77' title='bbox 1258 856 1434 887; x_wconf 74' lang='lat' dir='ltr'>extremum</span> <span class='ocrx_word' id='word_1_78' title='bbox 1446 854 1594 896; x_wconf 72' lang='lat' dir='ltr'>spiritum</span> <span class='ocrx_word' id='word_1_79' title='bbox 1602 866 1616 888; x_wconf 79' lang='lat'>.-</span> 
     </span>
    </p>
   </div>
   <div class='ocr_carea' id='block_1_4' title="bbox 756 948 998 963">
    <p class='ocr_par' dir='ltr' id='par_1_8' title="bbox 756 948 998 963">
     <span class='ocr_line' id='line_1_11' title="bbox 756 948 998 963; baseline 0 -1"><span class='ocrx_word' id='word_1_80' title='bbox 756 948 877 962; x_wconf 64' lang='lat' dir='ltr'>eoem</span> <span class='ocrx_word' id='word_1_81' title='bbox 878 949 998 963; x_wconf 61' lang='lat'>00000</span> 
     </span>
    </p>
   </div>
   <div class='ocr_carea' id='block_1_5' title="bbox 125 1011 1619 2535">
    <p class='ocr_par' dir='ltr' id='par_1_9' title="bbox 125 1011 1619 2348">
     <span class='ocr_line' id='line_1_12' title="bbox 137 1011 1616 1060; baseline 0.004 -16"><span class='ocrx_word' id='word_1_82' title='bbox 137 1011 320 1053; x_wconf 76' lang='lat' dir='ltr'>Latinum3</span> <span class='ocrx_word' id='word_1_83' title='bbox 343 1011 482 1054; x_wconf 71' lang='lat' dir='ltr'>defectus</span> <span class='ocrx_word' id='word_1_84' title='bbox 502 1013 625 1047; x_wconf 72' lang='lat' dir='ltr'>viribus</span> <span class='ocrx_word' id='word_1_85' title='bbox 638 1014 816 1048; x_wconf 85' lang='lat' dir='ltr'>solennem</span> <span class='ocrx_word' id='word_1_86' title='bbox 840 1023 915 1048; x_wconf 85' lang='lat' dir='ltr'>esse</span> <span class='ocrx_word' id='word_1_87' title='bbox 938 1014 1101 1058; x_wconf 89' lang='lat' dir='ltr'>loquendi</span> <span class='ocrx_word' id='word_1_88' title='bbox 1125 1014 1322 1049; x_wconf 85' lang='lat' dir='ltr'>formulam.</span> <span class='ocrx_word' id='word_1_89' title='bbox 1363 1016 1449 1050; x_wconf 77' lang='lat' dir='ltr'>Quae</span> <span class='ocrx_word' id='word_1_90' title='bbox 1466 1015 1616 1060; x_wconf 80' lang='lat' dir='ltr'>aliquam</span> 
     </span>
     <span class='ocr_line' id='line_1_13' title="bbox 138 1054 1619 1101; baseline 0.003 -14"><span class='ocrx_word' id='word_1_91' title='bbox 138 1054 299 1098; x_wconf 85' lang='lat' dir='ltr'>profecto</span> <span class='ocrx_word' id='word_1_92' title='bbox 311 1057 464 1099; x_wconf 85' lang='lat' dir='ltr'>speciem</span> <span class='ocrx_word' id='word_1_93' title='bbox 479 1058 621 1098; x_wconf 85' lang='lat' dir='ltr'>habent,</span> <span class='ocrx_word' id='word_1_94' title='bbox 631 1058 699 1091; x_wconf 85' lang='lat' dir='ltr'>nisi</span> <span class='ocrx_word' id='word_1_95' title='bbox 717 1058 809 1101; x_wconf 89' lang='lat' dir='ltr'>quod</span> <span class='ocrx_word' id='word_1_96' title='bbox 821 1063 955 1101; x_wconf 89' lang='lat' dir='ltr'>putem,</span> <span class='ocrx_word' id='word_1_97' title='bbox 969 1060 1110 1092; x_wconf 75' lang='lat' dir='ltr'>desertus</span> <span class='ocrx_word' id='word_1_98' title='bbox 1124 1059 1256 1101; x_wconf 74' lang='lat' dir='ltr'>viribus,</span> <span class='ocrx_word' id='word_1_99' title='bbox 1272 1059 1394 1092; x_wconf 79' lang='lat' dir='ltr'>Latine</span> <span class='ocrx_word' id='word_1_100' title='bbox 1410 1059 1479 1092; x_wconf 89' lang='lat' dir='ltr'>dici</span> <span class='ocrx_word' id='word_1_101' title='bbox 1491 1070 1595 1101; x_wconf 80' lang='lat' dir='ltr'>posse</span> <span class='ocrx_word' id='word_1_102' title='bbox 1609 1073 1619 1101; x_wconf 86' lang='lat'>;</span> 
     </span>
     <span class='ocr_line' id='line_1_14' title="bbox 137 1099 1616 1145; baseline 0.003 -13"><span class='ocrx_word' id='word_1_103' title='bbox 137 1099 227 1132; x_wconf 85' lang='lat' dir='ltr'>adeo</span> <span class='ocrx_word' id='word_1_104' title='bbox 241 1103 282 1133; x_wconf 88' lang='lat' dir='ltr'>nt</span> <span class='ocrx_word' id='word_1_105' title='bbox 295 1099 335 1132; x_wconf 71' lang='grc' dir='ltr'>τὸ</span> <span class='ocrx_word' id='word_1_106' title='bbox 347 1101 488 1134; x_wconf 75' lang='lat' dir='ltr'>desertus</span> <span class='ocrx_word' id='word_1_107' title='bbox 501 1110 569 1134; x_wconf 88' lang='lat' dir='ltr'>non</span> <span class='ocrx_word' id='word_1_108' title='bbox 586 1106 718 1134; x_wconf 89' lang='lat' dir='ltr'>temere</span> <span class='ocrx_word' id='word_1_109' title='bbox 730 1101 938 1144; x_wconf 81' lang='lat' dir='ltr'>ejiciendum</span> <span class='ocrx_word' id='word_1_110' title='bbox 960 1103 1018 1135; x_wconf 87' lang='lat' dir='ltr'>sit.</span> <span class='ocrx_word' id='word_1_111' title='bbox 1064 1103 1264 1135; x_wconf 80' lang='lat' dir='ltr'>Heumanni</span> <span class='ocrx_word' id='word_1_112' title='bbox 1281 1107 1397 1135; x_wconf 85' lang='lat' dir='ltr'>tamen</span> <span class='ocrx_word' id='word_1_113' title='bbox 1412 1103 1616 1145; x_wconf 84' lang='lat' dir='ltr'>conjectura</span> 
     </span>
     <span class='ocr_line' id='line_1_15' title="bbox 135 1141 1618 1190; baseline 0.003 -16"><span class='ocrx_word' id='word_1_114' title='bbox 135 1141 336 1176; x_wconf 82' lang='lat' dir='ltr'>defenditur</span> <span class='ocrx_word' id='word_1_115' title='bbox 351 1143 387 1176; x_wconf 88' lang='lat' dir='ltr'>in</span> <span class='ocrx_word' id='word_1_116' title='bbox 398 1142 443 1177; x_wconf 82' lang='lat' dir='ltr'>A.</span> <span class='ocrx_word' id='word_1_117' title='bbox 458 1145 500 1178; x_wconf 90' lang='lat' dir='ltr'>E.</span> <span class='ocrx_word' id='word_1_118' title='bbox 514 1145 557 1177; x_wconf 85' lang='lat' dir='ltr'>ad</span> <span class='ocrx_word' id='word_1_119' title='bbox 570 1155 651 1178; x_wconf 85' lang='lat' dir='ltr'>ann.</span> <span class='ocrx_word' id='word_1_120' title='bbox 667 1148 763 1178; x_wconf 83' lang='grc'>1718.</span> <span class='ocrx_word' id='word_1_121' title='bbox 787 1156 821 1188; x_wconf 82' lang='lat' dir='ltr'>p.</span> <span class='ocrx_word' id='word_1_122' title='bbox 833 1148 910 1179; x_wconf 74' lang='lat'>344.</span> <span class='ocrx_word' id='word_1_123' title='bbox 933 1155 977 1178; x_wconf 87' lang='lat' dir='ltr'>ex</span> <span class='ocrx_word' id='word_1_124' title='bbox 994 1145 1134 1179; x_wconf 75' lang='lat' dir='ltr'>Phaedri</span> <span class='ocrx_word' id='word_1_125' title='bbox 1148 1146 1208 1179; x_wconf 91' lang='lat' dir='ltr'>lib.</span> <span class='ocrx_word' id='word_1_126' title='bbox 1223 1156 1261 1179; x_wconf 84' lang='lat' dir='ltr'>v.</span> <span class='ocrx_word' id='word_1_127' title='bbox 1284 1145 1353 1179; x_wconf 89' lang='lat' dir='ltr'>fab.</span> <span class='ocrx_word' id='word_1_128' title='bbox 1367 1149 1400 1179; x_wconf 85' lang='lat'>6.</span> <span class='ocrx_word' id='word_1_129' title='bbox 1412 1149 1447 1179; x_wconf 84' lang='lat'>2.</span> <span class='ocrx_word' id='word_1_130' title='bbox 1470 1146 1618 1190; x_wconf 85' lang='lat' dir='ltr'>aliisque</span> 
     </span>
     <span class='ocr_line' id='line_1_16' title="bbox 135 1185 1612 1231; baseline 0.004 -13"><span class='ocrx_word' id='word_1_131' title='bbox 135 1185 234 1219; x_wconf 88' lang='lat' dir='ltr'>locis.</span> <span class='ocrx_word' id='word_1_132' title='bbox 268 1187 474 1221; x_wconf 83' lang='lat' dir='ltr'>Heumauno</span> <span class='ocrx_word' id='word_1_133' title='bbox 501 1189 640 1222; x_wconf 82' lang='lat' dir='ltr'>accedit</span> <span class='ocrx_word' id='word_1_134' title='bbox 665 1189 720 1224; x_wconf 88' lang='lat' dir='ltr'>El.</span> <span class='ocrx_word' id='word_1_135' title='bbox 746 1189 875 1231; x_wconf 89' lang='lat' dir='ltr'>Major.</span> <span class='ocrx_word' id='word_1_136' title='bbox 898 1189 944 1221; x_wconf 91' lang='lat' dir='ltr'>de</span> <span class='ocrx_word' id='word_1_137' title='bbox 971 1189 1147 1222; x_wconf 82' lang='lat' dir='ltr'>Varianda</span> <span class='ocrx_word' id='word_1_138' title='bbox 1169 1189 1339 1222; x_wconf 85' lang='lat' dir='ltr'>Oratione</span> <span class='ocrx_word' id='word_1_139' title='bbox 1363 1200 1394 1223; x_wconf 89' lang='lat' dir='ltr'>c.</span> <span class='ocrx_word' id='word_1_140' title='bbox 1408 1192 1442 1223; x_wconf 83' lang='lat'>4.</span> <span class='ocrx_word' id='word_1_141' title='bbox 1477 1195 1564 1224; x_wconf 89' lang='lat' dir='ltr'>sect.</span> <span class='ocrx_word' id='word_1_142' title='bbox 1578 1193 1612 1224; x_wconf 75' lang='lat'>4.</span> 
     </span>
     <span class='ocr_line' id='line_1_17' title="bbox 135 1230 1615 1276; baseline 0.003 -14"><span class='ocrx_word' id='word_1_143' title='bbox 135 1238 171 1272; x_wconf 87' lang='lat' dir='ltr'>p.</span> <span class='ocrx_word' id='word_1_144' title='bbox 187 1232 265 1264; x_wconf 79' lang='lat'>451.</span> <span class='ocrx_word' id='word_1_145' title='bbox 302 1230 435 1264; x_wconf 78' lang='lat' dir='ltr'>Contra</span> <span class='ocrx_word' id='word_1_146' title='bbox 455 1232 594 1264; x_wconf 80' lang='lat' dir='ltr'>desertus</span> <span class='ocrx_word' id='word_1_147' title='bbox 608 1230 767 1265; x_wconf 82' lang='lat' dir='ltr'>defendit</span> <span class='ocrx_word' id='word_1_148' title='bbox 783 1233 901 1265; x_wconf 84' lang='lat' dir='ltr'>Thom.</span> <span class='ocrx_word' id='word_1_149' title='bbox 917 1233 1108 1276; x_wconf 84' lang='lat' dir='ltr'>Wopkens.</span> <span class='ocrx_word' id='word_1_150' title='bbox 1125 1233 1160 1265; x_wconf 91' lang='lat' dir='ltr'>in</span> <span class='ocrx_word' id='word_1_151' title='bbox 1176 1233 1280 1266; x_wconf 89' lang='lat' dir='ltr'>Misc.</span> <span class='ocrx_word' id='word_1_152' title='bbox 1298 1232 1385 1267; x_wconf 80' lang='lat' dir='ltr'>obs.</span> <span class='ocrx_word' id='word_1_153' title='bbox 1396 1242 1463 1267; x_wconf 85' lang='lat' dir='ltr'>vu.</span> <span class='ocrx_word' id='word_1_154' title='bbox 1479 1238 1563 1266; x_wconf 90' lang='lat' dir='ltr'>tom.</span> <span class='ocrx_word' id='word_1_155' title='bbox 1580 1237 1615 1267; x_wconf 80' lang='grc'>3.</span> 
     </span>
     <span class='ocr_line' id='line_1_18' title="bbox 135 1273 1618 1319; baseline 0.003 -13"><span class='ocrx_word' id='word_1_156' title='bbox 135 1282 170 1314; x_wconf 87' lang='lat' dir='ltr'>p.</span> <span class='ocrx_word' id='word_1_157' title='bbox 182 1275 259 1307; x_wconf 76' lang='grc'>380.</span> <span class='ocrx_word' id='word_1_158' title='bbox 275 1283 320 1307; x_wconf 82' lang='lat' dir='ltr'>ex</span> <span class='ocrx_word' id='word_1_159' title='bbox 332 1273 440 1308; x_wconf 89' lang='lat' dir='ltr'>Auct.</span> <span class='ocrx_word' id='word_1_160' title='bbox 454 1275 546 1309; x_wconf 86' lang='lat' dir='ltr'>Dial.</span> <span class='ocrx_word' id='word_1_161' title='bbox 561 1275 606 1308; x_wconf 90' lang='lat' dir='ltr'>de</span> <span class='ocrx_word' id='word_1_162' title='bbox 621 1286 734 1309; x_wconf 78' lang='lat' dir='ltr'>causs-</span> <span class='ocrx_word' id='word_1_163' title='bbox 757 1285 849 1309; x_wconf 85' lang='lat' dir='ltr'>corr.</span> <span class='ocrx_word' id='word_1_164' title='bbox 861 1277 954 1319; x_wconf 89' lang='lat' dir='ltr'>eloq.</span> <span class='ocrx_word' id='word_1_165' title='bbox 972 1286 1004 1310; x_wconf 91' lang='lat' dir='ltr'>c.</span> <span class='ocrx_word' id='word_1_166' title='bbox 1021 1280 1052 1310; x_wconf 91' lang='lat'>1.</span> <span class='ocrx_word' id='word_1_167' title='bbox 1069 1280 1101 1310; x_wconf 86' lang='lat' dir='ltr'>l.</span> <span class='ocrx_word' id='word_1_168' title='bbox 1122 1277 1133 1295; x_wconf 93' lang='lat'>‘</span> <span class='ocrx_word' id='word_1_169' title='bbox 1146 1281 1265 1309; x_wconf 87' lang='lat' dir='ltr'>nostra</span> <span class='ocrx_word' id='word_1_170' title='bbox 1295 1280 1381 1309; x_wconf 80' lang='lat' dir='ltr'>aetas</span> <span class='ocrx_word' id='word_1_171' title='bbox 1408 1276 1550 1310; x_wconf 85' lang='lat' dir='ltr'>deserta</span> <span class='ocrx_word' id='word_1_172' title='bbox 1579 1282 1618 1311; x_wconf 90' lang='lat' dir='ltr'>et</span> 
     </span>
     <span class='ocr_line' id='line_1_19' title="bbox 133 1315 1616 1364; baseline 0.004 -16"><span class='ocrx_word' id='word_1_173' title='bbox 133 1315 238 1349; x_wconf 73' lang='lat' dir='ltr'>laude</span> <span class='ocrx_word' id='word_1_174' title='bbox 247 1317 460 1352; x_wconf 58' lang='lat' dir='ltr'>orbatass—tl</span> <span class='ocrx_word' id='word_1_175' title='bbox 481 1319 566 1352; x_wconf 78' lang='lat' dir='ltr'>Ictu.</span> <span class='ocrx_word' id='word_1_176' title='bbox 589 1318 783 1362; x_wconf 78' lang='lat' dir='ltr'>Heins.ita,</span> <span class='ocrx_word' id='word_1_177' title='bbox 797 1320 850 1353; x_wconf 86' lang='lat' dir='ltr'>vel</span> <span class='ocrx_word' id='word_1_178' title='bbox 860 1321 918 1362; x_wconf 80' lang='lat' dir='ltr'>sic,</span> <span class='ocrx_word' id='word_1_179' title='bbox 934 1320 996 1353; x_wconf 90' lang='lat' dir='ltr'>sed</span> <span class='ocrx_word' id='word_1_180' title='bbox 1010 1330 1042 1353; x_wconf 87' lang='lat' dir='ltr'>v.</span> <span class='ocrx_word' id='word_1_181' title='bbox 1060 1320 1180 1354; x_wconf 84' lang='lat' dir='ltr'>Burm.</span> <span class='ocrx_word' id='word_1_182' title='bbox 1194 1320 1252 1364; x_wconf 85' lang='lat' dir='ltr'>qui</span> <span class='ocrx_word' id='word_1_183' title='bbox 1266 1320 1406 1362; x_wconf 84' lang='lat' dir='ltr'>probat,</span> <span class='ocrx_word' id='word_1_184' title='bbox 1417 1320 1452 1353; x_wconf 92' lang='lat' dir='ltr'>in</span> <span class='ocrx_word' id='word_1_185' title='bbox 1465 1321 1616 1354; x_wconf 87' lang='lat' dir='ltr'>lectione</span> 
     </span>
     <span class='ocr_line' id='line_1_20' title="bbox 134 1360 1618 1406; baseline 0.004 -15"><span class='ocrx_word' id='word_1_186' title='bbox 134 1360 278 1403; x_wconf 74' lang='lat' dir='ltr'>vulgata</span> <span class='ocrx_word' id='word_1_187' title='bbox 290 1366 438 1395; x_wconf 84' lang='lat' dir='ltr'>metrum</span> <span class='ocrx_word' id='word_1_188' title='bbox 454 1368 628 1404; x_wconf 73' lang='lat' dir='ltr'>constare,</span> <span class='ocrx_word' id='word_1_189' title='bbox 638 1373 751 1406; x_wconf 87' lang='lat' dir='ltr'>neque</span> <span class='ocrx_word' id='word_1_190' title='bbox 764 1363 1008 1396; x_wconf 86' lang='lat' dir='ltr'>emendatione</span> <span class='ocrx_word' id='word_1_191' title='bbox 1023 1373 1110 1406; x_wconf 90' lang='lat' dir='ltr'>opus</span> <span class='ocrx_word' id='word_1_192' title='bbox 1123 1367 1276 1397; x_wconf 52' lang='lat' dir='ltr'>essee-7</span> <span class='ocrx_word' id='word_1_193' title='bbox 1292 1363 1437 1404; x_wconf 80' lang='lat' dir='ltr'>Infestis.</span> <span class='ocrx_word' id='word_1_194' title='bbox 1461 1364 1618 1406; x_wconf 84' lang='lat' dir='ltr'>Rigaltii‚</span> 
     </span>
     <span class='ocr_line' id='line_1_21' title="bbox 135 1402 1616 1450; baseline 0.003 -14"><span class='ocrx_word' id='word_1_195' title='bbox 135 1402 299 1438; x_wconf 81' lang='lat' dir='ltr'>Nevelet.</span> <span class='ocrx_word' id='word_1_196' title='bbox 314 1405 519 1440; x_wconf 82' lang='lat' dir='ltr'>Rittershus.</span> <span class='ocrx_word' id='word_1_197' title='bbox 541 1406 673 1448; x_wconf 78' lang='lat' dir='ltr'>Ursini,</span> <span class='ocrx_word' id='word_1_198' title='bbox 689 1407 820 1440; x_wconf 89' lang='lat' dir='ltr'>Meurs.</span> <span class='ocrx_word' id='word_1_199' title='bbox 834 1408 880 1440; x_wconf 88' lang='lat' dir='ltr'>al.</span> <span class='ocrx_word' id='word_1_200' title='bbox 897 1407 1079 1440; x_wconf 90' lang='lat' dir='ltr'>Editiones</span> <span class='ocrx_word' id='word_1_201' title='bbox 1093 1407 1223 1440; x_wconf 87' lang='lat' dir='ltr'>habeut</span> <span class='ocrx_word' id='word_1_202' title='bbox 1237 1407 1388 1447; x_wconf 77' lang='lat' dir='ltr'>Infestus.</span> <span class='ocrx_word' id='word_1_203' title='bbox 1412 1408 1616 1450; x_wconf 80' lang='lat' dir='ltr'>Perperam.</span> 
     </span>
     <span class='ocr_line' id='line_1_22' title="bbox 135 1445 1616 1494; baseline 0.003 -15"><span class='ocrx_word' id='word_1_204' title='bbox 135 1445 269 1487; x_wconf 71' lang='lat' dir='ltr'>Infestis</span> <span class='ocrx_word' id='word_1_205' title='bbox 290 1454 347 1482; x_wconf 88' lang='lat' dir='ltr'>est</span> <span class='ocrx_word' id='word_1_206' title='bbox 367 1449 403 1481; x_wconf 83' lang='lat' dir='ltr'>in</span> <span class='ocrx_word' id='word_1_207' title='bbox 420 1449 508 1483; x_wconf 84' lang='lat' dir='ltr'>eod.</span> <span class='ocrx_word' id='word_1_208' title='bbox 525 1449 618 1482; x_wconf 81' lang='lat' dir='ltr'>Dan.</span> <span class='ocrx_word' id='word_1_209' title='bbox 635 1450 740 1493; x_wconf 89' lang='lat' dir='ltr'>quod,</span> <span class='ocrx_word' id='word_1_210' title='bbox 757 1451 836 1492; x_wconf 80' lang='lat' dir='ltr'>quia</span> <span class='ocrx_word' id='word_1_211' title='bbox 856 1454 910 1484; x_wconf 90' lang='lat' dir='ltr'>est</span> <span class='ocrx_word' id='word_1_212' title='bbox 931 1451 1039 1492; x_wconf 85' lang='lat' dir='ltr'>magis</span> <span class='ocrx_word' id='word_1_213' title='bbox 1063 1450 1249 1494; x_wconf 71' lang='lat' dir='ltr'>poeticum,</span> <span class='ocrx_word' id='word_1_214' title='bbox 1265 1455 1362 1484; x_wconf 84' lang='lat' dir='ltr'>reete</span> <span class='ocrx_word' id='word_1_215' title='bbox 1383 1451 1518 1493; x_wconf 83' lang='lat' dir='ltr'>placuit</span> <span class='ocrx_word' id='word_1_216' title='bbox 1533 1451 1616 1484; x_wconf 83' lang='lat' dir='ltr'>viris</span> 
     </span>
     <span class='ocr_line' id='line_1_23' title="bbox 134 1489 1615 1537; baseline 0.003 -14"><span class='ocrx_word' id='word_1_217' title='bbox 134 1489 260 1525; x_wconf 86' lang='lat' dir='ltr'>doctis.</span> <span class='ocrx_word' id='word_1_218' title='bbox 293 1490 492 1536; x_wconf 80' lang='lat' dir='ltr'>Anonymus</span> <span class='ocrx_word' id='word_1_219' title='bbox 507 1493 656 1527; x_wconf 84' lang='lat' dir='ltr'>Nilautii</span> <span class='ocrx_word' id='word_1_220' title='bbox 670 1493 837 1534; x_wconf 77' lang='lat' dir='ltr'>infestans.</span> <span class='ocrx_word' id='word_1_221' title='bbox 869 1494 951 1527; x_wconf 80' lang='lat' dir='ltr'>vid.</span> <span class='ocrx_word' id='word_1_222' title='bbox 965 1495 1076 1527; x_wconf 85' lang='lat' dir='ltr'>Notas</span> <span class='ocrx_word' id='word_1_223' title='bbox 1090 1495 1289 1528; x_wconf 83' lang='lat' dir='ltr'>Nilant.-—9</span> <span class='ocrx_word' id='word_1_224' title='bbox 1302 1494 1456 1527; x_wconf 79' lang='lat' dir='ltr'>Extudit.</span> <span class='ocrx_word' id='word_1_225' title='bbox 1479 1495 1615 1537; x_wconf 86' lang='lat' dir='ltr'>Recepi</span> 
     </span>
     <span class='ocr_line' id='line_1_24' title="bbox 133 1533 1615 1581; baseline 0.003 -14"><span class='ocrx_word' id='word_1_226' title='bbox 133 1533 319 1568; x_wconf 85' lang='lat' dir='ltr'>lectionem</span> <span class='ocrx_word' id='word_1_227' title='bbox 345 1536 414 1569; x_wconf 88' lang='lat' dir='ltr'>Ms.</span> <span class='ocrx_word' id='word_1_228' title='bbox 442 1536 544 1570; x_wconf 85' lang='lat' dir='ltr'>Rem.</span> <span class='ocrx_word' id='word_1_229' title='bbox 568 1541 606 1569; x_wconf 90' lang='lat' dir='ltr'>et</span> <span class='ocrx_word' id='word_1_230' title='bbox 630 1537 717 1571; x_wconf 90' lang='lat' dir='ltr'>Cod.</span> <span class='ocrx_word' id='word_1_231' title='bbox 739 1538 833 1571; x_wconf 84' lang='lat' dir='ltr'>Dan.</span> <span class='ocrx_word' id='word_1_232' title='bbox 876 1538 933 1570; x_wconf 90' lang='lat' dir='ltr'>Sic</span> <span class='ocrx_word' id='word_1_233' title='bbox 957 1547 1098 1581; x_wconf 84' lang='lat' dir='ltr'>quoque</span> <span class='ocrx_word' id='word_1_234' title='bbox 1123 1537 1309 1570; x_wconf 86' lang='lat' dir='ltr'>ediderunt</span> <span class='ocrx_word' id='word_1_235' title='bbox 1332 1537 1541 1579; x_wconf 80' lang='lat' dir='ltr'>Gronovius,</span> <span class='ocrx_word' id='word_1_236' title='bbox 1554 1539 1615 1581; x_wconf 88' lang='lat' dir='ltr'>qui</span> 
     </span>
     <span class='ocr_line' id='line_1_25' title="bbox 134 1578 1618 1624; baseline 0.003 -14"><span class='ocrx_word' id='word_1_237' title='bbox 134 1581 250 1611; x_wconf 82' lang='lat' dir='ltr'>tamen</span> <span class='ocrx_word' id='word_1_238' title='bbox 264 1580 385 1612; x_wconf 71' lang='lat' dir='ltr'>exterit</span> <span class='ocrx_word' id='word_1_239' title='bbox 400 1583 519 1613; x_wconf 90' lang='lat' dir='ltr'>tuetur</span> <span class='ocrx_word' id='word_1_240' title='bbox 538 1579 583 1612; x_wconf 88' lang='lat' dir='ltr'>ad</span> <span class='ocrx_word' id='word_1_241' title='bbox 601 1580 722 1613; x_wconf 88' lang='lat' dir='ltr'>Seuec.</span> <span class='ocrx_word' id='word_1_242' title='bbox 745 1581 851 1613; x_wconf 87' lang='lat' dir='ltr'>Brev.</span> <span class='ocrx_word' id='word_1_243' title='bbox 868 1580 941 1613; x_wconf 82' lang='lat' dir='ltr'>vit.</span> <span class='ocrx_word' id='word_1_244' title='bbox 956 1590 988 1613; x_wconf 93' lang='lat' dir='ltr'>c.</span> <span class='ocrx_word' id='word_1_245' title='bbox 1005 1584 1058 1614; x_wconf 75' lang='lat'>13.</span> <span class='ocrx_word' id='word_1_246' title='bbox 1080 1578 1172 1614; x_wconf 82' lang='lat' dir='ltr'>teste</span> <span class='ocrx_word' id='word_1_247' title='bbox 1188 1581 1408 1621; x_wconf 76' lang='lat' dir='ltr'>Burmanno3</span> <span class='ocrx_word' id='word_1_248' title='bbox 1431 1581 1618 1624; x_wconf 87' lang='lat' dir='ltr'>Funccius,</span> 
     </span>
     <span class='ocr_line' id='line_1_26' title="bbox 134 1620 1615 1665; baseline 0.003 -11"><span class='ocrx_word' id='word_1_249' title='bbox 134 1620 315 1655; x_wconf 69' lang='lat' dir='ltr'>Suntoroe.</span> <span class='ocrx_word' id='word_1_250' title='bbox 340 1622 493 1656; x_wconf 85' lang='lat' dir='ltr'>Richter.</span> <span class='ocrx_word' id='word_1_251' title='bbox 516 1623 628 1665; x_wconf 83' lang='lat' dir='ltr'>prima</span> <span class='ocrx_word' id='word_1_252' title='bbox 649 1623 850 1664; x_wconf 78' lang='lat' dir='ltr'>Burmanni,</span> <span class='ocrx_word' id='word_1_253' title='bbox 870 1623 1014 1657; x_wconf 86' lang='lat' dir='ltr'>Petsch.</span> <span class='ocrx_word' id='word_1_254' title='bbox 1030 1624 1181 1657; x_wconf 87' lang='lat' dir='ltr'>Brotier.</span> <span class='ocrx_word' id='word_1_255' title='bbox 1199 1625 1391 1658; x_wconf 89' lang='lat' dir='ltr'>Desbillon.</span> <span class='ocrx_word' id='word_1_256' title='bbox 1434 1624 1494 1658; x_wconf 88' lang='lat' dir='ltr'>Sic</span> <span class='ocrx_word' id='word_1_257' title='bbox 1509 1626 1615 1658; x_wconf 84' lang='lat' dir='ltr'>etiam</span> 
     </span>
     <span class='ocr_line' id='line_1_27' title="bbox 131 1663 1615 1708; baseline 0.003 -11"><span class='ocrx_word' id='word_1_258' title='bbox 131 1663 202 1706; x_wconf 77' lang='lat' dir='ltr'>legi</span> <span class='ocrx_word' id='word_1_259' title='bbox 209 1665 316 1707; x_wconf 86' lang='lat' dir='ltr'>jubet</span> <span class='ocrx_word' id='word_1_260' title='bbox 330 1665 488 1707; x_wconf 82' lang='lat' dir='ltr'>Gudius3</span> <span class='ocrx_word' id='word_1_261' title='bbox 511 1667 636 1700; x_wconf 78' lang='lat' dir='ltr'>statuit</span> <span class='ocrx_word' id='word_1_262' title='bbox 650 1666 755 1708; x_wconf 88' lang='lat' dir='ltr'>enim,</span> <span class='ocrx_word' id='word_1_263' title='bbox 770 1677 791 1699; x_wconf 87' lang='lat' dir='ltr'>a</span> <span class='ocrx_word' id='word_1_264' title='bbox 803 1667 1115 1700; x_wconf 80' lang='lat' dir='ltr'>vetustissimorum</span> <span class='ocrx_word' id='word_1_265' title='bbox 1137 1668 1302 1701; x_wconf 86' lang='lat' dir='ltr'>librorum</span> <span class='ocrx_word' id='word_1_266' title='bbox 1318 1668 1531 1701; x_wconf 81' lang='lat' dir='ltr'>auctoritate</span> <span class='ocrx_word' id='word_1_267' title='bbox 1545 1678 1615 1702; x_wconf 92' lang='lat' dir='ltr'>non</span> 
     </span>
     <span class='ocr_line' id='line_1_28' title="bbox 133 1709 1615 1755; baseline 0.002 -14"><span class='ocrx_word' id='word_1_268' title='bbox 133 1711 268 1742; x_wconf 84' lang='lat' dir='ltr'>temere</span> <span class='ocrx_word' id='word_1_269' title='bbox 283 1719 359 1742; x_wconf 89' lang='lat' dir='ltr'>esse</span> <span class='ocrx_word' id='word_1_270' title='bbox 373 1709 607 1743; x_wconf 87' lang='lat' dir='ltr'>recedendum</span> <span class='ocrx_word' id='word_1_271' title='bbox 618 1721 629 1750; x_wconf 68' lang='grc' dir='ltr'><strong><em>ς</em></strong></span> <span class='ocrx_word' id='word_1_272' title='bbox 645 1715 750 1753; x_wconf 87' lang='lat' dir='ltr'>atque</span> <span class='ocrx_word' id='word_1_273' title='bbox 761 1710 879 1751; x_wconf 84' lang='lat' dir='ltr'>etiam,</span> <span class='ocrx_word' id='word_1_274' title='bbox 888 1711 914 1743; x_wconf 92' lang='lat' dir='ltr'>si</span> <span class='ocrx_word' id='word_1_275' title='bbox 927 1711 979 1744; x_wconf 87' lang='lat' dir='ltr'>ita</span> <span class='ocrx_word' id='word_1_276' title='bbox 993 1711 1146 1754; x_wconf 80' lang='lat' dir='ltr'>legatur,</span> <span class='ocrx_word' id='word_1_277' title='bbox 1158 1711 1345 1744; x_wconf 88' lang='lat' dir='ltr'>convenire</span> <span class='ocrx_word' id='word_1_278' title='bbox 1355 1716 1525 1753; x_wconf 83' lang='lat' dir='ltr'>tempora,</span> <span class='ocrx_word' id='word_1_279' title='bbox 1536 1722 1615 1755; x_wconf 81' lang='lat' dir='ltr'>qnae</span> 
     </span>
     <span class='ocr_line' id='line_1_29' title="bbox 134 1751 1616 1797; baseline 0.003 -14"><span class='ocrx_word' id='word_1_280' title='bbox 134 1751 338 1795; x_wconf 80' lang='lat' dir='ltr'>ceteroquin</span> <span class='ocrx_word' id='word_1_281' title='bbox 361 1752 577 1795; x_wconf 80' lang='lat' dir='ltr'>discrepent.</span> <span class='ocrx_word' id='word_1_282' title='bbox 622 1753 758 1786; x_wconf 85' lang='lat' dir='ltr'>Laudat</span> <span class='ocrx_word' id='word_1_283' title='bbox 781 1758 898 1787; x_wconf 88' lang='lat' dir='ltr'>autem</span> <span class='ocrx_word' id='word_1_284' title='bbox 922 1754 1021 1787; x_wconf 88' lang='lat' dir='ltr'>Suet.</span> <span class='ocrx_word' id='word_1_285' title='bbox 1055 1755 1162 1797; x_wconf 87' lang='lat' dir='ltr'>Vesp.</span> <span class='ocrx_word' id='word_1_286' title='bbox 1186 1758 1219 1787; x_wconf 83' lang='lat'>2.</span> <span class='ocrx_word' id='word_1_287' title='bbox 1241 1755 1252 1773; x_wconf 88' lang='lat'>‘</span> <span class='ocrx_word' id='word_1_288' title='bbox 1269 1765 1311 1788; x_wconf 85' lang='lat' dir='ltr'>ea</span> <span class='ocrx_word' id='word_1_289' title='bbox 1324 1755 1461 1787; x_wconf 88' lang='lat' dir='ltr'>demum</span> <span class='ocrx_word' id='word_1_290' title='bbox 1477 1756 1616 1788; x_wconf 87' lang='lat' dir='ltr'>extudit</span> 
     </span>
     <span class='ocr_line' id='line_1_30' title="bbox 132 1794 1615 1840; baseline 0.003 -13"><span class='ocrx_word' id='word_1_291' title='bbox 132 1794 243 1838; x_wconf 69' lang='lat' dir='ltr'>magis</span> <span class='ocrx_word' id='word_1_292' title='bbox 257 1795 428 1838; x_wconf 83' lang='lat' dir='ltr'>convicio,</span> <span class='ocrx_word' id='word_1_293' title='bbox 441 1807 543 1840; x_wconf 88' lang='lat' dir='ltr'>quam</span> <span class='ocrx_word' id='word_1_294' title='bbox 559 1797 733 1840; x_wconf 80' lang='lat' dir='ltr'>precibus,</span> <span class='ocrx_word' id='word_1_295' title='bbox 746 1797 804 1830; x_wconf 89' lang='lat' dir='ltr'>vel</span> <span class='ocrx_word' id='word_1_296' title='bbox 816 1797 1028 1831; x_wconf 85' lang='lat' dir='ltr'>auctoritate</span> <span class='ocrx_word' id='word_1_297' title='bbox 1041 1796 1064 1838; x_wconf 92' lang='lat'>;&#39;</span> <span class='ocrx_word' id='word_1_298' title='bbox 1088 1798 1123 1830; x_wconf 87' lang='lat' dir='ltr'>in</span> <span class='ocrx_word' id='word_1_299' title='bbox 1137 1809 1205 1840; x_wconf 87' lang='lat' dir='ltr'>quo</span> <span class='ocrx_word' id='word_1_300' title='bbox 1218 1803 1334 1831; x_wconf 82' lang='lat' dir='ltr'>tamen</span> <span class='ocrx_word' id='word_1_301' title='bbox 1348 1799 1425 1832; x_wconf 90' lang='lat' dir='ltr'>loco</span> <span class='ocrx_word' id='word_1_302' title='bbox 1435 1797 1475 1830; x_wconf 80' lang='grc' dir='ltr'>τὸ</span> <span class='ocrx_word' id='word_1_303' title='bbox 1488 1800 1615 1832; x_wconf 76' lang='lat' dir='ltr'>extudit</span> 
     </span>
     <span class='ocr_line' id='line_1_31' title="bbox 132 1837 1615 1884; baseline 0.003 -13"><span class='ocrx_word' id='word_1_304' title='bbox 132 1837 178 1871; x_wconf 86' lang='lat' dir='ltr'>de</span> <span class='ocrx_word' id='word_1_305' title='bbox 203 1839 359 1874; x_wconf 81' lang='lat' dir='ltr'>violenta</span> <span class='ocrx_word' id='word_1_306' title='bbox 386 1845 424 1874; x_wconf 89' lang='lat' dir='ltr'>et</span> <span class='ocrx_word' id='word_1_307' title='bbox 450 1840 578 1883; x_wconf 75' lang='lat' dir='ltr'>saepius</span> <span class='ocrx_word' id='word_1_308' title='bbox 607 1841 760 1883; x_wconf 88' lang='lat' dir='ltr'>repetita</span> <span class='ocrx_word' id='word_1_309' title='bbox 788 1841 1011 1883; x_wconf 80' lang='lat' dir='ltr'>percussione</span> <span class='ocrx_word' id='word_1_310' title='bbox 1037 1841 1098 1874; x_wconf 83' lang='lat' dir='ltr'>vix</span> <span class='ocrx_word' id='word_1_311' title='bbox 1126 1842 1206 1884; x_wconf 78' lang='lat' dir='ltr'>capi</span> <span class='ocrx_word' id='word_1_312' title='bbox 1237 1846 1365 1884; x_wconf 86' lang='lat' dir='ltr'>potest.</span> <span class='ocrx_word' id='word_1_313' title='bbox 1409 1842 1615 1875; x_wconf 85' lang='lat' dir='ltr'>Lectionem</span> 
     </span>
     <span class='ocr_line' id='line_1_32' title="bbox 131 1882 1616 1928; baseline 0.003 -13"><span class='ocrx_word' id='word_1_314' title='bbox 131 1882 258 1915; x_wconf 69' lang='lat' dir='ltr'>extudit</span> <span class='ocrx_word' id='word_1_315' title='bbox 294 1882 550 1927; x_wconf 80' lang='lat' dir='ltr'>quodammodo</span> <span class='ocrx_word' id='word_1_316' title='bbox 585 1883 767 1916; x_wconf 84' lang='lat' dir='ltr'>confirmat</span> <span class='ocrx_word' id='word_1_317' title='bbox 803 1885 970 1917; x_wconf 77' lang='lat' dir='ltr'>Romulus</span> <span class='ocrx_word' id='word_1_318' title='bbox 1012 1885 1199 1926; x_wconf 85' lang='lat' dir='ltr'>Ulmensis‚</span> <span class='ocrx_word' id='word_1_319' title='bbox 1227 1885 1319 1926; x_wconf 88' lang='lat' dir='ltr'>apud</span> <span class='ocrx_word' id='word_1_320' title='bbox 1355 1895 1457 1928; x_wconf 86' lang='lat' dir='ltr'>quem</span> <span class='ocrx_word' id='word_1_321' title='bbox 1486 1886 1616 1928; x_wconf 86' lang='lat' dir='ltr'>legitur</span> 
     </span>
     <span class='ocr_line' id='line_1_33' title="bbox 130 1926 1614 1971; baseline 0.002 -12"><span class='ocrx_word' id='word_1_322' title='bbox 130 1926 286 1959; x_wconf 73' lang='lat' dir='ltr'>contudit.</span> <span class='ocrx_word' id='word_1_323' title='bbox 331 1926 452 1960; x_wconf 85' lang='lat' dir='ltr'>Codex</span> <span class='ocrx_word' id='word_1_324' title='bbox 474 1927 571 1960; x_wconf 90' lang='lat' dir='ltr'>Pith.</span> <span class='ocrx_word' id='word_1_325' title='bbox 596 1927 787 1971; x_wconf 86' lang='lat' dir='ltr'>antiquitus</span> <span class='ocrx_word' id='word_1_326' title='bbox 807 1927 969 1961; x_wconf 85' lang='lat' dir='ltr'>habuisse</span> <span class='ocrx_word' id='word_1_327' title='bbox 989 1928 1128 1961; x_wconf 90' lang='lat' dir='ltr'>videtur</span> <span class='ocrx_word' id='word_1_328' title='bbox 1148 1928 1286 1970; x_wconf 74' lang='lat' dir='ltr'>extudit,</span> <span class='ocrx_word' id='word_1_329' title='bbox 1300 1933 1393 1961; x_wconf 88' lang='lat' dir='ltr'>teste</span> <span class='ocrx_word' id='word_1_330' title='bbox 1415 1929 1614 1970; x_wconf 90' lang='lat' dir='ltr'>Brotierio;</span> 
     </span>
     <span class='ocr_line' id='line_1_34' title="bbox 131 1968 1615 2014; baseline 0.002 -13"><span class='ocrx_word' id='word_1_331' title='bbox 131 1968 195 2002; x_wconf 82' lang='lat' dir='ltr'>sed</span> <span class='ocrx_word' id='word_1_332' title='bbox 226 1969 362 2003; x_wconf 81' lang='lat' dir='ltr'>recenti</span> <span class='ocrx_word' id='word_1_333' title='bbox 386 1980 492 2003; x_wconf 84' lang='lat' dir='ltr'>manu</span> <span class='ocrx_word' id='word_1_334' title='bbox 517 1971 739 2004; x_wconf 87' lang='lat' dir='ltr'>emendatum</span> <span class='ocrx_word' id='word_1_335' title='bbox 770 1971 928 2012; x_wconf 73' lang='lat' dir='ltr'>extorxie,</span> <span class='ocrx_word' id='word_1_336' title='bbox 958 1982 1028 2004; x_wconf 91' lang='lat' dir='ltr'>non</span> <span class='ocrx_word' id='word_1_337' title='bbox 1049 1971 1207 2013; x_wconf 69' lang='lat' dir='ltr'>exter-xit,</span> <span class='ocrx_word' id='word_1_338' title='bbox 1232 1972 1324 2014; x_wconf 90' lang='lat' dir='ltr'>quod</span> <span class='ocrx_word' id='word_1_339' title='bbox 1347 1972 1422 2004; x_wconf 87' lang='lat' dir='ltr'>vult</span> <span class='ocrx_word' id='word_1_340' title='bbox 1437 1972 1615 2006; x_wconf 73' lang='lat' dir='ltr'>Heinsius.</span> 
     </span>
     <span class='ocr_line' id='line_1_35' title="bbox 132 2011 1614 2056; baseline 0.002 -11"><span class='ocrx_word' id='word_1_341' title='bbox 132 2011 222 2046; x_wconf 79' lang='lat' dir='ltr'>Inde</span> <span class='ocrx_word' id='word_1_342' title='bbox 236 2012 395 2046; x_wconf 71' lang='lat' dir='ltr'>Pithoeus</span> <span class='ocrx_word' id='word_1_343' title='bbox 421 2014 621 2047; x_wconf 81' lang='lat' dir='ltr'>emendavit</span> <span class='ocrx_word' id='word_1_344' title='bbox 647 2015 780 2054; x_wconf 79' lang='lat' dir='ltr'>exterit,</span> <span class='ocrx_word' id='word_1_345' title='bbox 803 2014 827 2047; x_wconf 91' lang='lat' dir='ltr'>i.</span> <span class='ocrx_word' id='word_1_346' title='bbox 839 2025 870 2047; x_wconf 92' lang='lat' dir='ltr'>e.</span> <span class='ocrx_word' id='word_1_347' title='bbox 895 2015 1110 2048; x_wconf 81' lang='lat' dir='ltr'>calcitrando</span> <span class='ocrx_word' id='word_1_348' title='bbox 1134 2014 1334 2056; x_wconf 78' lang='lat' dir='ltr'>confringit.</span> <span class='ocrx_word' id='word_1_349' title='bbox 1379 2015 1444 2047; x_wconf 91' lang='lat' dir='ltr'>Cui</span> <span class='ocrx_word' id='word_1_350' title='bbox 1470 2015 1614 2049; x_wconf 89' lang='lat' dir='ltr'>lectioni</span> 
     </span>
     <span class='ocr_line' id='line_1_36' title="bbox 131 2053 1614 2102; baseline 0.003 -15"><span class='ocrx_word' id='word_1_351' title='bbox 131 2053 230 2089; x_wconf 79' lang='lat' dir='ltr'>favet</span> <span class='ocrx_word' id='word_1_352' title='bbox 247 2056 345 2090; x_wconf 85' lang='lat' dir='ltr'>locus</span> <span class='ocrx_word' id='word_1_353' title='bbox 367 2056 471 2090; x_wconf 81' lang='lat' dir='ltr'>Statii</span> <span class='ocrx_word' id='word_1_354' title='bbox 483 2057 593 2090; x_wconf 85' lang='lat' dir='ltr'>Theb.</span> <span class='ocrx_word' id='word_1_355' title='bbox 617 2057 680 2091; x_wconf 90' lang='lat' dir='ltr'>lib.</span> <span class='ocrx_word' id='word_1_356' title='bbox 696 2066 733 2090; x_wconf 83' lang='lat' dir='ltr'>x.</span> <span class='ocrx_word' id='word_1_357' title='bbox 750 2060 829 2090; x_wconf 79' lang='grc'>473.</span> <span class='ocrx_word' id='word_1_358' title='bbox 851 2058 862 2076; x_wconf 91' lang='lat'>‘</span> <span class='ocrx_word' id='word_1_359' title='bbox 878 2058 995 2099; x_wconf 81' lang='lat' dir='ltr'>gravis</span> <span class='ocrx_word' id='word_1_360' title='bbox 1011 2057 1142 2090; x_wconf 83' lang='lat' dir='ltr'>exterit</span> <span class='ocrx_word' id='word_1_361' title='bbox 1158 2062 1255 2090; x_wconf 85' lang='lat' dir='ltr'>artus</span> <span class='ocrx_word' id='word_1_362' title='bbox 1271 2058 1435 2100; x_wconf 80' lang='lat' dir='ltr'>Ungula,’</span> <span class='ocrx_word' id='word_1_363' title='bbox 1450 2058 1494 2091; x_wconf 84' lang='lat' dir='ltr'>ad</span> <span class='ocrx_word' id='word_1_364' title='bbox 1510 2069 1614 2102; x_wconf 88' lang='lat' dir='ltr'>quem</span> 
     </span>
     <span class='ocr_line' id='line_1_37' title="bbox 130 2098 1613 2144; baseline 0.002 -12"><span class='ocrx_word' id='word_1_365' title='bbox 130 2098 260 2140; x_wconf 79' lang='lat' dir='ltr'>locum,</span> <span class='ocrx_word' id='word_1_366' title='bbox 273 2098 477 2133; x_wconf 77' lang='lat' dir='ltr'>aSelieffero</span> <span class='ocrx_word' id='word_1_367' title='bbox 492 2100 694 2141; x_wconf 88' lang='lat' dir='ltr'>adductum,</span> <span class='ocrx_word' id='word_1_368' title='bbox 705 2100 923 2133; x_wconf 83' lang='lat' dir='ltr'>Burmannus</span> <span class='ocrx_word' id='word_1_369' title='bbox 939 2100 1057 2133; x_wconf 82' lang='lat' dir='ltr'>laudat</span> <span class='ocrx_word' id='word_1_370' title='bbox 1072 2100 1266 2134; x_wconf 86' lang='lat' dir='ltr'>Barthium.</span> <span class='ocrx_word' id='word_1_371' title='bbox 1298 2101 1451 2144; x_wconf 85' lang='lat' dir='ltr'>Recepit</span> <span class='ocrx_word' id='word_1_372' title='bbox 1465 2102 1613 2135; x_wconf 82' lang='lat' dir='ltr'>eandem</span> 
     </span>
     <span class='ocr_line' id='line_1_38' title="bbox 125 2141 1613 2186; baseline 0.001 -10"><span class='ocrx_word' id='word_1_373' title='bbox 125 2141 204 2184; x_wconf 77' lang='lat' dir='ltr'>jun</span> <span class='ocrx_word' id='word_1_374' title='bbox 217 2142 299 2175; x_wconf 88' lang='lat' dir='ltr'>olim</span> <span class='ocrx_word' id='word_1_375' title='bbox 311 2142 519 2183; x_wconf 80' lang='lat' dir='ltr'>Neveletus‚</span> <span class='ocrx_word' id='word_1_376' title='bbox 537 2148 644 2186; x_wconf 81' lang='lat' dir='ltr'>atque</span> <span class='ocrx_word' id='word_1_377' title='bbox 659 2143 765 2176; x_wconf 82' lang='lat' dir='ltr'>etiam</span> <span class='ocrx_word' id='word_1_378' title='bbox 787 2148 867 2185; x_wconf 87' lang='lat' dir='ltr'>post</span> <span class='ocrx_word' id='word_1_379' title='bbox 885 2143 1050 2176; x_wconf 88' lang='lat' dir='ltr'>Ursinum</span> <span class='ocrx_word' id='word_1_380' title='bbox 1066 2142 1212 2185; x_wconf 74' lang='lat' dir='ltr'>praefert</span> <span class='ocrx_word' id='word_1_381' title='bbox 1230 2145 1459 2185; x_wconf 80' lang='lat' dir='ltr'>Burmannus,</span> <span class='ocrx_word' id='word_1_382' title='bbox 1474 2146 1530 2178; x_wconf 89' lang='lat' dir='ltr'>cui</span> <span class='ocrx_word' id='word_1_383' title='bbox 1543 2155 1613 2178; x_wconf 88' lang='lat' dir='ltr'>nou</span> 
     </span>
     <span class='ocr_line' id='line_1_39' title="bbox 131 2185 1614 2230; baseline 0.003 -12"><span class='ocrx_word' id='word_1_384' title='bbox 131 2185 316 2219; x_wconf 83' lang='lat' dir='ltr'>verisimile</span> <span class='ocrx_word' id='word_1_385' title='bbox 330 2185 482 2228; x_wconf 85' lang='lat' dir='ltr'>videtur,</span> <span class='ocrx_word' id='word_1_386' title='bbox 503 2185 684 2219; x_wconf 84' lang='lat' dir='ltr'>librarium</span> <span class='ocrx_word' id='word_1_387' title='bbox 709 2186 773 2219; x_wconf 87' lang='lat' dir='ltr'>hoc</span> <span class='ocrx_word' id='word_1_388' title='bbox 795 2186 940 2219; x_wconf 84' lang='lat' dir='ltr'>verbum</span> <span class='ocrx_word' id='word_1_389' title='bbox 955 2187 1089 2229; x_wconf 78' lang='lat' dir='ltr'>vulgari</span> <span class='ocrx_word' id='word_1_390' title='bbox 1112 2189 1240 2220; x_wconf 80' lang='lat' dir='ltr'>extudit</span> <span class='ocrx_word' id='word_1_391' title='bbox 1265 2189 1502 2230; x_wconf 78' lang='lat' dir='ltr'>supposuisse.</span> <span class='ocrx_word' id='word_1_392' title='bbox 1548 2189 1614 2223; x_wconf 87' lang='lat' dir='ltr'>Cui</span> 
     </span>
     <span class='ocr_line' id='line_1_40' title="bbox 132 2229 1614 2274; baseline 0.002 -12"><span class='ocrx_word' id='word_1_393' title='bbox 132 2229 353 2271; x_wconf 77' lang='lat' dir='ltr'>accederem,</span> <span class='ocrx_word' id='word_1_394' title='bbox 379 2229 410 2262; x_wconf 88' lang='lat' dir='ltr'>si</span> <span class='ocrx_word' id='word_1_395' title='bbox 423 2229 544 2262; x_wconf 80' lang='lat' dir='ltr'>exterit</span> <span class='ocrx_word' id='word_1_396' title='bbox 567 2234 662 2262; x_wconf 88' lang='lat' dir='ltr'>esset</span> <span class='ocrx_word' id='word_1_397' title='bbox 683 2229 720 2262; x_wconf 90' lang='lat' dir='ltr'>in</span> <span class='ocrx_word' id='word_1_398' title='bbox 743 2229 834 2262; x_wconf 88' lang='lat' dir='ltr'>libro</span> <span class='ocrx_word' id='word_1_399' title='bbox 857 2231 1002 2273; x_wconf 84' lang='lat' dir='ltr'>scripto,</span> <span class='ocrx_word' id='word_1_400' title='bbox 1017 2231 1053 2262; x_wconf 91' lang='lat' dir='ltr'>in</span> <span class='ocrx_word' id='word_1_401' title='bbox 1073 2240 1141 2273; x_wconf 90' lang='lat' dir='ltr'>quo</span> <span class='ocrx_word' id='word_1_402' title='bbox 1163 2235 1279 2263; x_wconf 78' lang='lat' dir='ltr'>tamen</span> <span class='ocrx_word' id='word_1_403' title='bbox 1302 2231 1434 2274; x_wconf 88' lang='lat' dir='ltr'>legitur</span> <span class='ocrx_word' id='word_1_404' title='bbox 1456 2234 1614 2274; x_wconf 72' lang='lat' dir='ltr'>extorxit,</span> 
     </span>
     <span class='ocr_line' id='line_1_41' title="bbox 130 2272 1613 2348; baseline 0.002 -43"><span class='ocrx_word' id='word_1_405' title='bbox 130 2272 225 2348; x_wconf 58' lang='lat'>{⁰⁰⁶</span> <span class='ocrx_word' id='word_1_406' title='bbox 244 2277 299 2306; x_wconf 82' lang='lat' dir='ltr'>est</span> <span class='ocrx_word' id='word_1_407' title='bbox 321 2282 343 2305; x_wconf 88' lang='lat' dir='ltr'>a</span> <span class='ocrx_word' id='word_1_408' title='bbox 353 2281 456 2306; x_wconf 81' lang='lat' dir='ltr'>manu</span> <span class='ocrx_word' id='word_1_409' title='bbox 470 2273 635 2315; x_wconf 80' lang='lat' dir='ltr'>secunda,</span> <span class='ocrx_word' id='word_1_410' title='bbox 654 2282 722 2306; x_wconf 90' lang='lat' dir='ltr'>non</span> <span class='ocrx_word' id='word_1_411' title='bbox 739 2273 868 2316; x_wconf 79' lang='lat' dir='ltr'>prima3</span> <span class='ocrx_word' id='word_1_412' title='bbox 893 2273 985 2306; x_wconf 87' lang='lat' dir='ltr'>uude</span> <span class='ocrx_word' id='word_1_413' title='bbox 1000 2274 1158 2307; x_wconf 78' lang='lat' dir='ltr'>Pithoeus</span> <span class='ocrx_word' id='word_1_414' title='bbox 1171 2273 1402 2317; x_wconf 29' lang='lat' dir='ltr'>fecitrezcterit,</span> <span class='ocrx_word' id='word_1_415' title='bbox 1417 2276 1507 2318; x_wconf 89' lang='lat' dir='ltr'>quod</span> <span class='ocrx_word' id='word_1_416' title='bbox 1523 2275 1613 2309; x_wconf 76' lang='lat' dir='ltr'>falso</span> 
     </span>
    </p>

    <p class='ocr_par' dir='ltr' id='par_1_10' title="bbox 130 2316 1614 2535">
     <span class='ocr_line' id='line_1_42' title="bbox 164 2316 1611 2362; baseline 0.002 -13"><span class='ocrx_word' id='word_1_417' title='bbox 164 2316 312 2350; x_wconf 84' lang='lat' dir='ltr'>entleins</span> <span class='ocrx_word' id='word_1_418' title='bbox 334 2316 517 2349; x_wconf 86' lang='lat' dir='ltr'>contendit</span> <span class='ocrx_word' id='word_1_419' title='bbox 541 2326 617 2350; x_wconf 88' lang='lat' dir='ltr'>esse</span> <span class='ocrx_word' id='word_1_420' title='bbox 633 2317 668 2349; x_wconf 89' lang='lat' dir='ltr'>in</span> <span class='ocrx_word' id='word_1_421' title='bbox 684 2316 772 2350; x_wconf 91' lang='lat' dir='ltr'>Cod.</span> <span class='ocrx_word' id='word_1_422' title='bbox 787 2317 857 2350; x_wconf 75' lang='lat' dir='ltr'>Mn.</span> <span class='ocrx_word' id='word_1_423' title='bbox 903 2317 960 2349; x_wconf 88' lang='lat' dir='ltr'>An</span> <span class='ocrx_word' id='word_1_424' title='bbox 984 2316 1074 2350; x_wconf 78' lang='lat' dir='ltr'>sorte</span> <span class='ocrx_word' id='word_1_425' title='bbox 1088 2317 1183 2350; x_wconf 87' lang='lat' dir='ltr'>rudis</span> <span class='ocrx_word' id='word_1_426' title='bbox 1199 2318 1373 2360; x_wconf 83' lang='lat' dir='ltr'>librarius,</span> <span class='ocrx_word' id='word_1_427' title='bbox 1388 2319 1446 2362; x_wconf 84' lang='lat' dir='ltr'>qni</span> <span class='ocrx_word' id='word_1_428' title='bbox 1468 2319 1611 2352; x_wconf 89' lang='lat' dir='ltr'>verbum</span> 
     </span>
     <span class='ocr_line' id='line_1_43' title="bbox 130 2359 1614 2404; baseline 0.001 -12"><span class='ocrx_word' id='word_1_429' title='bbox 130 2359 255 2401; x_wconf 80' lang='lat' dir='ltr'>primae</span> <span class='ocrx_word' id='word_1_430' title='bbox 279 2369 401 2393; x_wconf 86' lang='lat' dir='ltr'>manus</span> <span class='ocrx_word' id='word_1_431' title='bbox 423 2369 492 2393; x_wconf 90' lang='lat' dir='ltr'>non</span> <span class='ocrx_word' id='word_1_432' title='bbox 517 2359 749 2403; x_wconf 80' lang='lat' dir='ltr'>intelligebat,</span> <span class='ocrx_word' id='word_1_433' title='bbox 775 2359 983 2393; x_wconf 81' lang='lat' dir='ltr'>emendandi</span> <span class='ocrx_word' id='word_1_434' title='bbox 1010 2361 1187 2404; x_wconf 79' lang='lat' dir='ltr'>prurigine</span> <span class='ocrx_word' id='word_1_435' title='bbox 1213 2361 1391 2404; x_wconf 86' lang='lat' dir='ltr'>abreptus,</span> <span class='ocrx_word' id='word_1_436' title='bbox 1414 2362 1614 2395; x_wconf 83' lang='lat' dir='ltr'>emendavit</span> 
     </span>
     <span class='ocr_line' id='line_1_44' title="bbox 130 2402 1610 2448; baseline 0.001 -13"><span class='ocrx_word' id='word_1_437' title='bbox 130 2404 289 2445; x_wconf 65' lang='lat' dir='ltr'>ator-xit,</span> <span class='ocrx_word' id='word_1_438' title='bbox 303 2412 381 2436; x_wconf 89' lang='lat' dir='ltr'>cum</span> <span class='ocrx_word' id='word_1_439' title='bbox 402 2403 557 2436; x_wconf 83' lang='lat' dir='ltr'>scribere</span> <span class='ocrx_word' id='word_1_440' title='bbox 579 2403 757 2436; x_wconf 82' lang='lat' dir='ltr'>debuisset</span> <span class='ocrx_word' id='word_1_441' title='bbox 772 2402 936 2437; x_wconf 77' lang='lat' dir='ltr'>extorsit?</span> <span class='ocrx_word' id='word_1_442' title='bbox 972 2404 1154 2447; x_wconf 87' lang='lat' dir='ltr'>Bipoutini</span> <span class='ocrx_word' id='word_1_443' title='bbox 1176 2405 1296 2447; x_wconf 89' lang='lat' dir='ltr'>legunt</span> <span class='ocrx_word' id='word_1_444' title='bbox 1318 2405 1453 2446; x_wconf 77' lang='lat' dir='ltr'>excutit,</span> <span class='ocrx_word' id='word_1_445' title='bbox 1468 2405 1560 2448; x_wconf 86' lang='lat' dir='ltr'>qnod</span> <span class='ocrx_word' id='word_1_446' title='bbox 1575 2406 1610 2438; x_wconf 90' lang='lat' dir='ltr'>in</span> 
     </span>
     <span class='ocr_line' id='line_1_45' title="bbox 132 2445 1610 2491; baseline 0.002 -13"><span class='ocrx_word' id='word_1_447' title='bbox 132 2445 233 2479; x_wconf 81' lang='lat' dir='ltr'>simili</span> <span class='ocrx_word' id='word_1_448' title='bbox 249 2455 287 2479; x_wconf 91' lang='lat' dir='ltr'>re</span> <span class='ocrx_word' id='word_1_449' title='bbox 300 2446 425 2489; x_wconf 87' lang='lat' dir='ltr'>passim</span> <span class='ocrx_word' id='word_1_450' title='bbox 442 2446 599 2480; x_wconf 85' lang='lat' dir='ltr'>occurrit</span> <span class='ocrx_word' id='word_1_451' title='bbox 612 2448 647 2479; x_wconf 89' lang='lat' dir='ltr'>in</span> <span class='ocrx_word' id='word_1_452' title='bbox 664 2447 787 2490; x_wconf 81' lang='lat' dir='ltr'>priscis</span> <span class='ocrx_word' id='word_1_453' title='bbox 801 2447 1050 2490; x_wconf 79' lang='lat' dir='ltr'>scriptoribus3</span> <span class='ocrx_word' id='word_1_454' title='bbox 1075 2448 1124 2480; x_wconf 90' lang='lat' dir='ltr'>sic</span> <span class='ocrx_word' id='word_1_455' title='bbox 1135 2452 1280 2480; x_wconf 75' lang='lat' dir='ltr'>excutere</span> <span class='ocrx_word' id='word_1_456' title='bbox 1289 2449 1425 2491; x_wconf 81' lang='lat' dir='ltr'>dentem,</span> <span class='ocrx_word' id='word_1_457' title='bbox 1438 2449 1610 2489; x_wconf 83' lang='lat' dir='ltr'>cerebrum,</span> 
     </span>
     <span class='ocr_line' id='line_1_46' title="bbox 131 2490 1612 2535; baseline 0.001 -12"><span class='ocrx_word' id='word_1_458' title='bbox 131 2490 265 2523; x_wconf 61' lang='lat' dir='ltr'>oedem.</span> <span class='ocrx_word' id='word_1_459' title='bbox 309 2490 429 2534; x_wconf 87' lang='lat' dir='ltr'>Prope</span> <span class='ocrx_word' id='word_1_460' title='bbox 454 2492 562 2523; x_wconf 80' lang='lat' dir='ltr'>etiam</span> <span class='ocrx_word' id='word_1_461' title='bbox 577 2490 716 2524; x_wconf 85' lang='lat' dir='ltr'>accedit</span> <span class='ocrx_word' id='word_1_462' title='bbox 740 2490 784 2524; x_wconf 87' lang='lat' dir='ltr'>ad</span> <span class='ocrx_word' id='word_1_463' title='bbox 809 2491 1020 2534; x_wconf 81' lang='lat' dir='ltr'>scripturam</span> <span class='ocrx_word' id='word_1_464' title='bbox 1040 2491 1139 2525; x_wconf 81' lang='lat' dir='ltr'>verbi</span> <span class='ocrx_word' id='word_1_465' title='bbox 1164 2492 1303 2524; x_wconf 79' lang='lat' dir='ltr'>extudit.</span> <span class='ocrx_word' id='word_1_466' title='bbox 1348 2492 1501 2535; x_wconf 78' lang='lat' dir='ltr'>Recepit</span> <span class='ocrx_word' id='word_1_467' title='bbox 1521 2492 1612 2525; x_wconf 85' lang='lat' dir='ltr'>hane</span> 
     </span>
    </p>
   </div>
   <div class='ocr_carea' id='block_1_6' title="bbox 790 2604 940 2639">
    <p class='ocr_par' dir='ltr' id='par_1_11' title="bbox 790 2604 940 2639">
     <span class='ocr_line' id='line_1_47' title="bbox 790 2604 940 2639; baseline -0.007 -1"><span class='ocrx_word' id='word_1_468' title='bbox 790 2605 824 2638; x_wconf 87' lang='lat' dir='ltr'>N</span> <span class='ocrx_word' id='word_1_469' title='bbox 829 2604 940 2639; x_wconf 72' lang='lat' dir='ltr'>01·AE</span> 
     </span>
    </p>
   </div>
   <div class='ocr_carea' id='block_1_7' title="bbox 130 2688 1610 2837">
    <p class='ocr_par' dir='ltr' id='par_1_12' title="bbox 130 2688 1610 2837">
     <span class='ocr_line' id='line_1_48' title="bbox 158 2688 1610 2733; baseline -0.001 -9"><span class='ocrx_word' id='word_1_470' title='bbox 158 2691 194 2724; x_wconf 68' lang='lat'>“6</span> <span class='ocrx_word' id='word_1_471' title='bbox 219 2691 394 2725; x_wconf 72' lang='lat' dir='ltr'>Fulmineis</span> <span class='ocrx_word' id='word_1_472' title='bbox 418 2690 580 2732; x_wconf 76' lang='lat' dir='ltr'>dentibus]</span> <span class='ocrx_word' id='word_1_473' title='bbox 627 2690 698 2726; x_wconf 82' lang='lat' dir='ltr'>Qui</span> <span class='ocrx_word' id='word_1_474' title='bbox 734 2691 845 2723; x_wconf 88' lang='lat' dir='ltr'>instar</span> <span class='ocrx_word' id='word_1_475' title='bbox 898 2691 983 2723; x_wconf 84' lang='lat' dir='ltr'>bent</span> <span class='ocrx_word' id='word_1_476' title='bbox 996 2700 1095 2723; x_wconf 83' lang='lat' dir='ltr'>acres</span> <span class='ocrx_word' id='word_1_477' title='bbox 1117 2689 1151 2722; x_wconf 89' lang='lat' dir='ltr'>in</span> <span class='ocrx_word' id='word_1_478' title='bbox 1176 2689 1320 2722; x_wconf 82' lang='lat' dir='ltr'>aduncis</span> <span class='ocrx_word' id='word_1_479' title='bbox 1335 2688 1495 2722; x_wconf 87' lang='lat' dir='ltr'>dentibus</span> <span class='ocrx_word' id='word_1_480' title='bbox 1509 2690 1610 2733; x_wconf 60' lang='lat' dir='ltr'>apri?</span> 
     </span>
     <span class='ocr_line' id='line_1_49' title="bbox 130 2740 1608 2786; baseline 0.001 -11"><span class='ocrx_word' id='word_1_481' title='bbox 130 2741 282 2776; x_wconf 72' lang='lat' dir='ltr'>fulminis</span> <span class='ocrx_word' id='word_1_482' title='bbox 295 2746 457 2786; x_wconf 76' lang='lat' dir='ltr'>sternunt</span> <span class='ocrx_word' id='word_1_483' title='bbox 479 2747 516 2775; x_wconf 85' lang='lat' dir='ltr'>et</span> <span class='ocrx_word' id='word_1_484' title='bbox 541 2746 725 2784; x_wconf 87' lang='lat' dir='ltr'>proterunt</span> <span class='ocrx_word' id='word_1_485' title='bbox 740 2742 844 2775; x_wconf 79' lang='lat' dir='ltr'>obvia</span> <span class='ocrx_word' id='word_1_486' title='bbox 897 2742 966 2775; x_wconf 86' lang='lat' dir='ltr'>Et:</span> <span class='ocrx_word' id='word_1_487' title='bbox 990 2744 1000 2761; x_wconf 92' lang='lat'>‘</span> <span class='ocrx_word' id='word_1_488' title='bbox 1024 2741 1204 2775; x_wconf 86' lang='lat' dir='ltr'>Fulmineo</span> <span class='ocrx_word' id='word_1_489' title='bbox 1228 2741 1360 2774; x_wconf 85' lang='lat' dir='ltr'>celeres</span> <span class='ocrx_word' id='word_1_490' title='bbox 1376 2740 1523 2784; x_wconf 78' lang='lat' dir='ltr'>dissipat</span> <span class='ocrx_word' id='word_1_491' title='bbox 1547 2752 1608 2777; x_wconf 88' lang='lat' dir='ltr'>ore</span> 
     </span>
     <span class='ocr_line' id='line_1_50' title="bbox 133 2791 1419 2837; baseline 0 -10"><span class='ocrx_word' id='word_1_492' title='bbox 133 2803 288 2837; x_wconf 65' lang='lat' dir='ltr'>queque.</span> <span class='ocrx_word' id='word_1_493' title='bbox 334 2792 438 2828; x_wconf 84' lang='lat' dir='ltr'>Unde</span> <span class='ocrx_word' id='word_1_494' title='bbox 463 2791 569 2827; x_wconf 82' lang='lat' dir='ltr'>Ovid.</span> <span class='ocrx_word' id='word_1_495' title='bbox 590 2794 600 2812; x_wconf 93' lang='lat'>‘</span> <span class='ocrx_word' id='word_1_496' title='bbox 616 2793 759 2827; x_wconf 84' lang='lat' dir='ltr'>Fulmen</span> <span class='ocrx_word' id='word_1_497' title='bbox 785 2794 842 2827; x_wconf 86' lang='lat' dir='ltr'>ha·</span> <span class='ocrx_word' id='word_1_498' title='bbox 896 2793 1021 2827; x_wconf 60' lang='lat' dir='ltr'>canes!</span> <span class='ocrx_word' id='word_1_499' title='bbox 1416 2813 1419 2817; x_wconf 59' lang='lat'><em>„</em></span> 
     </span>
    </p>
   </div>
  </div>
 </body>
</html>
