1806 3236
223 216 312 262 ⁶714
546 228 804 264 aecensus
837 230 1124 266 nnrronuM
1158 231 1376 270 ennom.

226 327 368 369 wolfii.
390 330 674 380 8.—Axenius,
696 343 787 370 cum
809 331 974 380 videret,
1008 332 1198 374 editiones
1231 335 1390 389 Rigaltii
1411 335 1510 379 duas
1537 326 1691 392 priora

225 407 310 434 esse
329 393 488 433 inventu
504 393 699 442 difficiles,
717 401 829 435 notas
849 396 936 446 ejus
954 396 1006 436 ad
1028 397 1128 437 hanc
1146 404 1187 438 et
1219 399 1321 440 illam
1354 399 1531 455 adjectas
1556 392 1689 444 deuub

181 489 184 492 ,
221 458 264 497 in
282 460 412 498 lucem
447 459 599 505 emisit;
629 462 765 511 atque*
778 459 838 498 his
871 461 1048 500 exornari
1076 463 1168 502 satis
1193 469 1235 503 et
1254 463 1444 506 'illustrari
1475 467 1688 508 Phaedrum

222 528 343 571 ratus,
363 523 460 562 nihil
478 523 560 563 fere
578 537 625 563 ex
645 537 685 563 se
705 523 886 572 contulit,
905 525 978 564 nisi
998 524 1105 578 quod
1132 526 1274 567 librum
1293 523 1487 584 duntaxat
1517 532 1687 583 primum

222 587 575 636 observationibus,
603 601 680 628 non
697 589 895 629 ineruditis
914 590 1085 643 quidem,
1105 591 1176 631 sed
1195 591 1246 631 ad
1279 596 1424 634 me'ram
1453 591 1687 648 plerumque

221 652 475 704 philologiam
495 654 780 706 spectantibus,
797 654 1001 706 explanare
1014 655 1234 696 tentaverit.
1262 657 1486 698 Desbillons
1498 671 1541 711 p.
1555 659 1687 700 xxxiv.

224 716 290 756 ed.
307 717 475 757 Mannh.

280 779 383 827 1672
412 781 570 821 Phaedri
589 782 759 830 Fabulae,
777 795 826 821 ex
837 782 942 823 Tan.
963 783 1078 822 Fabri
1094 789 1134 823 et
1148 784 1315 824 hominis
1329 784 1534 837 eujusdam
1546 786 1690 834 literati

223 845 463 893 recensione,
483 845 616 885 addita
636 848 821 894 versione,
838 848 1027 900 (Belgica,
1061 855 1106 888 ut
1125 849 1274 888 videtur
1287 850 1316 900 3)
1343 850 1508 890 scholiis
1526 846 1687 903 quoque

220 910 381 958 addim,
400 916 442 950 et
459 912 505 950 P.
526 911 613 963 Syri
630 912 853 960 Sententiis,
872 913 911 952 in
927 926 1038 952 usum
1057 914 1209 966 Gymn.
1229 914 1360 968 Lugd.
1387 913 1474 955 Bat.
1503 914 1687 968 Lugduni

219 975 310 1015 Bat.
337 975 442 1027 apud
461 975 540 1015 vid.
562 976 613 1015 de
632 976 902 1029 Charpentier.
925 983 964 1017 8.

277 1038 380 1086 1673
411 1040 617 1079 Fabriur.
647 1039 802 1079 Pbaedri
822 1041 994 1088 Fabulae,
1026 1053 1115 1080 cum
1148 1042 1250 1081 notis
1279 1047 1319 1082 et
1349 1041 1686 1084 emendationibus

218 1104 319 1144 Tan.
348 1104 479 1144 Fabri.
509 1104 658 1143 Addita
676 1111 736 1144 est
756 1104 913 1144 Gallica
931 1104 1055 1144 versio
1073 1105 1243 1155 (Albini,
1263 1120 1297 1146 s.
1319 1108 1372 1145 Is.
1392 1107 1428 1145 le
1458 1107 1602 1147 Maitre
1634 1105 1686 1147 de

221 1169 340 1221 Sacy)
354 1175 396 1208 et
413 1168 451 1207 in
472 1182 556 1209 eam
576 1168 942 1208 animadversiones.
966 1168 1160 1216 Salmurii‚
1180 1182 1247 1221 ap.
1268 1170 1506 1211 Desbordes.
1529 1176 1593 1225 12.
1670 1182 1673 1185 ·
1699 1189 1701 1193 ’

273 1256 329 1262 -
343 1233 533 1273 Scbefferi
554 1244 627 1273 111.
656 1232 814 1272 Phaedri
835 1232 1074 1272 Fabularum
1093 1234 1230 1285 AEsop.
1256 1234 1366 1273 Libri
1386 1246 1429 1276 v,
1456 1249 1546 1276 cum
1566 1248 1687 1275 anno·

220 1297 436 1337 tationibus
454 1299 519 1337 J0.
538 1296 726 1336 Schefferi
745 1302 784 1335 et
804 1297 946 1336 Franc.
969 1297 1119 1349 Guyeti
1139 1297 1254 1337 notis.
1276 1298 1409 1339 Editio
1427 1299 1554 1347 tertia,
1582 1299 1688 1352 prio·

218 1361 327 1401 ribus
345 1360 586 1401 emendatior
603 1367 643 1399 et
668 1361 834 1400 auctior.
889 1362 935 1400 In
954 1374 1031 1413 qua
1044 1361 1226 1414 jungitur
1242 1362 1510 1416 interpretatio
1527 1363 1688 1404 Gallica

220 1439 306 1464 cum
327 1426 447 1471 notis,
485 1432 525 1464 et
543 1424 666 1464 Index
687 1424 847 1464 Latinus
878 1425 1108 1465 uberrimus.
1141 1425 1373 1509 Hamburgi‚
1394 1433 1511 1467 sumt.
1530 1427 1688 1468 Gotho·

216 1490 316 1530 fredi
336 1490 561 1529 Schultzen.
583 1496 622 1530 8.

277 1554 379 1602 1675
408 1554 563 1594 Phaedri
583 1556 686 1606 Aug.
715 1554 802 1593 Lib.
831 1553 1067 1593 Fabularum
1087 1556 1221 1606 AEsop.
1251 1554 1360 1594 Libri
1381 1565 1422 1595 v.
1450 1556 1687 1609 Interpreta-

218 1620 326 1659 tione
344 1625 387 1659 et
406 1619 508 1659 notis
528 1619 736 1658 illustravit
755 1619 858 1658 Petr.
891 1619 1033 1666 Dauet,
1066 1618 1342 1659 Academicus.
1361 1620 1385 1659 J
1389 1633 1479 1659 ussu
1499 1620 1688 1661 Christia-

219 1684 367 1724 nissimi
379 1684 515 1737 Regis,
537 1684 576 1722 in
598 1696 710 1722 usum
732 1684 817 1722 Ser.
830 1682 1033 1734 Delphini.
1055 1683 1221 1731 Parisiis,
1238 1683 1345 1735 apud
1363 1683 1468 1723 Frid.
1488 1679 1684 1726 Leonard.

218 1748 448 1788 4.-Editio
475 1748 540 1787 vix
559 1747 691 1798 aliqua
710 1761 758 1786 ex
778 1752 888 1799 parte
907 1747 1228 1787 commendabilis
1231 1747 1394 1798 ‚judice
1413 1748 1670 1789 Desbillonio.

271 1834 325 1843 —-
339 1811 496 1851 Phaedri
510 1811 669 1850 Fabulae
687 1812 859 1858 selectae,
878 1824 976 1851 cura
985 1812 1050 1851 Jo.
1071 1812 1232 1851 Vorstii.
1254 1813 1300 1851 In
1318 1813 1452 1852 Ροὲω.
1473 1819 1554 1853 vet.
1571 1813 1685 1853 Poet.

218 1878 306 1917 Lat.
322 1889 410 1929 pag.
433 1881 525 1923 287.
547 1876 688 1927 Lipsiae
711 1875 829 1922 1675.
850 1880 872 1915 8
878 1877 1047 1916 .—Sunt
1061 1876 1146 1916 Lib.
1172 1888 1203 1916 1.
1221 1875 1305 1915 fab.
1330 1882 1366 1916 1-
1370 1882 1407 1917 8.
1428 1876 1518 1917 Lib.
1537 1887 1581 1917 v,
1600 1876 1683 1917 sab.

219 1947 258 1982 5.
277 1947 316 1988 7.
338 1948 400 1982 10
428 1941 588 1981 Additae
607 1946 710 1981 notae
729 1941 880 1989 breves,
900 1940 1032 1980 doctae
1052 1947 1093 1980 et
1111 1940 1335 1980 luculentae.

273 2005 378 2051 1676
404 2006 612 2054 Phaedrus,
631 2019 722 2046 cum
743 2006 919 2046 versione
936 2005 1040 2045 Gall.
1060 2005 1207 2045 Albini.
1226 2004 1396 2044 Parisiis.
1429 2009 1493 2045 12.

274 2071 378 2117 1678
406 2071 566 2111 Phaedri
585 2071 759 2111 Fabulae.
788 2070 1090 2110 Amstelodami.
1123 2075 1187 2110 12.

272 2133 377 2184 1679
408 2136 561 2176 Phaedri
580 2136 814 2176 Fabularum
846 2136 981 2187 AEsop.
1012 2134 1121 2174 Libri
1139 2145 1184 2174 v,
1212 2148 1261 2174 ex
1294 2133 1519 2174 recensione
1547 2132 1683 2174 Chris-

214 2201 326 2253 toph.
347 2201 476 2241 Wase.
532 2199 714 2241 Londiui.
744 2197 1037 2251 8.-—Repetitio
1054 2198 1117 2238 ed.
1142 2197 1260 2239 1668.
1669 2193 1671 2196 ’

271 2264 373 2306 1685
403 2264 560 2304 Phaedri
580 2264 707 2304 Fabb.
738 2266 875 2316 AEsop.
905 2263 1012 2303 Libri
1031 2273 1072 2301 v.
1092 2263 1130 2302 in
1146 2261 1397 2302 commodum
1415 2261 1561 2314 linguae
1581 2258 1684 2300 Lati-

214 2343 277 2369 nae
294 2329 460 2369 tironum
476 2329 609 2378 editae,
630 2335 669 2368 et
687 2329 807 2377 notis,
828 2328 951 2368 cuivis
971 2328 1115 2368 fabulae
1141 2327 1325 2379 adjectis,
1344 2326 1466 2380 iisque
1482 2326 1681 2374 brevibus,

215 2393 430 2434 admodum
450 2393 677 2433 necessariis
698 2391 744 2432 ac
762 2392 991 2444 perspicuiS,
1014 2392 1216 2431 illustratae
1233 2404 1257 2431 a
1274 2392 1339 2431 Jo.
1367 2390 1472 2430 Frid.
1492 2390 1682 2438 Koebero,

211 2458 267 2498 ill.
288 2458 485 2498 Rutbenei
504 2458 684 2497 Rectore.
713 2458 834 2503 Jenae,
855 2469 920 2507 ap.
940 2455 1090 2495 Bielke.
1122 2461 1187 2496 12.

270 2521 376 2562 1686
403 2521 608 2569 Phaedrus,
629 2520 764 2560 Latine
781 2526 821 2559 et
837 2519 1005 2559 Gallice.
1035 2518 1256 2571 Rotomagi,
1275 2518 1382 2570 apud
1403 2517 1591 2562 Herauld.
1615 2523 1679 2558 12.

268 2585 373 2630 1687
394 2586 581 2625 Schefferi
602 2596 662 2625 lv,
689 2584 847 2625 Phaedri
878 2584 1048 2632 Fabulae,
1083 2597 1174 2623 cum
1193 2584 1257 2624 Jo.
1277 2582 1466 2624 Schefferi
1483 2587 1522 2622 et
1539 2582 1680 2622 Franc.

214 2650 366 2702 Guyeti
393 2650 710 2690 annotationibus
742 2656 783 2690 et
811 2648 1126 2701 interpretatione
1163 2647 1331 2688 Gallica.
1359 2646 1492 2687 Editio
1524 2651 1678 2698 quarta,

216 2713 384 2754 auctior.
404 2714 665 2754 Francofurti.
697 2721 735 2755 8.

238 2827 244 2831 ,
274 2776 378 2819 1688
406 2778 562 2819 Phaedri
581 2781 681 2832 Aug.
709 2780 813 2821 Caes.
840 2777 929 2819 Lib.
950 2777 1182 2819 fabularum
1197 2777 1334 2841 AEsop.
1354 2773 1464 2816 Libri
1482 2784 1524 2816 V.
1553 2774 1677 2815 Inter-
