1806 3236
713 220 913 254 unum
943 210 1014 254 13.

130 320 196 365 Ut
213 323 310 364 tuta
325 319 458 376 tignis
475 318 627 362 nidum
647 318 894 375 suspendat
913 330 1060 362 suurn.

130 389 237 442 Sed,
258 402 361 446 quae
380 389 558 432 salubre
575 387 790 431 monitum
809 387 938 431 Aves
954 386 1267 443 despexerant,

131 458 202 502 De
217 458 307 502 lino
324 458 458 502 factis
477 459 625 513 captae
647 461 837 513 pereunt
855 456 1034 499 retibus.

677 866 893 906 FABULA
938 865 1053 905 xm.

542 997 804 1067 PERDIX
835 1020 917 1063 ET
945 1019 1200 1065 VULPIS.

129 1171 360 1224 Rasnm'r
381 1181 473 1225 alta
487 1181 711 1238 quondam
733 1181 905 1225 Perdix
922 1181 1103 1224 arbore:

128 1249 330 1295 Advenit
347 1250 529 1308 Vulpis.
589 1251 765 1295 Deinde
785 1252 853 1295 sic
873 1252 1014 1307 coepit
1032 1250 1181 1306 loqui:

130 1317 172 1365 Ο
192 1323 359 1376 quanta
378 1320 527 1365 vultus
546 1321 725 1378 species
741 1325 826 1377 est,
849 1320 1038 1371 Perdix,
1058 1319 1153 1362 tui!

127 1386 309 1432 Coralla
325 1392 532 1441 rostrum,
548 1401 678 1433 crura
695 1389 878 1434 vincunt
895 1401 1108 1446 purpurae

130 1454 396 1512 Fulgorem:
426 1460 473 1500 at
491 1458 531 1500 si
550 1457 778 1511 donares,
799 1460 964 1514 quanto
979 1456 1206 1513 pulchrior

130 1525 296 1568 Esses!
342 1525 407 1568 Ut
425 1527 564 1569 stulta
585 1517 746 1581 clausit
765 1526 940 1578 oculos,
961 1525 1086 1568 illico

129 1593 272 1650 Rapit
291 1593 541 1637 credentem
560 1593 740 1650 Vulpis.
803 1594 889 1638 Illa
907 1594 1090 1637 fletibus

131 1655 252 1705 Haec
270 1662 414 1706 mixta
433 1663 647 1718 gravibus
665 1664 803 1707 verba
821 1663 1016 1720 supplex
1034 1660 1201 1705 edidit:

128 1728 220 1790 Per
236 1743 265 1774 o
284 1734 476 1784 tuarum,
493 1730 675 1788 Vulpis,
695 1732 858 1775 artium
877 1731 1035 1783 decus,

129 1797 198 1842 Ut
216 1803 336 1852 ante,
353 1812 532 1856 quaeso,
551 1813 715 1844 nomen
734 1799 935 1857 proferas
955 1812 1127 1853 meum3

129 1866 207 1911 Sic
225 1867 474 1912 devorabis.
534 1867 720 1924 Vulpis,
740 1868 821 1911 ubi
839 1868 984 1911 voluit
1002 1867 1144 1924 loqui,

127 1934 322 1992 Aperuit
341 1950 416 1980 os:
449 1940 495 1980 at
515 1936 687 1980 Perdix
707 1936 854 1979 evasit
870 1926 1039 1978 necem.

132 2004 336 2060 Decepta
353 2004 545 2061 Vulpis:
577 2005 698 2058 Quid
719 2017 837 2060 opus
857 2007 955 2047 erat
971 2003 1100 2059 loqui
1119 2003 1228 2046 mihi
1240 2004 1260 2045 't

132 2071 402 2128 Respondet
421 2073 614 2116 Perdix:
634 2072 706 2116 -Et
725 2073 912 2117 dormire
931 2072 1037 2127 quid
1053 2072 1161 2114 mihi

132 2138 240 2182 Erat
256 2153 459 2193 necesse,
482 2154 662 2184 somnus
683 2141 757 2184 cui
775 2153 864 2183 non
883 2141 1099 2183 venerat?

188 2207 294 2252 Hoc
313 2208 419 2262 illis,
439 2210 517 2266 qui
537 2209 789 2266 loquuntur,
805 2209 884 2252 ubi
900 2208 964 2251 nil
985 2212 1056 2252 est
1075 2222 1209 2266 opus,

132 2276 191 2321 Et
209 2277 302 2334 qui,
323 2278 510 2334 vigilare
526 2290 627 2322 cum
645 2291 848 2332 necesse,
864 2277 1102 2322 dormiunt.

733 2410 738 2414 ·
796 2399 947 2435 NOTA-2

1513 210 1601 255 291

1545 319 1605 361 15

1554 1801 1613 1843 10

1556 2141 1614 2186 15

174 2474 264 2508 Haec
298 2474 420 2509 fabula
455 2476 548 2520 apud
584 2477 693 2511 solum
730 2475 844 2511 Auon.
899 2475 1008 2510 celsa’
1039 2476 1189 2510 Phoedro
1219 2476 1358 2511 dicitur.
1402 2476 1503 2512 Licet
1529 2488 1613 2512 vero

131 2536 166 2560 n.
196 2535 286 2560 xxx.
315 2527 467 2571 legitur;
502 2529 612 2562 multa
648 2538 731 2563 vero
765 2539 843 2562 cum
899 2528 1103 2572 plerumque
1130 2528 1290 2571 perdices
1310 2533 1454 2572 propter
1472 2529 1612 2564 humum

130 2577 282 2611 Phaedro
296 2578 356 2612 lib.
372 2588 397 2613 1.
413 2578 482 2613 fab.
498 2582 551 2613 18.
575 2580 682 2614 habet
693 2590 844 2614 commu·
898 2581 1059 2624 volitent,
1075 2585 1113 2614 et
1127 2591 1204 2614 raro
1215 2582 1250 2614 in
1262 2581 1440 2614 arboribus
1455 2582 1614 2625 sedeant,

131 2628 201 2662 nin.
897 2631 1020 2665 Poetis
1031 2632 1107 2665 haec
1126 2632 1258 2674 fingere
1285 2633 1509 2675 permittitur.
1555 2634 1612 2667 Ita

175 2682 194 2712 1
225 2679 363 2722 Arbore]
395 2680 481 2714 Loco
504 2680 704 2715 eminentiori
727 2681 842 2732 Anon7
898 2683 967 2718 Ov.
983 2684 1070 2717 Met.
1087 2693 1168 2717 vm.
1184 2686 1260 2717 23⁷.
1281 2685 1292 2702 ⁴
1306 2683 1455 2717 Gan-rura
1479 2695 1612 2719 ramosa

131 2731 193 2766 ud
207 2740 269 2766 nos
283 2732 395 2767 arbore
414 2733 644 2777 praetulimus,
668 2744 746 2778 quae
763 2737 773 2754 ⁶
787 2744 844 2768 ex·
899 2735 1078 2780 prospexit
1092 2735 1137 2769 ab
1150 2735 1228 2769 ilice
1244 2735 1394 2779 perdix!
