1806 3236
403 237 604 270 ramniu
638 236 749 268 mn.
783 234 1083 269 AEsormlwm
1116 235 1212 267 mn.
1246 235 1278 267 1.
1309 226 1353 267 4.

143 334 268 378 lapid.
282 333 328 368 nd
341 333 468 376 omnin,
488 334 595 369 etiam
609 338 755 377 naturae,
769 343 852 367 enu-

141 385 591 429 olenndepromptimimnm
607 389 720 427 vocnt,
738 385 852 428 probi.

143 439 220 471 1⁸⁴.
234 437 377 471 rma.
432 438 653 481 Nympharum
681 436 851 479 Anonym.

140 487 213 522 vid.
241 489 365 522 Heius.
395 489 440 523 ad
464 488 568 522 Ovid.
592 489 707 531 Epist.
732 498 769 522 v.
794 491 850 522 81.

137 539 303 575 samson
327 541 486 575 similiter
510 542 604 584 apud
628 542 734 575 ovid.
758 543 849 575 Met.

138 600 191 625 sn.
206 594 282 626 ⁸12.
324 594 336 613 ⁸
350 594 399 627 Et
413 593 498 637 quid
513 603 550 626 se
565 593 690 627 deceat
708 597 848 637 specta-

135 646 191 677 m
202 644 363 678 consulet
377 644 509 678 undas?
531 645 649 678 Bur-m.

175 696 394 740 rq-,imn
427 697 462 729 a„
489 696 626 739 spec-ao]
662 696 849 730 Naturalia

135 749 279 792 specula
299 752 380 781 sunt
398 748 434 781 in
455 747 624 781 undarum
648 757 788 792 aequore
809 753 848 782 et

135 804 295 832 suornm
339 799 479 832 laevore.
547 798 681 832 Seneca
720 799 845 832 Natur-

135 850 269 885 emt.
282 859 312 884 ι.
326 860 358 884 c.
373 853 428 883 17.
460 850 472 869 ‘
489 850 621 883 Rerum
644 853 769 883 natura
793 849 844 883 fa-

134 901 303 935 cultatem
317 901 418 935 nobis
437 901 535 935 dedit
549 902 779 944 nosmetipsos
795 901 845 934 vi·

132 951 253 987 dondi.
296 953 388 986 Fons
411 953 539 997 cuique
560 953 760 996 perlucidus
783 958 844 986 ant

129 1003 219 1037 love
231 1013 352 1037 sunm
361 1004 545 1047 imaginem
559 1003 688 1037 reddit.
718 1004 844 1047 Nuper

129 1064 188 1089 ne
197 1054 233 1088 in
246 1055 364 1089 littore
375 1055 461 1096 vidi,
475 1055 562 1088 Cum
575 1055 749 1098 placidum
764 1065 843 1089 ven-

129 1106 175 1140 tis
188 1110 302 1140 steret
312 1106 435 1141 snare?
478 1107 669 1140 Pentadius
690 1107 733 1140 de
750 1107 841 1140 Nar-

128 1157 240 1191 enno:
261 1158 273 1178 ⁴
295 1159 342 1192 Se
363 1167 454 1201 puer
474 1157 549 1199 ipse
572 1158 679 1199 videt,
702 1163 839 1201 patrem

126 1208 209 1242 dun
223 1210 366 1254 quatit,
378 1210 415 1243 in
428 1219 551 1243 amne:
574 1210 839 1253 Perspicuoqne

123 1261 206 1294 loen
227 1271 268 1295 se
289 1271 378 1306 puer
397 1261 474 1305 ipse
487 1260 607 1295 videt?
652 1262 836 1296 Lucretius

123 1311 186 1346 uh.
212 1321 264 1346 iv.
296 1313 523 1346 ‘·Postremo
548 1313 585 1345 in
608 1313 774 1356 speculis,
798 1313 836 1347 in

125 1372 228 1408 nque,
256 1365 515 1408 splendoreque
543 1365 578 1398 in
608 1364 701 1398 omni
733 1365 838 1400 Quae·

123 1423 263 1459 mque
294 1420 469 1459 appu-ent
496 1415 598 1449 nobis
626 1414 836 1458 simulacra(

121 1468 190 1501 dne.
233 1467 316 1500 vid.
332 1476 404 1501 ιιι.
424 1467 628 1501 Scholastic.
645 1468 836 1502 Poetarum

121 1517 316 1561 Imaginem
331 1518 368 1551 in
383 1518 478 1552 unde
487 1526 539 1553 xv.
555 1519 733 1562 Epigram.
750 1523 837 1552 vett.

122 1573 160 1603 et
181 1569 290 1613 Apul.
306 1569 408 1613 Apol.
454 1570 533 1604 Nec
560 1570 670 1603 ausim
695 1570 837 1612 ineptiae

121 1620 288 1655 continuo
306 1620 484 1664 dmnnare,
505 1621 700 1664 Virgilium,
723 1621 838 1654 Theo-

120 1670 262 1715 critum,
280 1673 462 1706 Senecam.
505 1673 647 1707 Etenim
657 1673 836 1707 Servianae

117 1723 155 1757 in
165 1718 328 1767 &togam
341 1733 384 1758 n.
395 1725 607 1768 inquisitioni
621 1725 835 1767 pertinacius

118 1774 238 1809 favere
251 1775 335 1810 milii
348 1775 488 1810 videtur
498 1776 555 1811 Jo.
568 1777 742 1809 Meursius
753 1776 836 1809 doc-

117 1826 268 1861 tissimus
295 1827 512 1870 adolescens,
532 1838 636 1872 quem
660 1837 756 1871 saepe
771 1829 832 1861 mi-

118 1886 189 1911 ror.
228 1878 276 1912 Et
289 1881 387 1912 certe
401 1888 507 1921 supra
522 1888 602 1912 suos
614 1887 721 1911 annos
737 1878 831 1912 litte·

116 1938 232 1962 rarum
249 1929 333 1963 dote
341 1929 505 1963 ditescit:
528 1928 704 1971 Βλόστημα
720 1931 831 1963 καλλί-

116 1992 249 2023 ηιιρον,
262 1980 427 2024 Quas
441 1980 531 2024 ὸνήρ.
554 1982 635 2015 Vid.
647 1981 832 2016 Aristotel.

117 2030 297 2065 Problem.
317 2032 414 2065 Sect.
429 2041 540 2065 xxm.
557 2034 589 2065 8.
605 2036 642 2065 et
653 2035 707 2065 38.
730 2033 810 2074 Rig.

160 2081 377 2125 Lympharum
403 2083 439 2116 ὴ
467 2082 604 2125 speculo]
628 2084 831 2116 Nemesian.

118 2134 238 2177 Eclog.
249 2143 276 2168 ι.
298 2135 309 2154 ‘
333 2134 427 2169 Quin
443 2134 551 2168 etiam
567 2132 709 2177 speculo
724 2133 830 2167 fontis

115 2175 172 2218 r'ne
193 2194 298 2218 mnne
323 2184 466 2219 notavi:
508 2186 665 2219 Macrob.
687 2186 827 2219 Saturn.

116 2244 185 2270 vu.
210 2246 243 2269 c.
265 2239 318 2270 14.
340 2237 351 2255 ‘
367 2236 579 2270 Grandescit
605 2238 719 2281 imago
743 2238 828 2280 ejus,

116 2290 279 2331 tanquam
307 2287 344 2320 in
372 2298 472 2331 aqua
502 2289 646 2331 speculo
674 2288 828 2323 visatur!

114 2338 241 2373 Isidor.
266 2339 328 2372 lib.
359 2347 428 2373 ιιι.
456 2349 535 2383 cop.
562 2343 595 2374 1.
626 2340 672 2373 de
702 2341 824 2374 ovibus

113 2390 239 2428 Jacob.
263 2392 274 2410 ‘
286 2391 436 2424 Umbras
450 2392 599 2425 arietum
610 2392 760 2435 desuper
770 2404 824 2426 as-

113 2441 336 2476 cendentium
352 2442 387 2474 in
403 2453 568 2486 aquarum
582 2445 732 2486 speculis
749 2454 827 2478 con-

113 2493 395 2537 templabantur!
423 2494 606 2527 Scholiast.
621 2495 767 2528 Theocr.
781 2496 826 2529 ad

114 2546 206 2590 Idyl.
231 2549 267 2581 2.
296 2546 340 2581 εἷς
363 2547 423 2586 τὴν
451 2545 616 2580 eundo-mr
647 2547 827 2590 ἐμφανίζειν

113 2596 165 2631 καὶ
179 2598 284 2641 ὅπερ
299 2598 331 2630 ἐν
348 2598 511 2641 κατόπτρῳ
529 2597 687 2634 δεικνύειν.
714 2600 799 2634 Gud.

167 2649 265 2684 Vidit·
299 2650 516 2692 simulacrum]
564 2650 698 2684 Seneca
738 2651 823 2685 Nat.

115 2699 248 2734 Quat.
270 2709 295 2734 ι.
325 2700 337 2718 ‘
355 2700 446 2734 Quid
469 2700 533 2733 sibi
561 2710 673 2734 rerum
697 2706 823 2735 natura

113 2750 236 2792 voluit,
256 2751 362 2794 quod,
385 2762 463 2785 cum
488 2762 572 2785 vera
591 2762 737 2796 corpora
752 2755 824 2787 edi-

113 2802 234 2841 disset,
256 2803 360 2836 etiam
377 2803 560 2836 simulacra
574 2813 694 2837 eorum
710 2805 822 2847 aspici

114 2853 277 2886 voluisset
288 2851 311 2884 ?’
357 2853 528 2887 Caeterum
548 2854 631 2888 illud
645 2855 822 2896 πλεονεξίας

1528 225 1607 269 341

904 334 1098 377 exemplum
1139 333 1237 367 dabit
1276 332 1495 373 Demetrius,
1542 333 1614 376 qui,

903 386 914 404 ‘
930 385 1011 418 dum
1027 385 1139 419 aliena
1154 383 1310 426 affectet,
1328 388 1369 418 ut
1384 385 1512 418 essolet
1527 384 1615 428 fieri,

901 440 1040 482 propria
1067 448 1130 482 per
1153 438 1386 473 defectionem
1399 439 1511 481 Syriae
1527 439 1611 471 ami-

901 489 971 525 sit!
994 512 996 514 ·
1012 490 1142 524 Justin.
1157 490 1217 524 lib.
1231 499 1364 523 xxxix.
1380 500 1456 532 cup.
1473 492 1505 524 1.
1527 489 1612 524 Neu.

941 544 964 575 4
978 542 1145 584 Aliamque
1156 542 1312 584 proedum]
1336 543 1555 576 Elementum
1570 543 1614 575 M

898 592 934 626 in
949 591 1019 626 fine
1031 594 1091 626 τοῦ
1101 595 1245 636 predam
1260 594 1425 627 extritum
1448 604 1516 627 non
1540 599 1609 635 est,

897 653 994 678 more
1009 649 1177 678 veterum.
1221 644 1279 678 Ita
1300 644 1498 687 Lucretius,
1522 644 1609 677 divi-

897 705 962 730 nus
985 696 1039 728 vir
1053 699 1160 738 atque
1183 695 1468 738 incomparabilis,
1483 695 1608 740 (Scali-

897 749 971 790 geri
984 747 1101 780 Patria
1115 747 1346 780 testimonium
1358 752 1414 780 est
1423 750 1608 781 comment.

896 800 932 832 in
945 800 1026 832 hist.
1037 799 1152 832 Anim.
1163 798 1380 842 Aristotelis)
1399 799 1410 818 ‘
1425 799 1609 842 Expressit

895 852 1006 884 multa
1034 851 1169 893 vaporis
1195 850 1346 891 Semina,
1371 860 1477 893 seque
1504 849 1607 883 simul

894 913 973 936 cum
998 913 1040 935 eo
1070 901 1286 935 commiscuit
1315 900 1424 943 ignis!
1471 899 1552 942 Adi,
1575 900 1609 933 si

894 955 984 987 tanti
1000 957 1066 994 est,
1088 953 1218 986 Gifanii
1233 953 1395 993 indicem,
1418 951 1473 985 cui
1497 952 1605 985 addes

893 1005 1006 1038 locum
1037 1005 1174 1046 Lucilii,
1206 1005 1264 1047 qui
1295 1003 1388 1046 apud
1416 1003 1604 1045 Isidorum,

892 1057 903 1075 ‘
918 1057 1111 1090 Multorum
1126 1056 1259 1098 magnis
1282 1055 1508 1088 tuditantium
1528 1055 1605 1090 icli-

892 1108 949 1142 bn’
965 1107 1104 1142 tundit!
1148 1107 1331 1150 Legendus
1355 1116 1490 1150 quoque
1509 1106 1599 1139 Pau-

890 1161 944 1193 lus
973 1159 1111 1192 Merula
1135 1159 1180 1192 ad
1205 1158 1360 1192 Annales
1387 1158 1491 1191 Ennii
1521 1168 1604 1201 pag.

889 1218 1008 1244 nxvn.
1024 1210 1105 1243 Fab.
1140 1211 1359 1243 Elementum
1376 1211 1534 1243 ultimum
1546 1210 1603 1243 hic

889 1273 956 1296 non
985 1262 1140 1304 eliditur,
1169 1267 1209 1295 ut
1240 1262 1321 1295 olim
1350 1267 1448 1294 recte
1475 1265 1600 1294 contra

888 1314 1166 1348 emendationem
1182 1314 1329 1347 Menrsii
1351 1314 1487 1347 notavit
1511 1313 1599 1346 Bar·

887 1366 994 1408 thius,
1015 1366 1105 1400 Adv.
1126 1369 1182 1400 47.
1200 1370 1253 1400 10.
1275 1371 1313 1399 et
1328 1366 1364 1398 in
1390 1366 1460 1399 suis
1486 1365 1602 1398 Faber

887 1418 1042 1461 repetiit.
1067 1418 1176 1457 Sem.
1213 1419 1320 1461 Lege,
1334 1417 1502 1460 Aliamque
1514 1427 1597 1459 μνε-

886 1470 960 1502 dam
973 1469 1013 1502 ab
1026 1470 1090 1502 ulio
1107 1479 1141 1503 se
1155 1469 1242 1510 ferri
1253 1472 1391 1511 putans,-
1412 1468 1448 1501 id
1463 1473 1530 1509 est,
1552 1467 1597 1501 ab

887 1520 956 1552 alio
982 1530 1024 1553 ac
1051 1520 1188 1553 diverso
1215 1530 1315 1561 cane,
1335 1530 1378 1553 ac
1405 1520 1480 1562 ipse
1509 1523 1598 1553 erat.

885 1571 944 1604 Sic
973 1572 1099 1604 Horat.
1127 1571 1198 1604 Od.
1220 1580 1271 1604 iv.
1288 1574 1340 1604 10.
1363 1572 1374 1589 ⁴
1393 1570 1539 1604 Quoties
1562 1574 1599 1604 te

887 1623 1029 1664 speculo
1046 1622 1174 1656 videris
1196 1622 1342 1655 alterum
1354 1621 1375 1655 ι’
1400 1622 1437 1655 Si
1451 1621 1508 1655 cui
1522 1621 1597 1655 liaec

885 1673 993 1706 lectio
1009 1683 1091 1707 vero
1112 1673 1198 1706 dura
1219 1673 1394 1714 videatur,
1415 1676 1533 1715 potest
1547 1673 1598 1706 le-

885 1732 982 1767 gere,
1009 1724 1050 1757 ab
1078 1725 1144 1758 alio
1168 1735 1206 1758 αα
1232 1735 1277 1757 se.
1330 1725 1391 1758 Ita
1415 1725 1597 1758 Terentius

884 1777 1026 1810 Phorm.
1042 1786 1093 1810 iv.
1109 1781 1143 1811 4.
1164 1778 1174 1796 ‘
1192 1776 1297 1810 Aliud
1313 1777 1396 1810 mihi
1409 1778 1597 1821 respondes

883 1839 925 1862 ac
946 1828 1054 1872 rogo!
1097 1828 1202 1872 Saepe
1218 1833 1332 1862 autem
1348 1835 1510 1863 auctores
1525 1830 1597 1863 ele-

884 1884 1008 1923 ganter
1020 1881 1104 1913 alius
1118 1881 1172 1914 bis
1195 1881 1318 1914 eadem
1334 1881 1479 1923 periodo
1495 1891 1595 1924 repe-

883 1936 975 1966 tunt.
998 1933 1056 1966 Sic
1069 1933 1193 1975 Virgil.
1204 1932 1336 1975 Georg.
1350 1942 1377 1967 1.
1399 1933 1411 1951 ⁴
1425 1933 1509 1975 Ipsa
1519 1933 1594 1966 dies

882 1983 979 2025 alios,
992 1984 1060 2017 alio
1073 1983 1173 2017 dedit
1184 1983 1307 2017 ordine
1321 1983 1426 2016 luna!
1467 1984 1596 2017 Sanus-

882 2035 965 2076 tins,
979 2036 989 2053 ‘
1001 2034 1109 2067 Aliud
1125 2035 1183 2068 alii
1198 2035 1267 2067 iter
1281 2039 1404 2068 natura
1418 2035 1595 2069 ostendit!

881 2087 928 2119 Et
944 2087 991 2118 ita
1007 2086 1132 2119 Cicero
1147 2087 1286 2129 passim.
1302 2087 1416 2120 Heius.
1453 2088 1593 2122 Marcii.

881 2138 924 2170 ad
951 2138 1078 2171 Horat.
1100 2138 1134 2171 d.
1160 2139 1183 2172 l.
1206 2138 1293 2180 legit
1312 2138 1400 2178 ferri
1428 2140 1592 2181 deputam.

882 2189 1038 2222 Danetus
1057 2194 1197 2223 secutus
1217 2189 1404 2222 editionem
1421 2189 1591 2223 Meursia·

880 2249 960 2272 nam
975 2240 1129 2282 exhibet,
1139 2241 1305 2283 Aliamque
1316 2242 1459 2283 praednm
1473 2242 1513 2274 ab
1526 2242 1590 2275 alio

872 2290 1014 2333 perferri
1024 2295 1163 2334 petuam
1184 2296 1222 2324 et
1234 2297 1351 2325 tamen
1368 2293 1409 2325 M
1423 2302 1490 2325 non
1505 2293 1590 2326 elidi

876 2347 996 2376 notat:
1016 2352 1123 2386 quare
1138 2343 1262 2375 merito
1272 2343 1442 2385 insignem
1458 2344 1507 2376 rei
1519 2353 1589 2376 ine-

876 2395 976 2428 tricae
991 2395 1152 2437 peritiam
1176 2395 1211 2427 in
1240 2404 1283 2428 eo
1307 2395 1454 2428 miratur
1471 2395 1588 2438 Hoog-
1619 2414 1623 2418 ·

875 2450 1061 2479 stratanus.
1085 2446 1199 2479 Burm.

918 2497 1085 2539 Aliamque
1093 2498 1232 2539 proedam
1242 2496 1280 2528 ab
1289 2496 1352 2529 ulio
1360 2496 1447 2537 ferri
1455 2497 1587 2539 putans]

874 2547 924 2580 Ut
936 2557 1056 2581 versus
1072 2552 1223 2588 constet,
1238 2548 1292 2580 hic
1308 2558 1338 2579 m
1354 2557 1421 2580 non
1432 2547 1514 2580 elidi
1526 2548 1587 2581 de·

872 2598 946 2639 bet,
968 2602 1008 2631 ut
1038 2599 1073 2631 in
1098 2599 1254 2641 pluribus
1278 2598 1371 2642 apud
1396 2598 1584 2632 Phaedrnm

870 2649 969 2683 locis.
1014 2650 1071 2683 Sic
1094 2651 1152 2683 lib.
1168 2660 1193 2684 1.
1215 2649 1285 2683 fab.
1302 2653 1352 2682 11.
1376 2650 1386 2669 ‘
1404 2651 1473 2685 Qui
1490 2655 1588 2693 post·

871 2711 972 2745 quam
1002 2701 1099 2734 caede
1125 2700 1248 2742 fessus,
1271 2701 1416 2734 Asinum
1435 2705 1595 2736 evocat.’

869 2753 928 2786 Sic
943 2752 986 2786 V.
1002 2753 1044 2786 C.
1085 2751 1140 2784 Ad
1157 2751 1368 2784 fulciendum
1386 2762 1519 2786 versum
1535 2754 1588 2789 in.

870 2807 1045 2836 truserunt
1085 2807 1143 2835 eat.
1197 2802 1285 2836 Eod.
1324 2803 1384 2836 lib.
1420 2802 1492 2838 fab.
1529 2808 1581 2839 12.

870 2856 881 2874 ‘
896 2855 991 2888 Tunc
1018 2854 1166 2887 moriens
1190 2863 1308 2887 vocem
1331 2853 1418 2889 hanc
1446 2855 1583 2891 dedisse
