1806 3236
209 217 295 260 506

211 326 249 354 et
261 321 419 363 honestas,
434 321 572 364 proprie
594 322 729 364 quidem
745 322 789 355 de
805 323 917 356 animo

210 372 369 413 hominis,
385 382 477 414 saepe
490 377 605 405 tamen
620 373 723 405 etiam
739 373 784 407 de
799 383 919 418 corpo-

212 425 256 457 ris
279 425 391 458 forma
417 426 555 467 dicitur,
583 437 627 459 ex
651 436 720 469 qua
744 427 917 460 interdum

211 476 432 516 cognoscitur
456 476 600 515 animus,
625 479 778 519 quamvis
802 478 917 510 admo-

212 527 294 560 dum
310 525 426 559 fallaci
440 527 580 561 indicio.
623 528 682 561 Sic
697 527 853 563 infralih.
865 538 917 562 lv.

211 576 281 608 fab.
303 579 338 610 4.
366 577 651 619 ‘Turpissimam'
677 583 789 622 vocat,
816 589 918 622 quam

212 638 293 660 mox
310 628 320 646 ‘
334 627 559 662 Deformem.'
583 630 669 662 Ritt.

259 679 498 721 Turpissimam]
521 680 613 721 Lege
627 679 821 722 turpissima.
859 680 919 713 Sic

213 740 307 772 supr.
324 730 396 763 fab.
410 733 465 763 43.
489 731 498 748 ‘
515 730 562 763 Et
579 731 674 773 turpi
694 731 779 764 facio
794 731 919 764 multos

214 781 361 823 cognovi
375 781 546 823 optimos?
581 782 593 801 ‘
608 781 869 824 Turpissimam'
885 782 920 814 in

213 832 285 865 fab.
309 836 364 865 63.
393 833 495 866 aliter
521 833 634 876 accipi
657 834 775 868 debet.
804 833 920 868 Heius.

213 883 307 919 Quid
331 893 417 926 opus
436 884 640 926 mutatione,
661 894 737 918 cum
753 888 790 917 et
814 887 921 927 turpes

209 934 322 976 puellae
343 944 408 977 pro
424 934 636 968 deformibus
661 936 786 978 passim
801 946 921 969 occur-

212 987 316 1018 rant?
360 986 466 1018 Ovid.
493 985 569 1020 Art.
597 995 654 1020 ¹11.
675 990 754 1020 255.
782 987 922 1020 ‘Turba

213 1037 372 1069 docenda
401 1038 508 1078 venit,
544 1038 696 1080 pulchrae
733 1043 922 1082 turpesque

215 1087 362 1129 puellae:
384 1089 498 1127 Burm.

259 1140 280 1169 4
304 1137 372 1170 His
393 1138 561 1180 speculum,
575 1137 643 1180 &c.]
673 1139 758 1171 Mss.
785 1137 923 1180 subposi-

215 1192 296 1220 tum.
340 1189 458 1230 Forte,
471 1189 526 1221 ubi
534 1189 683 1231 positum.
708 1190 793 1222 Gna.

260 1240 300 1271 In
316 1239 479 1281 cathedra]
501 1240 554 1272 De
576 1240 628 1272 his
649 1240 853 1273 feminarum
867 1250 923 1273 ca·

217 1291 361 1332 thedris,
381 1296 419 1323 et
443 1291 524 1323 inde
547 1291 650 1324 dictis
673 1291 789 1333 pueris
810 1291 924 1324 cathe-

216 1342 378 1384 draliciis,
400 1342 508 1384 legito
534 1342 675 1384 Pignor.
701 1342 744 1374 de
768 1343 864 1375 Serv.
888 1352 924 1384 p.

216 1396 293 1427 210.
316 1394 449 1426 Prusa-1⁸.
494 1394 617 1425 sellam
641 1393 861 1435 gestatoriam
876 1394 926 1426 in-

217 1444 359 1485 telligit,
375 1454 443 1486 qua
467 1443 681 1476 vehebantur
706 1443 865 1476 mulieres
890 1444 925 1476 in

220 1495 370 1537 publico.
414 1494 498 1526 Dixi
513 1494 548 1526 in
573 1503 678 1535 opere
698 1494 742 1526 de
757 1494 809 1527 Re
822 1494 926 1526 Vehi-

219 1545 340 1579 culari.
384 1544 533 1577 Interim
560 1544 619 1587 qui
645 1544 751 1585 volet,
767 1545 927 1577 consulat

219 1596 421 1638 Pignorium
437 1596 481 1628 de
495 1595 623 1637 Servis,
646 1600 683 1628 et
708 1596 927 1629 Chimenteli-

220 1657 277 1680 um
293 1647 336 1679 de
352 1647 451 1680 Sellis
465 1651 622 1679 veterum
637 1656 718 1688 cap.
731 1649 786 1679 24.
822 1646 927 1689 Schef.

263 1699 306 1731 In
320 1699 469 1731 cathedra
484 1697 694 1739 matris,⁸50.]
717 1697 928 1738 Notandum,

220 1749 313 1792 quod
326 1750 387 1791 ait,
397 1749 559 1791 puerulos
567 1748 690 1794 lusisse
702 1748 799 1780 circa
809 1748 928 1779 matris

221 1799 430 1832 cathedram.
457 1799 515 1831 Sic
524 1798 616 1840 apud
628 1798 782 1830 Martial.
791 1798 858 1840 Ep.
871 1806 928 1830 ιιι.

222 1854 278 1884 63.
302 1854 473 1883 amatores
499 1850 594 1882 circa
613 1849 796 1882 amicarum
813 1849 927 1881 cathe-

222 1902 303 1948 dras
319 1912 330 1933 ι
356 1902 367 1920 ⁴
379 1901 478 1933 Inter
498 1899 665 1933 femineas
682 1905 757 1932 tota
771 1900 829 1942 qni
851 1901 928 1932 luce

223 1951 405 1984 cathedras
420 1951 580 1992 Desidet,
593 1955 697 1993 atque
713 1950 828 1993 aliqua
841 1960 929 1983 sem-

224 2013 288 2044 per
299 2003 332 2034 in
349 2012 432 2035 aure
445 2002 568 2034 sonat!
590 2003 637 2034 Et
649 2002 714 2044 Ep.
726 2001 785 2034 lib.
797 2010 864 2034 xn-
877 2004 930 2034 38.
949 1998 953 2001 ’

223 2054 233 2071 ⁴
242 2053 345 2085 Hunc
354 2052 411 2094 qui
420 2051 579 2084 femineis
590 2056 777 2094 noctesque
790 2051 931 2094 diesque

225 2104 398 2138 cathedris
420 2103 559 2136 Incedit
579 2108 654 2135 tota
674 2107 777 2135 notus
798 2102 833 2134 in
847 2102 932 2135 urbe

224 2155 350 2189 nimis!
373 2154 532 2189 Juvenal.
540 2154 612 2186 Sat.
626 2162 679 2185 rx.
695 2153 833 2185 ‘Strata
844 2153 934 2195 posi-

226 2214 280 2240 tus
302 2207 473 2248 longaque
493 2203 656 2237 cathedra
671 2204 819 2236 Munera
835 2202 934 2236 femi-

226 2260 454 2291 neissstractas
482 2259 620 2288 secreta
646 2254 831 2287 Calendis!
874 2254 932 2287 Ad

226 2309 393 2342 femineas
423 2306 605 2340 cathedras
640 2304 816 2346 pertinere
849 2309 934 2346 puto

228 2361 343 2393 Gloss.
366 2362 437 2390 vet.
451 2357 521 2390 Ms.
542 2353 834 2396 ’Ayaaoe'apavsthu
852 2360 933 2395 λαμ-

227 2410 309 2453 πρὰν
328 2407 488 2450 καθέδραν.
529 2407 642 2439 Vetus
656 2406 782 2439 Juven.
797 2405 932 2447 Interp.

229 2466 238 2479 ¹
251 2461 434 2494 Scamnum
459 2456 686 2491 cervicalibus
701 2455 845 2487 stratis!
887 2457 934 2488 Et

229 2513 265 2544 in
284 2512 307 2544 l.
325 2520 357 2543 v,
391 2510 448 2542 De
472 2508 596 2550 supell.
617 2507 686 2548 leg.
711 2510 934 2552 recensentur

230 2560 415 2601 Subsellia,
429 2557 656 2592 cathedraris.
680 2556 759 2596 Rig.
781 2595 785 2600 Α

238 2633 242 2636 »
278 2610 454 2652 Cathedra]
469 2608 648 2644 Juvenalis
662 2607 736 2639 Sat.
750 2614 804 2638 vl.
821 2607 852 2637 8.
864 2605 876 2624 ‘
888 2604 935 2637 A-

230 2666 304 2709 pud
318 2663 439 2697 mosses
453 2661 591 2694 minima
604 2665 659 2692 est
669 2658 808 2700 jactura
822 2657 937 2689 cathe-

233 2714 332 2749 dras?
366 2715 413 2746 Et
424 2713 498 2746 Sat.
513 2720 567 2744 rx.
583 2715 620 2743 et
633 2709 743 2742 Mart.
757 2717 815 2742 ιιι.
829 2711 883 2741 63.
899 2712 936 2741 et

234 2776 301 2798 xn.
317 2767 372 2797 38.
395 2764 406 2782 ‘
423 2763 523 2796 Hunc
538 2762 596 2805 qui
620 2759 787 2794 foemineis
802 2763 936 2792 noctes-

233 2825 299 2859 que
314 2816 454 2857 diesque
469 2811 643 2847 cathedris
662 2809 823 2845 Incedit!
866 2809 934 2844 sed

678 229 823 261 No'rAE
855 230 1123 264 VARIORUM
1157 233 1209 265 IN

966 326 1107 359 videtur
1131 327 1314 369 legendum
1337 330 1469 364 Insedit.
1523 331 1668 374 Calpur-

966 377 1043 410 nius
1057 379 1240 412 cathedras
1266 379 1444 414 foemineas
1466 382 1500 414 in
1527 382 1669 425 Amphi·

967 427 1104 461 theatro
1117 427 1223 462 fuisse
1237 431 1357 464 scribit
1371 432 1462 464 ludis
1475 432 1670 466 celebribus

967 478 1086 511 Carini
1101 489 1110 511 ι
1133 481 1144 498 ‘
1158 481 1320 515 Venimus
1334 483 1378 516 ad
1393 483 1506 524 sedes,
1522 484 1581 517 uhi
1596 485 1672 527 pnl-

966 528 1001 560 la
1015 529 1153 562 sordida
1168 535 1265 564 veste
1275 533 1374 566 Inter
1384 533 1562 567 foemineas
1575 545 1672 577 spec-

967 580 1068 612 tabat
1083 581 1185 613 turba
1204 583 1408 618 cathedras?
1450 585 1522 618 Per
1535 585 1671 619 turbam

964 630 1131 673 intelligit
1145 632 1298 674 equitem
1313 639 1351 667 et
1364 634 1533 670 tribunos.
1561 637 1648 670 Gna.

1012 681 1230 725 suppositum]
1263 684 1366 718 Prior
1390 694 1510 719 versus
1536 686 1672 729 gemino

968 732 1093 765 mendo
1123 733 1321 776 inquinatus
1356 740 1432 777 est;
1461 737 1552 770 unde
1582 736 1672 771 adeo

969 781 1113 824 factum,
1128 789 1167 817 ut
1182 789 1257 818 tota
1271 786 1381 819 oratio
1395 796 1562 829 suspensa
1574 787 1621 820 sit
1634 791 1672 820 et

968 833 1096 867 hiulca.
1127 835 1218 867 Nam
1234 835 1327 877 quid,
1342 846 1472 879 quaeso,
1487 841 1556 879 est,
1569 838 1676 879 pueris

967 885 1160 926 suppositum
1174 889 1244 918 erat
1256 885 1437 928 speculum?
1457 888 1535 929 uisi,
1551 897 1676 931 pueros

968 933 1134 967 insedisse
1149 937 1301 977 specum,
1315 941 1374 970 aut
1387 946 1503 970 eorum
1526 938 1674 980 pedihus

971 986 1165 1028 subjectum
1187 986 1316 1019 fuisse?
1362 988 1492 1031 Papae!
1516 998 1589 1022 rem
1612 990 1675 1022 mi-

970 1036 1112 1070 rificam.
1157 1038 1308 1080 Deinde,
1323 1039 1405 1082 quid
1419 1039 1484 1072 sibi
1499 1040 1596 1082 velit,
1607 1041 1677 1083 φε-

970 1090 1072 1121 culum
1082 1090 1272 1131 suppositum
1282 1094 1352 1123 erat
1366 1090 1401 1123 in
1413 1091 1562 1124 cathara
1571 1089 1590 1124 :2
1609 1092 1676 1124 nisi

971 1141 1122 1181 positum
1144 1139 1249 1172 fuisse
1272 1140 1337 1172 sub
1365 1140 1551 1181 cathedram
1582 1141 1677 1184 quod

972 1194 1094 1222 contra
1114 1191 1166 1222 rei
1191 1191 1423 1224 narrationem
1448 1196 1514 1233 est,
1537 1200 1617 1224 nm
1639 1194 1676 1224 in

972 1240 1135 1273 cathedra
1160 1245 1247 1273 erat.
1291 1241 1441 1283 Deinde,
1464 1247 1587 1275 contra
1610 1241 1676 1276 La-

972 1290 1116 1323 tinitatis
1126 1291 1293 1324 rationem
1303 1302 1313 1332 3
1334 1301 1446 1335 neque
1457 1293 1547 1325 enim
1559 1293 1677 1326 dicere

973 1342 1094 1384 possis,
1111 1343 1327 1385 suppositum
1353 1343 1388 1375 in
1408 1352 1507 1384 ποις
1529 1353 1606 1386 pro,
1619 1353 1679 1387 po-

975 1393 1078 1424 situm
1105 1393 1140 1425 in
1171 1403 1263 1433 arca.
1319 1393 1390 1426 Sed
1421 1403 1489 1427 non
1518 1395 1680 1428 morabor

975 1443 1120 1484 amplius
1140 1444 1326 1484 κηποι-επις
1350 1445 1501 1487 corrigo,
1519 1449 1558 1478 et
1574 1446 1678 1488 lego:

977 1493 1027 1526 Hi
1039 1494 1205 1536 speculum,
1217 1494 1252 1526 in
1263 1494 1409 1527 cathedra
1422 1496 1538 1528 maere
1549 1495 1681 1580 ατ

977 1548 1043 1578 tum
1059 1546 1142 1586 fuit,
1166 1546 1341 1579 Pueriliter
1364 1547 1503 1580 ludentes
1517 1546 1608 1587 forte
1667 1564 1682 1572 -

975 1600 1156 1639 spexerant.
1186 1597 1264 1630 Hoc
1277 1606 1397 1631 sensu:
1414 1597 1470 1631 Ibi
1481 1594 1681 1641 puer-geum

976 1649 1151 1690 speculum
1165 1648 1200 1680 in
1221 1648 1386 1682 cathedra
1399 1649 1517 1682 matris
1533 1649 1682 1692 positum

978 1703 1082 1738 esset,
1098 1697 1280 1740 pueriliter
1306 1699 1480 1741 ludentes,
1493 1698 1577 1732 iilud
1589 1698 1683 1732 forte

977 1748 1209 1790 inspexerant.
1253 1749 1321 1783 Qui
1332 1753 1447 1782 antem
1455 1749 1581 1783 erroris
1592 1749 1682 1789 fons,

977 1808 1055 1840 quae
1072 1799 1167 1840 origo
1183 1797 1303 1839 fuerit,
1320 1809 1434 1842 operoe
1449 1800 1599 1842 pretium
1614 1801 1682 1834 erit

978 1847 1160 1881 attendere
1171 1858 1181 1888 3
1205 1852 1242 1880 et
1254 1847 1355 1881 facile
1364 1853 1420 1882 est
1434 1849 1477 1882 ad
1488 1849 1684 1893 intelligen-

978 1898 1072 1938 dum,
1088 1898 1121 1930 ei
1136 1899 1343 1941 praesertim,
1356 1900 1414 1942 qui
1437 1900 1523 1934 Mss.
1545 1899 1684 1934 codices

978 1948 1159 1991 aliqnando
1178 1949 1351 1982 tractarit.
1393 1950 1525 1983 Vitium
1553 1951 1683 1994 qnippe

981 1998 1074 2031 istud
1087 2003 1204 2031 natum
1219 2003 1273 2031 est
1287 2008 1331 2032 ex
1351 1999 1582 2041 geminatione
1594 2001 1683 2034 τοῦθ

981 2050 1016 2082 in
1032 2050 1087 2082 HI
1111 2050 1392 2092 SPECULUM;
1415 2051 1506 2085 unde
1531 2053 1684 2094 exscrip-

983 2106 1039 2133 tor
1065 2101 1257 2142 incogitans
1284 2102 1384 2134 nobis
1413 2101 1570 2136 effinxitz
1604 2103 1685 2136 HIS

981 2150 1251 2190 SPECULUM.
1309 2151 1439 2184 Eadem
1468 2162 1604 2196 quoque
1633 2163 1686 2186 se-

983 2201 1089 2234 cundi
1112 2202 1240 2234 erroris
1262 2202 1358 2244 origo
1371 2207 1447 2243 est;
1468 2213 1546 2236 nam
1561 2213 1608 2238 ex
1619 2215 1686 2237 ma-

982 2251 1044 2284 tris
1056 2255 1092 2284 ut
1112 2253 1248 2293 positum
1261 2252 1379 2295 (quam
1401 2263 1467 2295 ego
1481 2263 1598 2287 veram
1610 2265 1686 2288 esse

982 2302 1169 2334 lectionem
1191 2302 1381 2344 contendo)
1407 2307 1519 2336 ortum
1535 2309 1589 2336 est
1602 2303 1687 2337 iliud

982 2353 1094 2385 mres
1113 2353 1319 2395 suppositum.
1339 2352 1464 2386 Faber.
1508 2354 1603 2387 Nihil
1616 2362 1686 2386 me-

982 2404 1060 2445 lius,
1073 2404 1235 2446 opinione
1247 2414 1339 2445 mea,
1353 2413 1455 2447 quam
1469 2408 1508 2436 ut
1522 2413 1599 2442 cum
1611 2413 1688 2437 ern-

984 2454 1152 2487 ditissimo
1166 2455 1279 2487 Fabro
1298 2455 1355 2487 hic
1370 2455 1535 2496 legamus,
1555 2457 1592 2486 ut
1601 2455 1686 2496 posi·

983 2508 1053 2537 tum
1060 2504 1143 2546 suit,
1157 2508 1196 2537 et
1213 2508 1400 2546 propterea
1423 2513 1487 2546 pro
1502 2503 1580 2544 His,
1595 2505 1687 2546 quod

985 2560 1040 2588 est
1058 2555 1101 2587 ab
1116 2555 1227 2596 initio,
1251 2555 1302 2587 Hi
1316 2553 1511 2587 scribamus.
1557 2553 1686 2587 Vitium

984 2610 1169 2648 utrumque
1193 2606 1332 2649 peperit
1358 2605 1478 2637 littera
1501 2614 1544 2636 ex
1570 2605 1688 2638 vicini-

985 2659 1059 2689 tate
1072 2656 1160 2688 male
1176 2657 1341 2697 repetita,
1353 2655 1403 2687 sic
1416 2658 1454 2686 ut
1466 2655 1542 2687 aliis
1553 2654 1588 2687 in
1603 2656 1687 2688 locis

986 2706 1124 2739 evenit:
1152 2710 1193 2738 ut
1204 2705 1432 2748 positmnfuit‚
1452 2705 1543 2738 idem
1558 2711 1625 2748 est,
1644 2717 1687 2740 ac

986 2759 1015 2790 si
1041 2758 1186 2790 dixisset
1200 2768 1210 2791 ι
1245 2758 1255 2775 ⁶
1270 2757 1340 2798 Sic,
1365 2761 1418 2796 ut,
1446 2757 1619 2799 quomodo
1640 2757 1688 2790 ihi

986 2807 1076 2841 forte
1103 2808 1254 2849 positum
1273 2805 1362 2839 fuit:
1397 2807 1461 2838 hoc
1488 2807 1576 2840 enim
1600 2807 1686 2849 vult,
