1806 3236
257 252 344 295 644
729 261 872 294 no'rAE

909 260 1171 294 VARIOBUM
1203 259 1257 293 IN

735 560 994 624 FABULA
1038 577 1242 624 xxm.

301 730 395 763 Nihil
415 739 522 771 agere,
545 728 615 771 &sc-J
638 729 695 761 Ita
709 728 796 760 hanc
812 726 965 760 fabulam

255 781 378 823 incipit
393 781 500 813 editio
514 780 625 822 prima
638 778 801 821 Rigaltn3
819 778 877 809 sed
891 787 965 809 ver-

255 842 312 863 sus
337 832 474 864 videtur
498 840 678 873 perperam
703 829 816 872 repeti
836 838 880 860 ex
903 827 963 860 lib.

256 892 313 916 ιιι.
338 882 407 916 fab.
424 886 476 915 17.
503 883 588 915 Gud.

300 934 396 966 Nihil
410 943 516 974 agere,
541 933 610 974 θα]
634 931 731 973 Ιᾶειῐι
749 940 867 962 versus
883 929 963 962 toti-

257 984 336 1016 dem
361 984 474 1016 verbis
498 983 565 1016 fuit
588 983 645 1015 lib.
662 991 717 1015 111.
733 981 804 1014 fab.
822 983 875 1013 17.
899 981 964 1012 nisi

256 1035 347 1077 quod
377 1035 424 1067 ibi
454 1045 530 1077 pro,
559 1035 694 1075 indicat,
722 1037 789 1075 est,
808 1033 963 1064 admonet.

254 1086 420 1119 Traditur
449 1091 564 1119 antem
601 1086 666 1117 hoc
697 1085 778 1116 vitae
809 1084 963 1116 liumanae

253 1138 469 1169 utilissimum
485 1141 703 1179 praeceptum
731 1136 836 1168 etiam
864 1145 884 1166 a
906 1136 964 1166 Se-

254 1198 340 1221 neca
354 1200 361 1220 :
387 1189 476 1230 quod
493 1189 528 1220 in
544 1188 708 1230 practicis
723 1186 862 1230 quidem
877 1190 914 1218 et
930 1186 964 1218 in

253 1240 423 1277 ποιητικοῖς
444 1248 562 1271 verum
585 1242 658 1270 est:
684 1237 745 1269 sed
761 1237 794 1269 in
810 1237 963 1269 scientiis

253 1290 456 1322 theoreticis
471 1289 574 1331 fallit,
598 1289 654 1320 nbi
671 1298 738 1320 non
765 1288 810 1320 ad
835 1288 963 1320 utilita-

255 1344 327 1372 tem
349 1341 513 1382 aliquam,
535 1340 594 1371 sed
618 1339 660 1371 ad
683 1332 720 1371 se
743 1339 852 1379 ipsam
869 1343 904 1370 et
919 1338 963 1370 ad

253 1392 410 1424 humanae
448 1392 572 1423 mentis
604 1390 853 1433 perfectionem
883 1399 963 1422 con-

254 1443 435 1485 templaiio
452 1442 618 1475 refertur:
635 1446 673 1474 ut
687 1441 892 1483 Philosophi
905 1440 963 1472 do-

255 1501 348 1528 cent.
371 1496 458 1528 Rite.

299 1549 316 1578 1
344 1546 491 1578 Formica
508 1549 538 1578 et
554 1545 673 1587 musca]
696 1545 860 1578 Fabulam
875 1545 963 1577 hanc

253 1596 440 1629 illustravit
450 1595 787 1638 Lucianus'Eytcwpttqae
796 1597 854 1635 τῆς
864 1594 963 1636 μυίας.

208 1661 210 1663 ·
256 1648 338 1679 Nev.

300 1700 446 1732 Formica
460 1704 489 1732 ει
505 1700 624 1741 musca]
640 1699 816 1742 Aphthon.
832 1699 867 1732 in
881 1699 963 1732 Fab.

253 1752 406 1792 Theopli.
423 1752 547 1784 Simoc.
564 1753 629 1792 Ep.
646 1760 672 1784 1.
697 1750 777 1791 Rig.

301 1802 549 1843 Contendebant]
574 1802 756 1841 Absolute,
784 1801 808 1833 i.
834 1811 866 1834 e.
890 1810 965 1833 cer-

256 1854 378 1886 tabant
409 1853 501 1885 inter
531 1862 578 1885 se.
633 1852 759 1893 Virgil.
790 1852 865 1884 Ecl.
896 1860 964 1883 vn.

255 1905 266 1922 ‘
295 1903 383 1936 Haec
427 1903 575 1943 memini,
609 1906 645 1934 et
680 1903 807 1934 victum
837 1901 966 1933 frustra

255 1955 466 1989 contendere
482 1953 659 1997 Thyrsin?
683 1953 793 1992 Schef.

297 2012 318 2041 2
343 2009 453 2040 Pluris
477 2008 570 2050 esset]
602 2007 746 2048 supple,
771 2001 885 2048 p'retii.
911 2006 966 2039 Ci-

254 2069 335 2092 cero
364 2069 428 2100 pro
460 2060 562 2091 Rosc.
597 2058 607 2076 ‘
635 2058 748 2090 Multo
778 2057 886 2099 pluris
912 2061 966 2090 est

255 2119 346 2142 nunc
362 2119 458 2151 ager,
476 2119 577 2152 quam
594 2113 678 2141 tnnc
694 2109 759 2140 fuit
772 2107 794 2148 ;’
818 2118 895 2150 pro,
911 2114 966 2141 est

257 2161 457 2203 pretiosior:
482 2165 518 2192 et
537 2161 587 2192 sic
599 2170 705 2202 saepe.
729 2159 835 2199 Sches.

298 2215 319 2245 4
335 2211 536 2252 Immolatur]
554 2211 734 2243 Absolute.
769 2211 892 2243 Cicero
903 2211 966 2244 Di-

256 2265 325 2296 vin.
343 2273 385 2296 11.
408 2265 419 2282 ‘
437 2264 522 2296 Cum
540 2263 695 2305 pluribus
717 2263 791 2295 Diis
814 2263 965 2295 immola-

258 2320 328 2357 tur,
360 2314 417 2357 qui
447 2314 587 2346 taudem
617 2313 745 2353 evenit,
778 2318 817 2346 ut
846 2314 966 2345 litetur

259 2367 347 2407 aliis,
382 2366 457 2398 aliis
487 2375 554 2398 non
583 2364 738 2397 litetur?
791 2365 965 2396 Caeterum

258 2418 416 2450 immolare
431 2416 590 2456 dicimus,
612 2425 689 2447 cum
705 2415 881 2446 victimam
896 2424 965 2447 mo-

258 2469 293 2501 la
309 2469 396 2500 salsa
411 2467 679 2509 conspergimus.
703 2465 810 2505 Schef.

303 2520 395 2551 Exta
422 2517 596 2559 praegusto]
620 2517 808 2549 Lucianus:
834 2516 874 2547 Οἱ
895 2515 965 2557 otpo-

258 2568 340 2601 ποιοὶ
350 2567 501 2611 ταύτῃσὰ
512 2568 572 2609 ὄψα
583 2566 737 2608 ἡδύνουσι,
749 2566 800 2598 καὶ
809 2566 966 2603 βασιλέων

260 2621 361 2652 αὐτῶν
374 2618 572 2662 προγεύεται,
584 2619 635 2651 καὶ
649 2620 719 2651 ταῖς
729 2617 898 2660 τραπέζαις
914 2618 965 2657 ἐμ·

258 2672 470 2713 περιπατοῦσα
482 2672 677 2702 συνεσθιᾶται
691 2670 807 2711 αὐτοῖς,
827 2667 878 2700 καὶ
894 2679 964 2700 συν-

261 2720 409 2754 απολαύει
424 2721 557 2754 πάντων.
584 2722 665 2761 Rig.

302 2778 321 2805 5
347 2772 473 2813 Moror]
491 2772 531 2804 Id
549 2777 613 2813 est,
628 2772 757 2812 habito,
771 2770 861 2803 vivo.
883 2769 963 2802 Vid.

260 2823 385 2856 doctis.
400 2823 582 2854 Muncker.
600 2823 641 2854 ad
659 2822 789 2864 Hygin.
813 2820 894 2853 Fab.
909 2823 964 2853 52.

260 2875 403 2907 Sueton.
421 2875 548 2907 Neron.
565 2876 616 2906 33.
641 2873 724 2907 licet
739 2871 843 2905 dubia
863 2871 965 2913 signi-

1016 727 1192 771 ficatione,
1214 728 1225 747 ⁴
1242 727 1376 761 Morari
1390 727 1482 760 inter
1494 721 1647 774 homiues
1662 720 1722 757 de·

1017 778 1134 812 siisse!
1535 779 1539 782 ”
1585 783 1587 786 “
1624 788 1627 790 “

1060 830 1164 872 Inter]
1187 830 1229 863 In
1247 829 1328 863 aris.
1352 829 1468 862 Plaut.
1490 826 1605 862 Aulul.
1618 832 1723 860 nile.

1016 884 1048 913 5.
1072 882 1083 899 ⁴
1101 881 1236 913 Deinde
1251 884 1386 922 egomet
1413 874 1547 912 mecum
1569 874 1722 920 cogitare

1015 931 1107 963 inter
1125 932 1195 964 vias
1212 930 1357 973 occepi!
1380 929 1484 970 Sem.
1607 968 1609 973 y
1660 966 1671 975 ἢ

1062 983 1186 1024 Templa
1195 983 1352 1025 perlustro
1362 982 1482 1024 omnia]
1495 971 1636 1021 Mallem
1645 978 1722 1012 haec

1016 1032 1179 1078 distincte
1207 1033 1373 1074 scribere,
1395 1032 1508 1068 Moror
1531 1027 1620 1063 inter
1637 1037 1724 1070 cm,

1015 1085 1141 1126 templa,
1167 1084 1324 1126 perlustro
1350 1082 1464 1116 omnia.
1522 1080 1611 1114 N‘n'm
1635 1078 1723 1119 illud

1015 1135 1131 1175 omnia,
1151 1144 1229 1167 cum
1250 1134 1294 1167 ad
1319 1133 1393 1167 sola
1410 1132 1563 1166 refertur
1580 1127 1724 1175 templu,

1016 1185 1084 1217 vim
1114 1195 1182 1218 non
1210 1185 1318 1218 habet
1346 1189 1489 1217 tantam.
1528 1182 1661 1227 'Plann
1681 1177 1722 1215 in

1016 1237 1216 1269 Mercatore
1233 1245 1275 1268 u.
1293 1245 1340 1269 sc.
1353 1238 1386 1268 3.
1401 1235 1411 1254 ‘
1423 1234 1548 1267 Musca
1560 1228 1722 1266 εειπιὲιιε

1015 1292 1127 1329 pater,
1143 1288 1225 1319 nihil
1240 1291 1356 1330 potest
1375 1284 1574 1320 clam'ill'um
1588 1282 1721 1317 haberi.

1015 1339 1092 1370 Nec
1108 1348 1255 1380 sacrum,
1267 1348 1331 1370 nec
1347 1343 1416 1370 tam
1434 1333 1615 1380 profanum
1629 1335 1723 1381 quic-

1013 1398 1116 1431 quam
1130 1383 1196 1430 est,
1213 1389 1293 1432 quin
1309 1389 1364 1432 [bi
1380 1388 1474 1421 illico
1489 1386 1606 1420 adsit!
1635 1385 1722 1419 Per-

1013 1441 1123 1473 lustro
1138 1444 1204 1480 est,
1219 1440 1377 1482 inspicio,
1390 1439 1558 1471 examino.
1582 1436 1690 1477 Sabes-

1057 1494 1078 1522 6
1109 1492 1150 1522 Ιη
1176 1491 1290 1532 capite]
1327 1491 1548 1523 Contemtum
1577 1487 1720 1520 indicat.

1014 1541 1196 1575 Quomodo
1227 1541 1319 1582 apud
1345 1539 1527 1581 Virgilium
1553 1539 1629 1572 AEn.
1655 1546 1722 1571 vn.

1014 1594 1024 1612 ‘
1041 1592 1214 1624 Insultare
1234 1590 1353 1632 capiti’
1375 1590 1550 1623 habemus.
1572 1588 1680 1629 Solus.

1057 1647 1077 1676 7
1101 1644 1325 1676 Matronarum
1339 1644 1427 1674 casta
1447 1639 1564 1682 oscula]
1589 1639 1723 1682 Hypal-

1014 1695 1104 1737 lage,
1127 1704 1203 1737 pro,
1225 1698 1457 1727 matronarum
1474 1686 1651 1725 'castarum
1670 1699 1722 1723 os·

1015 1747 1106 1779 cula.
1133 1746 1218 1778 Rite.

1061 1799 1159 1830 Casta
1179 1797 1280 1829 delibo
1303 1796 1421 1838 oscula]
1443 1792 1638 1828 Luclnnu's:
1660 1791 1724 1825 Καὶ

1015 1849 1053 1882 τὸ
1067 1851 1172 1890 δῆγμα
1186 1848 1220 1880 δὲ
1235 1847 1323 1888 αὐτὸ)
1344 1847 1395 1880 καὶ
1410 1846 1431 1886 ἡ
1442 1847 1500 1878 τοῦ
1512 1845 1639 1886 αἵματος
1657 1845 1723 1878 ἑπι-

1017 1899 1119 1941 evola,
1146 1900 1202 1932 οὐκ
1217 1897 1402 1940 ἀγριότητος
1422 1898 1495 1930 ἀλλ’
1520 1894 1631 1939 ἔρωτός
1654 1896 1722 1929 ἔστι

1016 1951 1144 1991 σημεῖον
1155 1949 1206 1981 καὶ
1220 1948 1455 1991 φιλανθρωπίας.
1466 1948 1507 1980 ὧς
1520 1947 1583 1990 γὰρ
1591 1946 1722 1979 δυνατὸν

1016 2001 1167 2036 ἀπολαύει
1181 2001 1232 2034 καὶ
1245 2002 1301 2034 τοῦ
1315 1999 1451 2034 κάλλους
1463 2011 1495 2033 τι
1508 1994 1718 2041 Crwffss'er'ac.

1016 2055 1096 2096 Rig.
1328 2054 1338 2060 ⁸
1663 2056 1675 2062 “’

1062 2106 1193 2148 Oscula]
1216 2105 1366 2146 Blande,
1389 2114 1455 2147 pro
1480 2102 1618 2147 ρῑιείἱιίεἸ
1640 2101 1720 2135 oris.

1015 2156 1380 2198 Imitafione-Virgilii,
1401 2156 1460 2198 qui
1486 2154 1561 2188 ΖΕΗ.
1577 2163 1603 2187 1.
1625 2154 1638 2173 ¹
1656 2153 1722 2186 Os-

1016 2210 1093 2242 cula
1108 2208 1231 2240 libavit
1246 2206 1360 2240 nataeJ
1405 2206 1450 2238 Et
1474 2214 1542 2238 ιιι.
1568 2203 1721 2248 ejusdem

1016 2261 1153 2302 operis:
1178 2263 1188 2278 ‘
1204 2260 1407 2300 Summaque
1427 2266 1490 2299 per
1506 2256 1640 2298 galeam
1662 2255 1721 2288 de-

1015 2313 1125 2344 libans
1139 2311 1266 2352 oscula,
1279 2309 1400 2343 fatur!
1427 2308 1588 2341 Servius:
1604 2307 1615 2326 ⁴
1629 2307 1721 2340 Deti-

1016 2363 1101 2405 bare,
1138 2372 1303 2395 summum
1334 2361 1487 2393 osculum
1523 2359 1618 2401 dare,
1651 2367 1721 2391 non

1017 2424 1187 2456 pressum,
1210 2413 1271 2446 sed
1288 2421 1418 2444 summa
1446 2410 1572 2444 labella¹
1586 2410 1718 2454 contin-

1015 2464 1121 2506 gens?
1146 2463 1252 2507 Schef}

1059 2518 1079 2547 8
1102 2515 1225 2547 Laboro
1238 2513 1334 2554 nihil]
1349 2513 1488 2545 Nullam
1505 2521 1576 2544 rem
1592 2509 1721 2553 laboro,

1017 2566 1059 2597 ab
1087 2565 1178 2597 omni
1204 2564 1320 2596 labore
1345 2574 1418 2596 sum
1441 2564 1538 2596 liber.
1583 2561 1641 2594 lta
1654 2562 1720 2594 Ta·

1016 2616 1105 2648 citus
1121 2613 1238 2647 Germ.
1251 2617 1306 2646 45.
1335 2614 1345 2632 ‘
1362 2615 1546 2646 Frumento
1569 2618 1719 2645 ceteros-

1016 2677 1082 2709 que
1098 2666 1230 2699 frnctus
1247 2665 1425 2698 laborant!
1471 2664 1544 2695 Cic.
1562 2664 1627 2705 Ep.
1640 2671 1718 2696 xw.

1015 2721 1048 2750 4.
1071 2721 1080 2736 ‘
1099 2718 1195 2750 Nihil
1209 2717 1337 2756 laboro,
1360 2715 1423 2747 nisi
1447 2719 1485 2746 ut
1508 2715 1622 2747 salvus
1648 2713 1719 2747 sis!

1016 2769 1121 2809 Scltef.
1165 2768 1284 2800 Malim
1301 2766 1395 2798 Nihil
1408 2766 1524 2798 laboro.
1568 2765 1624 2798 Sic
1648 2770 1717 2799 sta-

1016 2820 1076 2852 tim
1098 2821 1108 2837 ‘
1126 2817 1220 2851 Nihil
1234 2817 1390 2848 laboras!
1412 2817 1527 2849 Heins.

1058 2869 1177 2903 Laboro
1192 2867 1281 2910 nihil,
1302 2867 1374 2909 εμπ]
1396 2867 1584 2900 Lucianus:
1606 2865 1717 2909 ’Δργὺς
