1806 3236
197 223 284 267 376

199 338 254 360 um
290 331 328 360 et
357 327 403 362 Q.
438 326 605 360 Serenum
639 326 902 360 sammonicum.

198 378 286 412 Ritt.

239 433 282 463 20
309 429 450 471 Virtute]
489 429 614 461 Mallet
643 428 904 470 Rittershusius‚

202 481 336 515 Virtuti.
380 482 426 513 Et
447 480 497 512 sic
522 480 683 513 Barihius
704 489 840 523 quoque
856 479 900 512 ad

197 534 298 567 Grat.
315 543 349 575 p.
364 535 419 565 36.
461 532 605 565 Salmas.
621 533 665 565 ad
681 533 781 575 Spar.
794 542 829 575 p.
845 534 900 566 26.

197 585 289 619 Quid
300 585 316 628 ἓ,
335 584 364 616 si
388 585 560 626 praevalere
578 583 697 616 virtute
710 584 769 624 sit,
786 584 902 616 valere

196 645 268 677 prae
285 635 427 677 virtute,
455 634 520 667 hoc
543 639 607 676 est,
626 639 708 667 ante
730 635 904 676 virtutem,

197 690 234 719 et
248 684 299 718 sic
313 689 464 728 ponatur
477 685 512 718 in
528 689 689 727 respectu
709 685 753 718 ad
769 694 904 727 praepo-

195 736 363 777 sinonem,
373 746 451 779 quae
460 737 635 779 componit
645 736 798 770 verbum.
810 737 905 771 Quo-

196 787 299 821 modo
314 788 538 821 ‘incumbere
554 787 659 820 arma'
680 788 784 821 etiam
798 788 834 820 in
845 788 905 821 Sa-

196 839 302 872 lustio
317 839 498 881 reperitur.
543 839 747 882 Quanquam
770 849 848 872 cum
866 838 903 871 in

196 893 270 923 vet.
286 890 363 923 cod.
381 889 472 922 absit
483 896 604 932 smper
619 891 770 932 praevalet
782 890 904 932 sapien-

198 942 258 983 tia,
273 941 464 975 Neveletus
488 940 659 983 corrigat:
684 941 758 974 Hac
778 950 813 973 re
832 950 905 983 pro-

197 993 292 1027 baem·
303 994 464 1035 ingenium
486 996 635 1035 quantum
653 994 746 1027 valet.
791 993 905 1026 Etiam

199 1044 365 1078 Heinsius
389 1054 527 1078 versum
554 1044 722 1083 ultimum,
744 1049 784 1078 ut
799 1044 909 1087 spuri-

200 1106 272 1137 um,
287 1095 459 1137 repudiat.
482 1095 590 1136 Senes.
635 1096 715 1129 Hoc
737 1097 815 1129 loco
844 1096 909 1128 vir-

200 1153 261 1191 tus,
282 1148 332 1181 vis
357 1152 422 1190 est,
448 1147 544 1190 ῥώμη.
587 1149 765 1182 Videlicet
789 1148 907 1192 primis

199 1198 306 1232 Urbis
335 1197 548 1241 teuiporibu!
576 1197 615 1231 τὸ
642 1199 745 1232 virtus
773 1205 834 1233 aut
856 1200 908 1232 ἂν·

201 1249 301 1294 speia»
315 1249 545 1293 significabat,
574 1254 634 1283 aut
659 1250 776 1284 robur.
820 1250 908 1284 Inde

670 230 813 263 NOTAE
844 229 1113 264 VARIORUM
1145 230 1198 263 IN

954 325 1039 359 iliud
1055 325 1168 368 Ennii,
1194 324 1342 358 ‘Melius
1358 327 1412 358 est
1431 323 1558 358 virtute
1568 324 1629 368 jus
1639 320 1662 358 τ*

954 377 1061 420 idque
1076 377 1163 410 adeo
1179 387 1296 409 verum
1308 380 1375 417 est,
1385 380 1425 410 ut
1436 387 1457 409 a
1471 375 1662 409 Plutarcho

957 437 1107 471 quoque,
1122 428 1268 470 primulo
1281 428 1399 461 statim
1413 427 1588 460 Coriolani
1601 427 1665 460 ini·

957 479 1019 520 tio,
1044 478 1089 510 sit
1109 478 1340 512 observatum.
1381 478 1499 511 Verba
1513 477 1665 521 pruden-

954 529 1078 562 tissimi
1093 529 1271 572 scriptoris
1285 532 1365 562 sunt
1381 540 1391 562 ε
1407 528 1515 562 ‘oms
1539 527 1598 570 μὲν
1608 527 1664 562 οὖν

957 581 990 614 ἐν
1002 582 1070 614 τοῖς
1083 579 1157 613 τότε
1171 578 1292 622 χρόνοις
1303 579 1324 620 ἦ
1337 579 1437 621 Ῥώμη
1449 579 1590 621 μάλιστα
1601 581 1662 620 τῆς

956 633 1067 675 ἀρετῆς
1078 632 1116 665 τὸ
1128 631 1198 674 περὶ
1215 631 1273 664 τὰς
1296 631 1464 672 πολεμικὰς
1487 631 1541 664 καὶ
1561 641 1660 674 στρα-

955 683 1097 717 τιωτικὰς
1119 682 1256 716 ἐκύδαινε
1274 681 1405 725 πράξειε.
1423 698 1426 702 ·
1447 682 1510 715 Καὶ
1530 682 1662 726 ἐμφω-

956 737 1041 779 ρεῖτο
1066 734 1126 774 τὴν
1152 733 1266 777 ἀρετὴν
1286 734 1336 766 ὑπ’
1362 733 1463 767 abr&
1480 733 1528 767 Η
1545 734 1592 776 v&
1603 736 1664 774 τῆς

957 786 1097 830 ἀνδρείας
1122 785 1307 849 (virtutisk
1318 785 1445 827 ὀνόματι
1457 785 1664 830 προσονομά-

957 843 1053 872 εσθαι·
1074 838 1126 872 καὶ
1136 839 1229 872 τοῦτο
1249 838 1307 871 τοῦ
1320 835 1430 879 ’γένους
1451 837 1549 879 ὄνομα
1561 837 1666 872 που»

956 890 1117 934 ὑπάρχειν,
1131 889 1156 932 ᾧ
1170 890 1230 930 τὴν
1250 889 1391 933 ἀνδρείαν
1415 889 1475 933 ἰδίᾳ
1500 888 1660 925 κιλὸΰσν.

957 945 1047 978 Haec
1061 943 1281 976 Plutarchus.
1304 941 1386 975 Fal».

1009 994 1151 1036 Virtute]
1173 994 1295 1026 Malim
1315 993 1447 1027 Virtuti.
1492 993 1666 1027 Caetemni

961 1046 1134 1080 sententia
1148 1046 1224 1079 haec
1238 1044 1419 1078 manifeste
1433 1045 1600 1079 translata
1613 1049 1669 1079 est

962 1109 1007 1131 ex
1032 1098 1125 1130 hisce
1149 1097 1314 1130 Ennianis
1337 1096 1510 1144 versibus:
1547 1097 1669 1131 Melius

961 1151 1008 1182 est
1033 1149 1150 1182 virttde
1167 1149 1237 1189 jus.
1291 1148 1379 1181 Nam
1404 1158 1485 1191 σαμε
1518 1149 1668 1182 viritim

959 1200 1180 1234 nanciscuntur
1194 1202 1281 1235 mali.
1336 1201 1402 1234 Jus
1428 1204 1522 1244 atque
1540 1208 1666 1243 aeqm

960 1260 993 1284 ae
1007 1261 1026 1284 α
1036 1250 1129 1293 malis
1142 1251 1264 1294 spernit
1275 1252 1396 1296 procul.
1418 1250 1509 1286 Ritt.

710 1508 968 1552 FABULA
1017 1507 1156 1552 XIV.

247 1656 265 1686 1
289 1654 413 1697 Malus]
428 1654 523 1688 Artis
539 1665 609 1689 suae
624 1655 817 1698 imperitus.
852 1656 910 1690 Sic

202 1704 213 1722 ‘
232 1704 369 1745 poetam
395 1705 534 1738 malum’
556 1706 646 1739 dixit
665 1707 787 1739 Cicero
803 1707 837 1738 in
852 1707 909 1739 De

203 1754 290 1787 Nat.
302 1756 412 1788 Deor.
440 1755 547 1796 Sclaef.
591 1757 601 1775 ‘
618 1756 731 1788 Malus
746 1755 911 1788 medicus'

204 1806 318 1839 Cicer.
344 1806 388 1838 ad
411 1807 505 1840 Fam.
529 1816 581 1839 ιν.
597 1810 630 1839 5.
660 1811 697 1839 et
721 1807 844 1840 Senec.
864 1806 909 1839 de

204 1855 376 1889 Clement.
392 1866 418 1889 Ι.
438 1859 491 1890 17.
536 1857 594 1890 Ita
608 1856 703 1890 κακὸς
726 1856 830 1899 ἰατρὸς
853 1856 910 1888 AE-

203 1906 314 1948 schyl.
326 1907 503 1940 Prometh.
513 1910 589 1940 472.
603 1912 640 1940 et
650 1912 774 1940 contra
784 1907 910 1940 Horat.

202 1956 277 1989 Sat.
295 1967 321 1989 ι.
339 1960 371 1990 3.
400 1958 410 1976 ⁴
422 1962 520 1991 sutor
540 1958 674 1991 bonus.’
694 1960 704 1977 ‘
716 1959 830 1991 Malus
858 1959 912 1992 Ci-

203 2007 389 2040 tharoedus’
401 2008 499 2041 Suet.
513 2008 600 2042 Ner.
614 2012 670 2042 40.
693 2009 810 2043 Burm-

246 2059 356 2090 .Mulus
368 2060 471 2101 sutor]
498 2060 553 2092 Ex
567 2060 657 2092 malo
671 2064 788 2093 sutore
803 2061 912 2093 malus

203 2109 373 2151 medicus,
381 2113 419 2142 et
432 2109 614 2142 Chironica
626 2114 699 2143 arte
710 2110 888 2143 institutus
903 2121 910 2141 :

204 2159 240 2191 οὔ
255 2159 381 2201 Χείρων,
396 2159 481 2193 ἀλλὰ
499 2159 622 2202 χείρων.
667 2161 776 2193 Vetus
799 2161 913 2195 Gloss.

204 2211 215 2228 ‘
233 2210 407 2244 Pessimus
422 2222 431 2244 ε
455 2210 614 2253 κάκιστος,
629 2211 800 2254 χείριστος,
815 2211 913 2253 ἔσχα-

205 2272 273 2302 τος,
306 2261 439 2303 χείρων]
498 2262 628 2296 Notavi
664 2263 709 2295 ad
736 2262 914 2295 Onosand.

206 2320 242 2352 p.
259 2320 312 2344 xx.
337 2312 416 2353 Rig.

248 2362 441 2403 Deperditus
451 2363 581 2405 inopiae]
598 2363 797 2405 Eleganter,
807 2363 851 2396 de
862 2373 916 2406 eo,

206 2413 303 2455 cujus
326 2411 510 2446 facultates
536 2424 652 2447 omnes
675 2416 723 2448 sic
744 2415 914 2456 exhausit,

205 2468 246 2496 ut
255 2465 328 2506 jam
345 2470 440 2499 sutor
455 2476 532 2499 esse
549 2467 676 2500 diutius
692 2476 761 2499 non
783 2470 913 2508 posset.

207 2516 320 2548 Plane
340 2517 430 2550 sicut
451 2518 612 2550 Germani
626 2517 804 2550 ven-dorben.
850 2519 914 2550 Est

208 2571 323 2599 autem
335 2567 390 2599 hic
402 2568 524 2600 omissa
536 2568 745 2610 conjunctio,
757 2572 796 2600 ut
811 2578 915 2610 supra

208 2616 280 2649 fab.
294 2620 345 2650 10.
365 2617 375 2635 ‘
389 2617 604 2660 Oppressum
621 2619 664 2652 ab
676 2619 802 2662 aquila,
815 2618 916 2651 fletus

209 2668 392 2701 edentem?
453 2669 521 2702 Ubi
552 2670 640 2711 vide,
675 2680 750 2712 quae
787 2670 916 2702 notavi.

210 2720 427 2762 Quanquam,
461 2720 576 2753 nescio
613 2719 796 2764 quomodo,
832 2719 914 2752 mihi

210 2770 336 2802 rectius
371 2770 540 2812 videatur,
577 2771 737 2813 inopiaque
761 2772 913 2813 perditus.

212 2819 303 2852 Nam
318 2822 497 2864 deperditus
510 2821 601 2856 haud
620 2821 721 2856 facile
744 2823 793 2856 sic
814 2831 913 2864 repe-

963 1654 1043 1688 rias.
1087 1654 1138 1688 At
1157 1654 1300 1697 per-ditm
1326 1655 1380 1687 est
1401 1649 1494 1695 apud
1518 1649 1669 1695 cptinms

964 1707 1161 1748 scriptores.
1203 1705 1287 1748 Ipse
1314 1704 1438 1738 Cicero
1466 1712 1530 1746 pro
1554 1703 1670 1737 Domo

964 1767 995 1789 c.
1011 1759 1065 1789 44.
1087 1757 1097 1776 ‘
1111 1757 1220 1791 Quem
1246 1756 1281 1788 in
1297 1757 1474 1789 numerum
1495 1763 1539 1787 ex
1553 1753 1670 1787 multis

964 1807 1093 1839 Clodiis
1119 1817 1220 1839 nemo
1248 1816 1372 1840 nomen
1401 1806 1512 1848 dedit,
1531 1803 1595 1838 nisi
1609 1807 1671 1837 ant

964 1861 1119 1899 egestate
1131 1860 1192 1889 aut
1207 1857 1340 1890 scelere
1355 1854 1538 1900 perditus!
1560 1853 1670 1894 &hef-

965 1908 1037 1941 Cic.
1049 1908 1093 1940 de
1103 1907 1243 1940 Provin.
1268 1908 1374 1941 cons.
1395 1917 1427 1941 c.
1442 1911 1475 1939 5.
1497 1907 1508 1926 ‘
1524 1905 1670 1939 Nomo-

965 1959 1035 1991 lum
1051 1958 1151 1998 bona,
1163 1958 1225 1991 sed
1240 1957 1346 1991 etiam
1368 1958 1595 1998 honestatem,
1608 1955 1670 1988 mi-

967 2009 1035 2042 seri
1049 2008 1346 2052 deperdiderunt.'
1380 2009 1459 2042 Vai.
1488 2008 1586 2041 Max.
1605 2014 1674 2041 vu.

967 2063 999 2092 3.
1036 2063 1070 2092 8.
1105 2061 1115 2078 ‘
1138 2059 1268 2093 Amore
1302 2059 1409 2093 scorti
1447 2057 1673 2102 deperditus?

968 2112 1083 2144 Burm.

1010 2165 1031 2194 2
1053 2162 1247 2195 Medicinam
1250 2161 1376 2204 facere]
1387 2160 1501 2195 Aliter
1510 2160 1567 2194 hic
1576 2170 1673 2194 usur-

968 2218 1042 2256 pat,
1057 2222 1159 2255 quam
1187 2222 1291 2254 supra
1313 2211 1383 2246 fab.
1408 2214 1442 2245 9.
1486 2212 1559 2251 Hic
1579 2211 1672 2245 enim

959 2264 1069 2304 facere
1079 2263 1262 2296 medicinam
1277 2267 1346 2305 est,
1361 2267 1470 2296 artem
1482 2273 1557 2296 eam
1573 2272 1674 2296 exer·

968 2325 1060 2348 cere.
1077 2314 1178 2348 Quod
1189 2315 1295 2348 miror
1306 2314 1572 2348 Rittershuaium
1583 2323 1674 2357 prae-

968 2366 1115 2407 tei-iisse,
1128 2366 1256 2408 hosque
1281 2366 1373 2398 locos
1387 2375 1451 2407 pro
1477 2364 1598 2398 iisdem
1610 2363 1672 2399 lia-

966 2417 1092 2450 buisse.
1135 2417 1281 2449 Plautus
1301 2417 1411 2449 isthac
1426 2416 1558 2448 ratione
1572 2414 1674 2457 dixit,

968 2468 1119 2500 ‘Facere
1143 2471 1251 2499 artem
1281 2465 1469 2507 ludicram,’
1494 2465 1531 2498 in
1556 2463 1671 2498 Aulul.

967 2517 1047 2550 Act.
1075 2526 1127 2550 ιν.
1150 2518 1206 2551 Sc.
1235 2520 1266 2550 3.
1311 2517 1435 2550 Cicero
1466 2516 1501 2548 iu
1533 2515 1671 2549 Vei-rin.

966 2569 976 2586 ‘
994 2569 1121 2600 Facere
1149 2568 1379 2610 argentariam
1390 2566 1414 2607 ς’
1450 2567 1548 2607 item,
1577 2566 1671 2599 ‘Fa-

969 2628 1048 2651 cere
1072 2617 1324 2651 mercaturam!
1367 2618 1481 2660 Supra
1494 2626 1562 2649 non
1577 2617 1675 2650 dice-

969 2670 1044 2711 bat,
1081 2669 1207 2702 ‘Fecit
1235 2667 1464 2710 medicinam‚’
1490 2667 1673 2709 absoluteg

969 2731 1101 2762 verum,
1125 2721 1134 2739 ‘
1150 2721 1250 2753 Fecit
1264 2719 1466 2762 medicinam
1484 2718 1533 2750 ini
1546 2718 1568 2759 ;’
1592 2728 1673 2752 con-

968 2775 1023 2804 tra
1053 2781 1153 2815 quam
1182 2771 1238 2803 hic
1267 2770 1429 2813 loquitur.
1468 2769 1572 2809 Schef.
1614 2769 1672 2802 Ita

968 2822 1084 2856 Graeci
1116 2822 1212 2870 ποιεῖν
1246 2820 1304 2861 τὴν
1333 2819 1482 2864 ἰατρικήν.
1524 2818 1673 2854 Alfenus
