1806 3236
356 188 561 244 rnatum
597 213 707 244 rae.
742 211 1045 245 AEsormnum
1082 211 1175 243 un.
1210 212 1277 244 iv.
1308 200 1381 244 20.

137 297 220 346 ἦι-
247 317 293 342 ex
318 310 396 342 tuto
422 306 739 342 circumcidendum
771 306 850 339 est.‘

139 359 228 405 oab
238 360 295 394 bie
311 365 383 395 tam
398 359 542 401 bardus,
555 363 595 392 ut
611 363 711 402 putet
727 358 850 392 deesse

137 410 246 446 mo?
299 412 357 445 Sic
382 411 478 445 idem
504 410 564 444 lib.
592 419 646 443 ιν.
677 419 756 453 cap.
787 410 849 444 ult.

138 463 353 501 ‘Ambulare
376 463 585 498 circumcisa
607 462 702 496 omni
717 462 849 505 negoti-

136 517 426 560 oaacogitatione
449 516 506 549 vel
533 514 696 556 actione,'
722 514 758 547 id
785 518 851 558 est,

136 572 281 603 remota.
324 567 393 602 Sed
414 567 672 601 ‘Circumcisus
688 570 750 599 aut
769 564 850 599 aub-

134 620 224 654 latos
251 619 401 653 sumtns’
439 618 531 652 dixit
556 618 675 652 Livius
704 619 728 651 l.
757 626 849 652 xnx.

134 673 184 707 nt
211 671 296 706 alibi
329 671 541 715 ‘Stipendia
569 669 846 705 circumcidere’

134 723 228 758 idem
257 723 389 766 Livius,
415 722 474 757 ubi
497 721 696 765 significare
710 721 850 755 videtur

135 774 307 808 diminuta
318 773 502 818 stipendia.
524 774 612 808 Ritt.

178 829 224 862 20
244 825 407 869 abirim]
444 826 489 860 In
518 825 683 860 Libitinae
717 825 848 868 templo

134 878 274 913 venalia
296 883 398 913 arant
423 888 641 924 quaecunque
664 878 708 912 ad
735 878 849 920 sepul·

135 934 248 964 turam
270 930 508 974 pertinebant.
552 931 631 966 Quo
654 930 849 973 respexisse

134 981 322 1016 Pboedrum
346 986 505 1016 annunt
526 982 781 1016 Kircbmannns
805 982 849 1015 de

128 1035 223 1071 Fun.
239 1037 340 1070 Rom.
354 1045 381 1070 1.
394 1039 428 1071 9.
450 1037 563 1071 Prasc.
605 1037 677 1070 Seu
692 1036 729 1079 ii,
744 1036 847 1080 quiin

133 1091 265 1134 templo
290 1089 366 1134 ejus
381 1100 460 1134 que
475 1089 520 1124 ad
534 1088 639 1123 funus
655 1093 775 1124 essent
790 1099 849 1123 ne-

133 1142 286 1176 cessaria
319 1142 532 1177 vendebant.
576 1140 679 1176 eonf.
721 1141 848 1175 Kirch-

131 1199 249 1228 mann.
265 1194 352 1228 Fun.
371 1202 398 1228 ι.
413 1203 446 1229 c.
458 1196 493 1228 9.
509 1197 547 1227 et
561 1194 693 1229 Meurs.
707 1194 797 1227 Fun.
814 1204 846 1229 c.

131 1247 188 1280 44.
215 1245 324 1287 Soles.
566 1263 569 1265 ¹

173 1296 323 1332 unitim
335 1298 392 1343 ne]
417 1298 488 1333 Ma.
511 1297 606 1331 Libet
619 1298 726 1331 inane.
749 1296 844 1330 Gud.

176 1350 231 1384 Ne
257 1348 350 1394 qaid]
388 1349 473 1393 Legi
504 1359 642 1394 quoque
667 1348 796 1392 potuit,
818 1348 846 1381 si

131 1401 201 1436 ath
223 1401 494 1446 interpolatione
520 1410 604 1434 usus
630 1405 705 1434 est:
728 1410 769 1433 ne
793 1398 848 1443 qai

131 1452 173 1488 de
184 1457 251 1497 m,
261 1453 298 1488 id
311 1457 380 1498 est,
390 1463 436 1488 ne
449 1462 588 1498 quoquo
601 1451 703 1485 modo
712 1452 847 1484 lucrum

133 1505 254 1540 faciat.
295 1505 367 1540 Sed
390 1503 648 1540 defendendum
674 1506 730 1537 est
751 1508 847 1538 vete-

133 1566 208 1590 rem
221 1557 386 1601 loquendi
406 1556 600 1590 rationem:
623 1557 633 1574 ‘
646 1556 684 1589 Si
699 1555 785 1599 qnid
799 1555 849 1589 fa-

132 1608 256 1651 cinus,’
283 1613 322 1643 et
348 1608 476 1643 similia
511 1608 605 1651 apud
641 1606 848 1642 familiarem

132 1665 290 1695 nostrum
299 1661 486 1702 Plautum;
506 1661 557 1695 sic
571 1661 581 1680 ‘
591 1661 685 1696 Quid
697 1662 847 1705 nomeu,’

133 1710 200 1746 ‘Id
216 1712 367 1756 nomen:
381 1714 448 1746 stc.
474 1721 551 1757 quse
575 1712 679 1756 attigi
706 1713 742 1746 in
768 1713 847 1747 Sus-

129 1764 246 1809 pectis
281 1763 517 1799 Lectionibus.
573 1760 707 1800 Quibus
738 1765 845 1799 addas

131 1816 217 1850 lieet
239 1813 309 1850 boc
339 1825 383 1849 cx
407 1815 554 1850 Trucul.
581 1820 650 1851 act.
671 1825 714 1851 11.
737 1827 785 1850 sc.
812 1820 846 1851 4.

127 1869 140 1889 ‘
151 1867 223 1902 Sed
239 1867 334 1913 quod
358 1877 425 1912 ego
450 1867 586 1903 facinus
604 1868 724 1902 audivi
739 1868 844 1902 adve-

128 1920 229 1954 niens
240 1923 339 1954 tunm
350 1919 375 1953 ?'
419 1920 475 1954 Ex
485 1924 636 1964 utroque
649 1921 717 1955 Ms.
728 1920 845 1964 legen-

131 1971 236 2017 dum;
260 1971 337 2016 qtu‘d
351 1971 558 2014 egosacinas.
602 1973 659 2005 De
673 1975 727 2004 tuo
739 1982 754 2011 ,·
775 1973 846 2005 ele-

130 2028 270 2066 ganter,
298 2023 335 2058 id
361 2027 428 2067 est,
457 2027 516 2056 tuo
546 2027 675 2056 sumtu.
726 2023 843 2056 Plaut.

130 2074 296 2109 Bacchid-
307 2078 376 2109 act.
387 2084 414 2108 1.
426 2084 474 2108 sc.
485 2077 515 2108 1.
537 2073 549 2092 ⁴
559 2075 634 2116 Ego
645 2073 821 2107 obsonabo
833 2084 843 2115 ς

129 2135 208 2160 nam
217 2124 443 2172 idflagitium,
451 2134 531 2159 mea
541 2129 578 2159 te
589 2125 703 2169 gratia
713 2125 759 2158 Et
765 2134 846 2169 ope-

1529 199 1617 244 635

905 316 978 341 ram
987 306 1070 341 dare
1081 307 1219 350 mibi,et
1230 306 1273 340 ad
1285 316 1360 340 eam
1374 315 1516 349 operam
1525 305 1617 340 face·

904 369 943 392 re
954 365 1102 393 sumtum
1115 359 1159 393 de
1170 358 1253 393 tuo.'
1275 358 1424 392 Terent.
1436 358 1447 376 ‘
1458 358 1543 392 olet
1555 368 1617 392 un-

903 414 1034 453 guenta
1048 410 1093 444 de
1105 411 1206 445 meo.’
1250 410 1391 444 Livius:
1413 409 1424 428 ‘
1435 409 1615 444 Decerne-

903 470 959 496 ret
974 468 1128 506 senatus,
1153 467 1193 497 ut
1213 463 1429 507 stipendium
1450 463 1548 496 miles
1571 462 1616 497 de

903 515 1045 558 publico
1061 515 1254 558 acciperet,
1276 524 1355 549 cum
1381 519 1464 549 ante
1479 515 1515 548 id
1529 519 1616 550 tem-

903 576 968 610 pus
982 566 1027 600 de
1041 576 1102 600 suo
1116 567 1260 610 quisque
1283 566 1426 600 functus
1440 576 1482 600 eo
1497 576 1616 600 mane·

903 627 942 650 re
969 617 1084 651 esset!
1115 618 1244 662 Schiop.
1297 618 1480 653 Observa:
1505 618 1618 659 fucere

902 669 978 712 quid
991 670 1122 703 lucrum.
1168 669 1288 703 Possit
1297 670 1408 703 videri
1422 669 1617 713 scripsisse,

903 722 996 764 quod,
1009 726 1050 755 ut
1065 721 1111 754 sit
1125 722 1245 754 lucram
1259 723 1355 765 quod,
1381 731 1458 765 pro,
1477 722 1614 756 lucrum

903 772 1055 816 aliquod.
1114 774 1248 807 Tuetur
1277 778 1394 807 tamen
1426 774 1616 808 lectionem

903 830 1058 859 veterem
1070 825 1265 869 schoppius
1279 836 1325 860 ex
1339 825 1469 860 Plauto
1481 837 1492 868 ς
1513 836 1617 870 quem

904 877 956 910 ait
984 877 1116 921 dicere,
1153 877 1164 895 ‘
1177 877 1273 913 Quid
1302 876 1460 922 facinns,'
1496 877 1507 896 ‘
1521 877 1616 913 Quid

904 928 1056 971 nomen,'
1070 931 1136 963 ὅτε.
1159 929 1270 970 Sches.

949 981 1002 1014 Ne
1026 981 1118 1024 quid]
1147 981 1295 1015 Malim:
1330 981 1615 1024 nequodlacntm:

903 1033 972 1075 vel,
985 1043 1025 1067 ne
1035 1034 1110 1076 qaid
1120 1035 1211 1069 lucri.
1255 1035 1519 1078 Elegantissime
1534 1043 1619 1067 vera

902 1084 939 1118 in
960 1085 1156 1128 hujusmodi
1179 1086 1363 1120 avaritiam
1378 1087 1460 1119 lusit
1486 1090 1524 1120 et
1548 1085 1617 1120 Ar-

902 1137 1084 1171 chimimns
1105 1138 1178 1180 ille,
1193 1139 1253 1182 qui
1269 1137 1385 1172 funeri
1410 1138 1618 1182 Vespasiani

904 1199 967 1232 pro
975 1199 1071 1223 more
1079 1190 1269 1233 adbibitus,
1277 1194 1317 1224 ut
1326 1190 1394 1224 vivi
1404 1190 1500 1224 dicta
1506 1190 1619 1224 facta-

903 1251 970 1283 que
986 1241 1211 1284 exprimeret,
1227 1251 1306 1275 cum
1319 1252 1363 1275 ex
1379 1242 1619 1285 procuratori-

901 1293 966 1326 bus
980 1293 1211 1337 quaesivisset,
1224 1294 1345 1338 quanti
1354 1293 1457 1328 funus
1471 1299 1509 1327 et
1522 1303 1617 1338 pom-

902 1354 949 1388 pa
962 1349 1152 1388 constaret,
1165 1346 1258 1389 iique
1274 1347 1536 1390 respondissent
1553 1347 1616 1380 Hs.

901 1398 1050 1440 centies,
1065 1399 1297 1442 exclamabat,
1317 1401 1327 1418 ‘
1341 1401 1381 1434 C.
1408 1400 1474 1434 sibi
1489 1404 1618 1434 sester-

901 1450 952 1484 tia
969 1450 1107 1494 darent,
1121 1461 1162 1485 ac
1184 1462 1222 1485 se
1247 1452 1302 1486 vel
1317 1452 1351 1485 in
1366 1452 1518 1485 Tiberim
1537 1462 1617 1496 pro-

896 1501 1076 1545 jicerent,’
1102 1503 1327 1546 insepultum.
1377 1503 1616 1546 Epigramma-

901 1554 1010 1587 tarius
1024 1563 1160 1598 quoque
1170 1553 1296 1588 festive
1308 1556 1341 1587 in
1354 1554 1507 1588 Avarum
1520 1555 1618 1598 lusit,

901 1606 963 1649 qui
987 1616 1010 1638 a
1031 1605 1218 1649 suspendio
1243 1606 1296 1638 sni
1321 1607 1393 1639 sola
1408 1606 1512 1640 restis
1527 1608 1614 1640 cari-

901 1661 976 1690 tate
992 1656 1102 1691 fuerit
1115 1657 1318 1691 deterritus.
1342 1658 1431 1692 Ritt.

943 1708 998 1742 De
1026 1708 1096 1751 tuo]
1133 1710 1188 1742 Ex
1226 1719 1265 1742 re
1302 1714 1376 1751 tua,
1407 1710 1475 1743 tuis
1504 1710 1614 1744 bonis.

899 1759 1020 1794 Plaut.
1043 1760 1152 1794 Bacb.
1176 1770 1202 1795 1.
1219 1763 1250 1793 1.
1273 1761 1284 1779 ‘
1298 1761 1342 1794 ad
1369 1771 1446 1794 eam
1474 1771 1616 1804 operam

899 1810 1016 1845 facere
1039 1816 1189 1845 sumtum
1216 1811 1261 1845 de
1290 1816 1349 1845 tuo
1364 1812 1387 1846 :'
1410 1818 1448 1846 et
1473 1813 1509 1846 in
1537 1813 1614 1846 Me-

900 1865 1045 1899 naecbm.
1067 1865 1077 1883 ‘
1090 1866 1148 1898 De
1163 1869 1224 1899 tuo
1240 1865 1330 1898 istuc
1345 1865 1467 1899 addis!
1491 1865 1600 1907 Sches.

946 1917 1101 1960 Lucrum]
1117 1917 1159 1950 In
1169 1916 1378 1950 sententiam
1391 1917 1613 1951 Rittershusii

901 1968 1046 2002 discedo
1075 1969 1241 2012 legentis,
1270 1970 1350 2002 lucri
1363 1980 1376 2008 ‚-
1413 1969 1481 2002 etsi
1507 1969 1615 2003 sciam

900 2021 1075 2064 vulgatam
1101 2021 1288 2054 lectionem
1313 2030 1415 2064 posse
1445 2024 1538 2054 stare
1569 2031 1614 2054 ex

900 2073 1039 2106 Plauto.
1064 2073 1178 2106 Faber.

655 2371 916 2416 FABULA
962 2372 1088 2416 XX.

175 2533 194 2563 1
217 2529 375 2562 sud-'care
403 2529 544 2572 cogitur]
583 2529 694 2564 Plane
726 2531 842 2573 legen·

130 2581 213 2614 dum
240 2582 373 2624 cogitet,
399 2586 440 2616 ut
469 2582 505 2615 in
539 2582 650 2615 veteri
686 2582 842 2617 editione

130 2633 299 2676 scriptum
327 2631 420 2666 fuit:
444 2633 506 2666 sed
531 2634 704 2676 Rigsitius
724 2644 744 2667 e
773 2635 841 2668 Ms.

130 2683 215 2718 eod.
229 2684 318 2717 banc
334 2685 568 2727 corruptelam
581 2686 711 2728 primus
721 2690 842 2729 protn-

131 2734 173 2768 lit
187 2745 196 2775 ;
220 2735 317 2778 quasi
331 2739 454 2768 contra
469 2736 596 2769 bonum
612 2746 748 2770 sensum
761 2747 841 2770 auc-

130 2785 254 2818 toritas
278 2786 445 2819 librorum
470 2788 558 2820 Mes.
582 2788 760 2831 sequenda
784 2789 841 2823 sit.

131 2836 236 2870 Certe
266 2842 411 2881 recepta
435 2839 584 2873 lectione
614 2840 662 2873 nil
691 2841 838 2885 nequius

895 2530 982 2574 tingi
1009 2534 1139 2574 potest.
1166 2530 1280 2564 Faber.
1323 2530 1380 2564 Sic
1407 2530 1542 2565 edimus
1566 2542 1610 2566 ex

896 2583 1048 2617 lectione
1066 2584 1189 2624 veteri,
1205 2593 1282 2616 cum
1299 2587 1337 2616 et
1353 2584 1467 2617 Faber
1481 2594 1557 2618 eam
1574 2590 1611 2619 ct

897 2634 1074 2667 sententia
1089 2634 1197 2676 ipsius
1224 2635 1291 2667 loci
1311 2638 1503 2677 tueantur;
1525 2637 1611 2680 cogi„

896 2688 957 2725 tet,
987 2689 1055 2726 est,
1081 2685 1286 2728 meditetur,
1313 2691 1447 2729 quaerat
1477 2686 1609 2723 facere.

897 2737 954 2769 Sic
978 2737 1102 2770 Cicero
1125 2735 1198 2769 off.
1216 2745 1276 2770 ιιι.
1313 2737 1323 2755 ‘
1339 2738 1409 2772 Qui
1434 2739 1536 2773 alteri
1551 2750 1611 2774 uo-

898 2798 977 2821 cere
993 2787 1149 2830 cogitat,’
1165 2789 1231 2821 ἄιε.
1253 2787 1358 2827 Senes.

941 2838 1085 2881 Cogitet]
1108 2839 1165 2872 Ita
1181 2838 1338 2872 Pithoens
1354 2843 1390 2873 et
1413 2840 1608 2875 Rittersbu-
