1806 3236
359 211 563 244 ramum
597 212 706 244 ma.
739 211 1044 246 AEsormamu
1080 213 1176 246 ma.
1209 214 1278 247 ιν.
1308 203 1379 247 18.

127 306 322 352 iurabere
336 307 487 342 videtur.
510 309 628 343 Burm.

170 359 288 394 Nec-it
310 360 482 404 bominem]
526 362 594 395 Ms.
612 362 709 394 Rem.
733 360 839 393 nocuit

126 411 280 445 hominm
291 421 305 450 ,-
338 411 430 454 quod
450 412 576 455 probat
599 412 787 446 Salmasius
803 411 839 444 in

126 463 279 498 Exarsit.
295 464 390 498 Plin.
417 469 455 498 et
481 466 526 499 ad
544 466 661 507 Spart.
679 465 766 499 Adr.
782 468 838 499 20.

126 513 185 548 ubi
199 514 287 548 banc
313 516 524 549 locutionem
552 516 708 559 pluribus
724 526 838 549 exem-

125 565 194 609 plis
209 575 253 599 ex
269 566 411 609 ondin,
426 567 541 609 Celso,
553 571 590 600 et
618 567 839 600 Sammonico

124 619 309 663 probavit3
343 625 380 654 et
397 621 440 654 ad
456 622 650 664 marginem
664 621 744 654 hnic
761 622 839 653 loco

123 669 322 714 ndsefipsit.
374 671 523 705 Plautus
539 673 644 706 Milit.
666 674 677 692 ‘
693 673 840 706 Nocitu-

124 732 199 756 rnm
215 719 414 758 neminem.'
447 726 628 759 Lucanus:
646 726 657 745 ‘
672 726 840 759 Incubuit

125 774 200 808 solo
213 774 393 808 nociturus
408 777 562 820 pondere
579 777 752 820 pnppim.'
797 779 840 811 In

126 826 375 869 epigrammate
411 828 524 861 veteri
562 829 622 861 illo
655 829 840 870 Hadriani,

125 877 218 921 quod
233 878 392 912 Pithoeus
415 880 538 922 edidit,
558 881 621 913 lib.
639 890 697 914 ιιι.
714 881 769 914 tit.
788 884 841 914 11.

124 938 159 972 p.
175 931 250 964 14⁶.
271 930 282 949 ⁴
300 929 522 964 Pannonicus
536 941 602 964 nec
624 932 712 964 ullus
735 932 841 965 Hunc

126 989 229 1026 apros
252 983 493 1027 insequentem
508 984 624 1017 Dente
651 994 737 1027 aper
757 984 841 1017 albi-

123 1030 219 1068 canti
243 1033 358 1068 Ausus
385 1034 453 1068 fuit
476 1035 625 1070 nocere.'
671 1035 842 1069 casaubo-

123 1094 188 1120 nns
215 1087 361 1120 notabat
386 1087 448 1130 ibi,
474 1087 603 1122 Graece
627 1098 737 1121 nocere
762 1098 840 1120 cum

123 1133 345 1180 Ιοοιιειῐὶνος
369 1139 430 1173 sed
443 1150 636 1184 quanquam
650 1141 699 1173 ita
710 1140 840 1180 Graeci,

123 1188 240 1224 Latini
269 1195 384 1224 tamen
416 1195 553 1224 veteres
587 1192 638 1225 sie
676 1191 840 1224 videntur

123 1243 278 1286 proprie
295 1243 412 1277 locuti.
470 1244 592 1277 Nocere
627 1244 727 1277 alicui
754 1253 839 1276 vere

123 1293 327 1329 ὢλεητικός
340 1294 484 1337 dictum,
507 1295 548 1328 et*
559 1295 835 1328 subandiendum

122 1356 250 1380 mm.
295 1347 417 1380 Nocere
434 1347 570 1390 aliquem
595 1357 678 1380 vero
702 1347 839 1388 integre

123 1396 269 1431 dictum.
311 1397 370 1431 Sic
385 1397 480 1431 Latet
494 1398 586 1440 mihi,
600 1403 637 1431 et
652 1397 749 1431 Latet
773 1408 836 1431 me.

124 1447 169 1482 In
182 1447 334 1492 legibus
348 1449 411 1483 sal.
426 1450 484 1483 tit.
502 1453 556 1483 10.
582 1451 613 1493 §.
629 1453 662 1483 6.
686 1450 837 1492 legitur:

120 1500 131 1518 ⁸
149 1499 188 1533 si
203 1500 280 1544 quis
296 1501 421 1534 animal
444 1502 501 1534 vel
527 1501 710 1544 quodlibet
733 1511 840 1544 pecus

126 1560 191 1594 per
215 1561 311 1585 suam
338 1552 584 1595 negligentiam
611 1552 782 1594 nocuerit,
803 1556 841 1585 et

125 1603 192 1637 boc
216 1602 356 1637 domino
383 1605 459 1648 ejus
483 1604 568 1649 (Ms.
591 1605 735 1637 dominus
757 1603 840 1647 eius)

126 1649 303 1689 confessus
332 1655 452 1697 fuerit,
474 1657 624 1699 capitale
641 1656 676 1688 in
691 1657 771 1689 loco
786 1666 841 1689 re-

125 1706 261 1742 stituat.
264 1707 275 1723 '
326 1709 396 1741 Ms.
423 1709 546 1751 CapiT.
560 1708 596 1742 iu
621 1709 698 1750 loco,
716 1708 751 1740 id
775 1713 841 1749 est,

123 1758 256 1801 apim.
311 1759 495 1794 Cornelius
524 1761 663 1801 Gallus,
693 1760 779 1800 sive,
801 1764 841 1793 ut

124 1810 206 1844 Mn.
221 1811 456 1845 vetustissimo
475 1816 636 1853 vocatur,
659 1812 841 1845 Maximia-

124 1870 203 1904 nus,
238 1862 336 1906 Eleg.
365 1872 392 1896 ι.
423 1863 433 1882 ⁸
450 1864 498 1896 Et
534 1873 589 1896 me
621 1863 842 1907 jamdudum,

126 1920 229 1959 quem
243 1914 338 1947 nulla
363 1914 512 1947 adversa
529 1915 729 1956 movebant,
745 1916 840 1958 Ipsa,

126 1959 253 2010 quibus
278 1966 440 2009 regimur,
462 1975 555 1999 nunc
583 1967 758 1999 elementa
782 1976 842 1999 no-

126 2015 233 2050 cent!
281 2017 339 2050 Sic
364 2016 413 2050 ibi
436 2017 693 2050 vetustissimus
720 2016 843 2050 Codex

126 2067 360 2102 Divionensis.
405 2068 533 2102 Potest
549 2074 666 2102 tamen
690 2068 747 2102 hic
772 2079 843 2102 me-

126 2120 196 2154 rito
220 2120 361 2163 probari
377 2119 577 2162 vulgatum:
609 2120 715 2152 necuit
744 2119 843 2152 homi-

125 2176 207 2206 nen.
251 2172 402 2205 Videtur
430 2172 537 2205 etiam
565 2172 715 2204 voluisse
744 2173 844 2205 Phae-

127 2223 221 2267 drus,
255 2224 354 2268 quasi
383 2224 484 2257 homo
511 2222 636 2256 fuisset
661 2228 846 2265 mortuus;

126 2280 206 2308 nam
220 2275 347 2318 alioqui
361 2274 518 2317 dixisset,
544 2275 641 2308 Hune
663 2276 717 2308 ille
742 2276 841 2320 (nim.

127 2325 242 2368 homo,
269 2335 371 2369 quem
396 2325 580 2367 nocuerat)
604 2337 675 2359 cum
702 2330 846 2369 rogaret,

127 2387 220 2411 nune
234 2386 318 2410 vero
333 2376 519 2420 subjungit,
534 2377 631 2411 Hanc
644 2378 719 2411 alia.
747 2379 842 2413 Gud.

170 2432 193 2462 6
216 2429 269 2462 Ne
289 2429 361 2471 quis
383 2429 484 2461 diseat
505 2430 651 2471 prodesse
675 2429 842 2472 improbis]

127 2480 204 2514 Imo
219 2489 315 2522 vero,
326 2485 364 2512 ut
375 2480 452 2522 quis
467 2479 579 2512 discat
589 2490 659 2512 non
675 2480 842 2523 prodesse

128 2531 307 2575 improbis.
344 2531 413 2563 Sed
429 2531 757 2575 subintelligendum
772 2544 780 2565 :
797 2543 841 2566 ne

128 2583 206 2627 quis
232 2583 276 2616 ab
300 2583 460 2626 exemplo
483 2583 641 2625 bominis,
664 2585 724 2627 qui
749 2586 842 2618 colu-

129 2633 227 2668 bram
242 2635 319 2668 sinn
334 2633 437 2677 fovit,
451 2634 573 2667 discat
587 2635 754 2678 prodesse
779 2636 841 2670 im-

130 2685 268 2728 probru
289 2694 368 2719 nam
383 2685 478 2719 nulla
494 2686 619 2729 gratia,
632 2687 763 2721 nullum
779 2688 840 2722 be-

1518 203 1607 248 629

891 309 1052 342 neficium
1068 314 1203 343 mutare
1225 314 1343 354 potest
1367 313 1529 343 naturam
1545 311 1608 343 im-

891 362 1015 404 probi3
1046 363 1136 406 quod
1153 363 1329 405 sapienter
1344 363 1394 395 ait
1417 362 1453 395 in
1478 363 1605 395 Graeco

891 414 1143 457 epigrammate
1171 414 1281 447 veteri
1309 414 1396 452 ovis,
1416 424 1440 460 *a
1466 419 1606 456 pastore

890 475 952 499 suo
979 470 1103 499 coacta
1129 467 1248 508 lupum
1275 465 1425 508 propriis
1451 465 1606 498 mammis

890 518 1044 550 enutrire
1058 530 1067 551 ε
1091 518 1150 551 Τὸν
1162 517 1260 551 λύκον
1275 518 1307 559 ἐξ
1321 517 1403 551 ι’δίων
1413 516 1522 559 μαζῶν
1534 516 1606 560 τρέ·

890 575 939 611 φω
949 569 1006 602 οὐκ
1021 569 1183 612 ἐθέλουσα,
1191 569 1296 603 Ἀλλά
1309 571 1340 611 μ’
1356 568 1528 611 ἀναγκάζει
1541 582 1607 602 ποι-

889 619 980 662 μένος
1002 621 1172 664 ἀφροσύνη.
1225 622 1371 664 Αὐξηθεὶς
1393 623 1420 655 δ’
1445 623 1496 654 ὑπ’
1522 622 1609 663 ἐμοῦ,

890 674 961 706 κατ’
987 673 1061 715 ἐμοῦ
1085 673 1164 707 πάλι
1191 674 1294 717 θηρίον
1309 673 1409 708 ἔσται.
1452 674 1490 706 Ἢ
1516 673 1608 716 χάρις

890 724 1025 767 ἀλλάξαι
1051 725 1111 764 τὴν
1134 725 1230 768 φύσιν
1256 726 1292 759 οὔ
1316 726 1454 759 δύναται.
1503 725 1607 761 Quod

892 777 1036 809 Carolus
1059 777 1264 810 Paschalius
1296 777 1443 810 Censur.
1473 787 1528 810 an.
1556 777 1608 809 in-

893 833 983 870 grat.
1010 838 1088 871 cap.
1110 831 1165 862 29.
1193 828 1337 862 verbum
1363 839 1473 872 prope
1499 829 1606 862 verbo

892 881 1040 914 reddere
1055 883 1206 916 tentavit
1221 883 1286 915 hoc
1302 884 1404 916 modo
1418 895 1426 916 :
1463 884 1539 926 Ipsa
1559 884 1608 916 lu·

889 943 966 976 pum
991 934 1097 966 nolens
1125 934 1263 977 propriis
1299 935 1424 967 enutrio
1451 936 1608 976 mammis,

892 986 958 1018 Sed
972 985 1086 1018 bardus
1101 985 1187 1027 cogit
1202 996 1252 1018 me
1266 996 1354 1018 meus
1368 985 1478 1028 upilio.
1523 987 1609 1019 Auc-

892 1040 944 1069 tus
954 1038 1036 1070 lacte
1050 1048 1117 1070 meo
1134 1038 1366 1080 posthae-ferus
1380 1039 1482 1071 irruet
1497 1038 1531 1070 in
1546 1048 1606 1071 me.

897 1088 1029 1121 Vertere
1060 1092 1207 1122 naturum
1241 1090 1354 1130 gratia
1375 1090 1461 1122 nulla
1493 1092 1608 1131 potest.

892 1139 1054 1172 Habetur
1078 1140 1178 1182 hujus
1205 1141 1466 1182 epigrammatis
1492 1140 1607 1173 multi-

891 1191 974 1232 plex
1005 1192 1116 1224 versio
1153 1192 1187 1224 in
1225 1192 1318 1224 notis
1356 1192 1606 1225 Rittershusii:

892 1242 1026 1275 tentavi
1052 1247 1090 1276 et
1119 1253 1207 1285 ego:
1247 1243 1346 1276 Hunc
1367 1243 1471 1276 invita
1501 1244 1607 1285 lupum

885 1294 1029 1336 propriis
1039 1304 1097 1335 ego
1110 1296 1192 1327 lacto
1206 1295 1371 1336 mamellis,
1384 1294 1449 1327 Sed
1462 1295 1609 1337 stupidus

890 1345 976 1387 cogit
1001 1356 1051 1378 me
1075 1356 1161 1379 meus
1183 1346 1294 1389 upilio.
1354 1347 1504 1379 Crescens
1527 1347 1608 1379 laete

891 1407 958 1430 meo
973 1398 1101 1430 tandem
1115 1399 1207 1440 lupus
1221 1398 1325 1432 irruet
1339 1398 1373 1430 in
1388 1409 1448 1432 me.
1488 1399 1607 1431 Gratia

890 1451 1038 1482 naturam
1058 1452 1181 1482 vertere
1203 1451 1291 1482 inulla
1310 1454 1425 1493 potest.
1481 1451 1607 1483 Exem-

891 1501 987 1543 plum
1011 1503 1235 1535 memorabile
1257 1503 1431 1544 serpentis
1457 1512 1525 1536 non
1557 1503 1608 1536 in-

892 1553 984 1595 grati
998 1549 1105 1586 habet
1120 1554 1266 1587 Plinius.
1299 1555 1387 1587 (ἕνα.

936 1605 990 1637 Ne
1025 1605 1096 1647 quis
1123 1605 1226 1638 discat
1260 1604 1407 1648 prodesse
1440 1605 1608 1647 improbis]

893 1655 998 1697 Quia,
1013 1660 1052 1688 ut
1068 1655 1118 1689 ait
1134 1660 1234 1689 vetus
1247 1657 1471 1700 Epigramma
1481 1658 1610 1690 incerti

892 1708 1042 1741 auctoris
1059 1707 1166 1741 Anth.
1184 1709 1242 1742 lib.
1267 1719 1292 1742 ι.
1317 1710 1372 1743 tit.
1396 1708 1439 1742 εἷς
1464 1709 1610 1752 εὐχαρίσ-

889 1770 963 1792 τους
989 1757 1041 1792 καὶ
1063 1758 1264 1802 ἀχαρίστους·
1289 1760 1329 1792 ‘H
1357 1759 1451 1804 χάρις
1474 1759 1609 1803 ἀλλάξαι

888 1810 949 1850 τὴν
962 1809 1057 1853 φύσιν
1070 1811 1107 1844 οὐ
1122 1810 1260 1844 δύναται.
1305 1812 1348 1845 Id
1362 1817 1432 1853 est,
1452 1813 1609 1855 Improbi-

889 1865 942 1894 tas
954 1862 1195 1905 nulloflectitur
1208 1863 1372 1906 obsequio.-
1395 1868 1435 1896 nt
1450 1862 1609 1897 Alciatus

891 1913 1061 1947 Emblem.
1075 1917 1130 1948 64.
1147 1914 1312 1947 reddidit.
1346 1915 1426 1956 Vel,
1442 1918 1483 1948 ut
1505 1915 1609 1948 Clau-

890 1964 967 1998 dius
991 1966 1132 1999 Minos:
1170 1966 1302 1999 Vertere
1326 1970 1475 1999 naturam
1496 1966 1609 2008 gratia

890 2017 978 2049 ‚aiala
1001 2020 1116 2059 potest.
1168 2018 1248 2058 Vel,
1271 2022 1312 2050 ut
1337 2018 1468 2050 amicus
1491 2023 1608 2051 noster

892 2069 1044 2111 Gregor.
1057 2069 1289 2101 Bersmannus
1303 2068 1356 2101 vir
1369 2068 1606 2102 doctissimus:

893 2119 1056 2152 Naturam
1069 2115 1222 2161 obsequiis
1237 2119 1370 2161 flectere
1392 2120 1492 2152 nescit
1506 2130 1608 2153 amor.

891 2170 1062 2205 Jubemur
1077 2175 1194 2203 tamen
1218 2171 1333 2203 Patris
1349 2172 1461 2204 nostri
1484 2172 1607 2205 caeles-

894 2221 938 2254 tis
950 2221 1077 2254 imitari
1092 2222 1304 2263 exemplum,
1314 2222 1372 2265 qui
1387 2222 1494 2255 solem
1507 2233 1607 2256 suum

893 2272 982 2306 facit
998 2273 1092 2315 oriri,
1105 2277 1143 2306 et
1158 2273 1248 2315 pluit
1272 2282 1342 2305 non
1366 2273 1477 2306 minus
1501 2283 1607 2317 super

894 2325 1084 2368 improbos,
1100 2334 1202 2368 quam
1227 2335 1333 2367 super
1357 2325 1480 2368 bonos,
1503 2327 1607 2360 utris-

892 2387 959 2421 que
974 2377 1108 2420 pariter
1122 2376 1353 2410 benefaciens.
1386 2377 1555 2411 Jubemur
1570 2383 1609 2412 et

892 2429 1050 2462 inimicos
1071 2433 1208 2461 nostros
1233 2428 1393 2471 diligere.
1435 2429 1608 2463 Jubemur

892 2479 1171 2523 persecutoribus
1209 2479 1336 2512 nostris
1372 2479 1498 2512 bonnm
1542 2491 1606 2523 pro

892 2532 983 2564 malo
1007 2530 1223 2573 rependere:
1259 2530 1374 2572 qui‚si
1400 2541 1462 2564 nos
1478 2542 1605 2571 sumus,

893 2583 1014 2627 quales
1028 2592 1102 2615 esse
1114 2581 1291 2623 debemus,
1303 2591 1371 2614 non
1386 2588 1531 2625 possunt
1545 2584 1605 2618 alii

892 2644 982 2678 esse,
993 2644 1094 2678 quam
1109 2633 1267 2677 improbi.
1291 2633 1380 2668 Βία,
