1806 3236
407 197 610 231 prmum
645 197 753 231 mn.
787 197 1090 231 AEsoriARuM
1126 197 1220 230 mn.
1255 197 1284 228 1.
1315 185 1384 229 18.

158 293 288 335 sanius
300 291 431 328 dolori·
450 291 605 327 habent:
647 292 807 326 Phalaris
824 292 870 325 E·

158 344 288 388 pistala
299 343 347 378 ad
360 344 555 378 Teucrum:
577 342 722 377 Φίλτατα
742 344 805 387 ’γὰρ
830 344 872 378 τὰ

158 394 261 439 m
277 396 344 429 τοῖς
365 398 669 438 νυμφσγαγηθεΐσιν,
692 395 764 430 ἔνθα
777 397 816 430 ἂν
830 397 872 430 τὰ

157 449 267 492 ’,ὃτι
277 448 380 489 δεσμὰ
392 447 565 482 &nidenan
578 451 753 493 παρθενίας.
776 452 856 492 Rig.

201 500 306 534 Nm
317 500 452 534 libenter
461 502 584 545 recolit,
593 503 646 545 qai
652 503 747 545 lesit,
756 502 872 545 locum]

155 551 343 587 sententia
364 552 441 586 lioec
467 563 633 596 expressa
655 559 707 587 est
729 564 774 587 ex
791 554 871 588 Am-

157 602 272 646 plddis
308 602 442 636 Comici
470 604 652 638 versibus:
685 604 741 638 Ἐν
763 603 809 639 οἷς
833 605 873 638 ἂν

156 653 304 699 bruxkem
330 666 382 689 τω
409 654 566 698 ἅνθρωπος
589 655 710 697 τόποις,
733 656 873 690 ‘Harma

155 705 280 742 rubros:
287 706 600 749 πλησιάζυνῇδεται.
634 708 720 741 Ritt.

202 753 344 801 Rec'olt't]
367 759 510 801 Denuo,
524 763 563 792 et
576 760 719 802 saepius,
732 759 776 793 ad
793 770 872 793 eum

157 810 270 851 venit,
284 810 414 853 repetit
427 819 519 851 enm,
532 810 667 843 revisit.
711 811 771 844 Sic
785 810 796 828 ‘
807 811 872 844 Re-

156 857 326 895 'clamant’
340 859 431 895 infra
445 861 506 894 lib.
523 870 578 895 iv.
593 871 626 894 c.
645 863 698 894 17.
721 861 828 902 Scires.

204 912 272 950 Qui
285 912 386 954 canit]
409 913 495 955 Pro,
513 912 574 945 ubi
589 912 664 955 quis
679 917 732 945 est
756 914 870 947 laesus.

157 964 216 998 Sic
243 963 411 1006 Virgilius
438 965 450 983 ‘
463 963 637 997 Fraudem
664 963 751 996 loei'
782 964 871 998 dixit

157 1015 235 1050 AEn.
250 1023 305 1048 tx.
320 1020 359 1048 et
373 1015 472 1049 Curt.
485 1016 509 1049 l.
521 1026 555 1047 v.
571 1025 604 1048 c.
617 1019 650 1048 5.
665 1015 724 1048 ubi
739 1014 818 1048 vide
834 1021 871 1049 et

157 1066 313 1109 Freinsh.
334 1065 443 1106 &NJ-

198 1117 348 1151 [υκαι
357 1117 472 1160 pum]
497 1116 707 1150 Plutarchus
723 1117 758 1150 in
773 1117 870 1150 Prae-

156 1172 254 1211 cept.
269 1168 415 1211 conjug.
436 1167 475 1200 Ἦ
497 1166 556 1208 μὲν
571 1167 636 1210 ’γὰρ
655 1166 806 1200 &chonca
819 1167 872 1200 καὶ

155 1218 359 1262 δυσφοροῦσα
367 1217 445 1262 πρὸς
457 1217 531 1252 τοὺς
551 1217 800 1251 κατακλίνοντας
817 1217 871 1250 αὔ-

158 1269 338 1312 'benere‘
374 1271 486 1304 1132&
505 1269 688 1310 ᾱνῆκλίνη
706 1270 873 1303 ταῦτ-αοε-

156 1321 350 1366 μύσαν,
359 1321 405 1356 οῖς
419 1321 471 1355 ἐπὶ
480 1323 539 1362 τῆς
548 1322 656 1362 κλίνης
670 1321 871 1364 περιέπεσεν;

165 1455 167 1457 .
203 1420 352 1461 Per-aeris
364 1424 536 1467 mbae]
558 1424 591 1459 A
605 1425 719 1468 glossa
729 1425 795 1459 boc
807 1429 872 1458 est.

159 1470 341 1521 Rescribe,
352 1478 478 1513 Μαίη·
490 1478 572 1511 mia
585 1477 754 1511 mensibus.
798 1476 873 1510 Ali-

158 1535 216 1566 tu·
237 1538 359 1565 versus
381 1539 452 1564 non
473 1533 624 1563 constat.
647 1529 771 1563 Μαινο-
816 1529 874 1562 Sic

160 1581 281 1617 Plant-
303 1580 481 1624 A-phitr.
509 1590 538 1614 r.
559 1583 592 1614 8.
614 1581 624 1600 ‘
642 1580 784 1614 Menses
808 1579 875 1612 tibi

159 1636 305 1669 exactos
333 1631 454 1667 vides:
495 1630 623 1672 Sel-5051.
677 1630 875 1664 circumac-

160 1683 222 1726 tis,
251 1682 373 1717 finitis.
427 1682 487 1718 Ita
510 1682 673 1725 Hyginus
710 1682 745 1714 in
772 1682 876 1716 Poet.

160 1733 303 1768 Astron.
317 1743 363 1768 n.
376 1742 409 1767 ο.
422 1736 455 1767 8.
480 1733 542 1767 ubi
556 1732 654 1775 vide,
674 1743 751 1776 quae
778 1737 876 1766 nota-

158 1786 196 1820 vi
205 1796 217 1820 z
237 1785 361 1821 metis
373 1785 464 1818 dixit
474 1785 574 1819 Cart.
587 1793 626 1818 x.
640 1794 672 1817 c.
683 1787 717 1819 6.
741 1787 751 1804 ⁴
764 1785 876 1818 Exac-

159 1844 216 1874 tu
229 1847 369 1873 menses
377 1838 471 1871 solus
486 1836 694 1879 exspectat!
740 1838 805 1871 Est
815 1837 876 1880 igi-

161 1894 220 1925 tur
233 1891 380 1934 simplex
392 1899 457 1932 pro
472 1888 667 1931 composito
681 1888 774 1931 apud
787 1889 876 1922 Nos-

161 1947 266 1983 trum,
289 1941 342 1974 uti
357 1940 457 1974 solet.
500 1941 706 1983 Quanquam
719 1945 756 1973 et
772 1940 877 1974 Plau-

106 2000 109 2003 “
163 1999 236 2035 tm,
254 1994 266 2013 ‘
277 1992 406 2027 Aetam
420 1991 581 2025 oetstem’
608 1991 660 2024 sie
682 1996 828 2034 usurpet
842 1992 878 2025 in

163 2044 318 2077 mnam.
362 2042 532 2077 Horatius
559 2052 696 2085 quoque
725 2042 770 2075 de
795 2042 876 2076 Art.

164 2105 218 2130 vs.
232 2098 309 2130 178.
353 2096 364 2114 ‘
377 2094 556 2129 laudator
567 2094 736 2136 temporis
749 2095 820 2128 acti
834 2096 878 2128 Se

165 2146 298 2191 puero!
320 2145 430 2186 Senes.
474 2145 558 2179 Nou
578 2144 685 2179 facile
709 2146 879 2179 aetismn-

164 2205 261 2235 ten:
295 2209 377 2233 nam
411 2199 465 2232 ita
496 2203 534 2232 et
562 2199 682 2232 Livius
709 2208 792 2232 vm.
823 2203 879 2233 2⁶.

163 2251 282 2286 ‘Aeto
307 2251 439 2284 honore
463 2250 659 2292 triumphus
674 2251 694 2285 ς’
717 2252 777 2284 ubi
798 2252 879 2285 vide

163 2303 349 2348 Sigoninm.
392 2303 536 2337 Quinct.
557 2298 712 2339 decl-,vl-
728 2306 760 2337 8.
784 2303 794 2322 ‘
807 2304 880 2337 Per

163 2366 272 2391 annos
293 2355 426 2399 pariter
449 2354 569 2389 actos?
615 2355 729 2388 Aliter
751 2355 788 2388 in
814 2356 880 2389 hac

163 2419 202 2442 re
231 2408 338 2442 emti
366 2416 502 2440 menses
530 2407 674 2449 proprie
702 2407 880 2442 dicuntur.

163 2460 306 2493 Servius
321 2458 366 2492 ad
382 2459 444 2491 illa
463 2458 589 2500 Virgil.
609 2458 740 2501 Geor-g.
763 2468 790 2492 r.
803 2462 880 2493 485.

164 2511 360 2545 ‘Ex-ctum
382 2509 427 2543 ad
447 2509 625 2551 mensem}
650 2515 770 2543 notat:
792 2511 802 2528 ‘
815 2510 882 2544 Us-

168 2563 287 2607 qnead
295 2562 424 2596 mensis
437 2562 594 2595 ultimam
605 2566 755 2605 partem.
779 2563 882 2597 Unde

166 2619 204 2648 et
226 2615 341 2648 exacti
357 2624 492 2647 menses
514 2614 692 2657 dicuntur,
708 2615 767 2658 qui
791 2616 884 2648 circa

167 2671 307 2708 partum
336 2665 442 2699 sunt!
497 2665 580 2699 vid.
611 2670 648 2699 et
678 2666 723 2699 ad
753 2666 882 2709 Georg-

167 2715 232 2749 lib.
247 2725 306 2750 tu.
319 2720 392 2750 139.
415 2718 530 2751 Cicer.
542 2717 625 2750 Ver.
639 2720 732 2751 1318.
755 2719 765 2737 ⁸
778 2718 883 2750 Lato-

171 2775 251 2799 nam
265 2767 454 2810 gravidam,
480 2768 584 2801 etiam
607 2768 653 2801 ad
679 2768 882 2810 pariendum

1546 186 1631 230 391

922 292 1081 335 vicinam,
1112 283 1327 336 temporibus
1356 293 1488 326 exactis
1515 292 1633 326 confu-

921 344 1012 387 gisse
1037 344 1191 379 Delum?
1234 345 1409 379 ‘Exactas
1432 355 1528 378 mero
1554 355 1634 377 noc-

922 395 992 429 tes'
1017 396 1160 431 Qninct.
1187 396 1285 430 Decl.
1300 406 1363 430 xv.
1378 399 1412 430 6.
1439 401 1476 430 et
1498 398 1508 415 ‘
1523 398 1634 429 Exac-

923 452 975 479 tos
991 447 1148 479 sordibus
1159 446 1258 488 dies,'
1282 447 1382 480 Decl.
1398 456 1492 480 xvn.
1507 450 1562 480 13.
1585 447 1634 480 sic

920 499 1079 532 ‘Exacta
1110 498 1214 532 aetas’
1243 498 1372 532 dicitnr
1398 499 1442 531 de
1468 498 1631 532 senibus:

922 551 998 584 Liv.
1015 559 1110 583 xxx.
1125 553 1180 583 26.
1202 550 1320 583 Cicer.
1344 551 1447 583 Tusc.
1470 560 1497 583 1.
1513 552 1568 583 39.
1596 555 1633 583 et

921 603 1005 636 Ver.
1019 611 1057 635 V.
1072 605 1103 636 8.
1126 611 1234 645 quare
1258 601 1353 635 forte
1378 602 1501 635 melius
1516 602 1572 635 liic
1587 602 1636 634 le-

922 658 1077 696 geretur,
1091 654 1101 670 ‘
1114 653 1274 687 Instante
1289 658 1404 697 partu,
1414 654 1548 687 exactis
1561 664 1636 687 mu-

922 705 986 738 lier
1001 704 1200 738 mensibus!
1223 705 1340 738 Barm.

966 757 1114 790 Peractis
1127 756 1297 798 mensibus]
1320 756 1458 790 Novem
1483 757 1634 798 scilicet,

922 813 960 841 et
980 807 1115 841 decimo
1138 807 1312 841 inchoato.
1356 807 1455 840 Idem
1470 806 1634 850 frequen-

921 859 1090 892 tissimum
1107 864 1228 902 partus
1243 864 1391 902 tempus.
1414 859 1525 893 Varro
1539 859 1637 901 Mys-

922 911 1038 944 teriis:
1087 913 1096 930 ‘
1114 911 1297 945 Nascimur
1344 911 1436 944 enim
1481 911 1638 954 spissius,

921 972 1026 1005 quam
1054 963 1251 996 emorimur.
1295 963 1364 995 Vix
1389 962 1458 995 duo
1483 963 1636 995 homines

922 1023 957 1047 x.
974 1014 1148 1047 mensibus
1163 1014 1339 1047 edolatum
1357 1024 1460 1046 unum
1485 1014 1636 1046 reddunt

922 1075 1077 1107 puerum.
1102 1065 1234 1098 Contra
1249 1075 1318 1098 una
1334 1065 1546 1107 pestilentia,
1557 1065 1637 1097 hos-

922 1117 994 1150 tica
1010 1117 1115 1157 acies,
1141 1122 1271 1159 puncto
1288 1118 1455 1158 temporis
1470 1117 1636 1158 immanes

923 1178 1064 1202 acervos
1078 1168 1187 1201 facit.'
1211 1169 1300 1202 Rite.

965 1221 1061 1254 Actis
1075 1221 1246 1263 mensibus]
1270 1221 1357 1254 Mss.
1372 1221 1524 1263 peractis.
1567 1220 1638 1253 Sed

923 1272 1146 1306 scribendum
1160 1272 1265 1311 actim
1289 1273 1340 1306 ita
1352 1277 1390 1305 et
1400 1273 1545 1305 Salmas.
1567 1272 1640 1305 Ali-

924 1329 980 1358 ter
992 1335 1059 1358 non
1072 1329 1210 1358 constat
1224 1335 1355 1358 versus.
1378 1325 1471 1358 Actis
1485 1325 1639 1357 mensibus

924 1381 979 1409 est
992 1376 1245 1409 latinissimum.
1274 1378 1389 1410 Varro
1405 1377 1449 1409 de
1462 1378 1532 1410 LL.
1547 1378 1571 1409 l.
1585 1386 1638 1410 iv.

924 1428 1076 1461 ‘Donec
1098 1428 1272 1461 mensibus
1294 1429 1382 1462 actis
1408 1429 1580 1472 prodierit
1605 1430 1638 1461 in

923 1479 1062 1512 lucem!
1085 1480 1333 1522 Fragmentum
1350 1481 1479 1513 veteris
1494 1481 1639 1523 inscrip-

926 1530 1043 1569 tionis,
1069 1530 1128 1562 ubi
1152 1530 1265 1563 infans
1289 1531 1324 1563 in
1351 1532 1449 1565 cunis
1466 1532 1590 1574 jacens
1604 1532 1639 1564 in

925 1591 1097 1614 marmore
1111 1582 1268 1624 sepultus
1289 1582 1433 1615 visitur:
1458 1591 1639 1616 nummus

924 1641 1028 1666 Αοτιε
1055 1641 1144 1667 Ροετ
1166 1642 1325 1667 nunus
1347 1643 1507 1667 rznzno.
1551 1633 1640 1676 Sup-

925 1687 1006 1727 ple:
1030 1683 1170 1718 Infante
1189 1685 1352 1718 maritum
1368 1685 1524 1718 donavit.
1570 1685 1640 1718 Ro·

923 1746 989 1770 mae
1002 1737 1038 1769 in
1048 1737 1143 1769 Villa
1152 1737 1357 1779 Borghensi.
1381 1737 1460 1769 Vid.
1473 1737 1640 1770 Descritt.

926 1787 1018 1820 della
1034 1787 1116 1820 villa
1131 1787 1311 1830 Borghese
1326 1787 1362 1819 di
1379 1787 1479 1821 Giac.
1495 1787 1642 1820 Manilii.

927 1839 1064 1872 Exactis
1091 1838 1198 1871 habet
1236 1839 1350 1872 Plaut.
1377 1840 1510 1873 Cistell.
1545 1841 1555 1859 ‘
1575 1839 1641 1872 Illa

925 1890 1065 1933 peperit
1077 1889 1213 1923 decimo
1229 1895 1355 1924 exacto
1370 1890 1511 1924 mense.'

970 1945 991 1974 3
1015 1940 1133 1983 Humi]
1156 1941 1359 1974 Pithoeanus
1385 1941 1498 1974 codex
1521 1941 1643 1975 habuit

927 1993 1048 2025 Humo.
1094 1992 1277 2026 Quomodo
1289 1992 1396 2026 Ovid.
1412 1992 1558 2025 Hei-oid.
1575 1993 1642 2035 Ep.

928 2047 981 2077 14.
1006 2045 1014 2061 ‘
1031 2043 1138 2076 Nuda
1152 2043 1244 2076 nuda
1257 2044 1428 2078 recumbis
1441 2044 1544 2076 humo
1556 2043 1580 2076 ι’
1604 2049 1643 2077 et

928 2096 1076 2128 Metam.
1106 2103 1158 2128 ιν.
1192 2096 1202 2112 ‘
1229 2095 1277 2127 Et
1307 2095 1423 2137 jacuit
1458 2095 1644 2137 resupinus

927 2145 1055 2180 haimo)
1092 2146 1140 2179 Et
1155 2150 1256 2188 post:
1277 2146 1288 2164 ‘
1301 2146 1399 2179 Sedit
1412 2146 1516 2179 humo
1530 2146 1646 2182 nuda.'

929 2198 1056 2232 Manet
1071 2202 1187 2230 tamen
1202 2207 1280 2230 cum
1305 2197 1386 2231 nob.
1411 2198 1483 2230 Du.
1498 2198 1644 2231 Heinsio

929 2250 1081 2293 optimus
1095 2249 1295 2283 Gronovius
1314 2249 1349 2282 in
1376 2249 1526 2282 laudatis
1548 2260 1643 2293 saepe

929 2301 1073 2343 litteris,
1101 2300 1211 2333 Humi.
1242 2299 1359 2333 Schef.
1403 2301 1500 2344 Lege
1529 2302 1645 2335 Humi.

930 2353 1052 2386 Heius.
1111 2352 1220 2385 Humo
1249 2356 1370 2394 potest
1405 2362 1469 2395 per
1504 2353 1643 2396 ellipsin

932 2404 1190 2448 praepositionis
1220 2413 1296 2446 pro,
1324 2403 1360 2436 in
1388 2404 1492 2437 humo
1521 2405 1646 2447 accipi,

931 2456 977 2490 de
1005 2466 1072 2499 qua
1098 2455 1274 2488 locutione
1302 2455 1382 2488 vide
1409 2456 1645 2489 doctissimum

931 2507 1115 2541 Muncker.
1139 2507 1181 2540 ad
1197 2507 1330 2549 Hygin.
1346 2507 1431 2540 Fab.
1447 2510 1524 2541 247.
1569 2508 1647 2540 Me·

931 2562 999 2594 lius
1023 2566 1140 2594 tamen
1166 2560 1293 2602 legitur
1321 2558 1445 2592 Humi:
1479 2559 1531 2592 ita
1554 2559 1645 2592 enim

932 2612 1135 2656 frequenter
1173 2611 1294 2643 Poetae
1334 2617 1372 2643 et
1409 2610 1479 2643 alii.
1537 2609 1645 2642 Ovid.

932 2664 1075 2697 Metam.
1090 2672 1132 2696 u.
1149 2665 1224 2695 105.
1246 2662 1255 2680 ‘
1267 2661 1409 2703 Spar-git
1419 2661 1511 2693 humi
1519 2661 1646 2704 jussos,

932 2716 1096 2748 mortalia.
1130 2714 1271 2755 semina,
1303 2713 1451 2745 dentes.¹
1507 2712 1550 2745 Id
1581 2719 1648 2753 est,

932 2767 1067 2809 spargit
1095 2766 1129 2798 in
1167 2766 1317 2807 humum,
1358 2765 1392 2797 in
1422 2769 1567 2798 terram:
1608 2771 1644 2797 et
