1806 3236
256 180 344 223 416

256 283 455 318 sanctitudo
500 283 714 326 sepulturae!

256 336 518 378 chrysostomus
547 334 591 367 ad
608 334 736 377 Ephes.
764 333 895 367 Homil.
911 336 965 367 1³.

251 387 352 428 justa
378 390 595 418 mortuorum
615 386 667 418 ait
695 395 717 418 a
742 384 879 418 Graecis
907 383 967 423 τὴν

255 436 345 470 ὁσίαν
363 438 425 468 τῶν
438 434 638 468 ἀπελθόντων
651 435 781 469 vocari.
825 435 966 468 Modes—

255 488 350 520 tinus
374 488 439 521 JC.
474 488 484 506 ‘
502 487 676 520 Solemnis.
697 486 833 520 mortis'
848 487 967 529 appel-

254 539 317 571 lat.
361 538 476 571 Aliter
498 543 615 571 autem
645 537 815 570 Phaedrus
841 538 967 570 ‘Sanc-

255 594 326 623 tam
343 589 554 632 religionem’
567 594 713 632 usurpat
726 589 815 622 infra
830 589 889 622 lib.
913 598 964 622 ιν.

254 639 326 673 fab.
340 643 396 674 10.
419 640 509 673 Rite.

297 690 425 724 Sam-lm
450 690 625 732 relligioni]
657 690 717 724 Sic
741 690 801 724 lib.
818 700 869 723 ιν.
893 690 964 724 fab.

255 744 310 774 10.
352 741 362 759 ‘
380 741 510 774 Vocem
542 745 663 774 sancta
691 741 786 774 misit
811 739 968 783 relligio-⁹

253 791 345 824 Vide
372 792 528 825 Kirchm.
554 792 599 825 de
620 792 749 826 Funer.
774 792 833 826 lib.
858 801 916 826 111.
931 802 963 826 c.

251 845 308 875 21.
324 847 362 875 et
376 845 431 875 23.
458 843 545 875 Gud-

296 895 316 924 8
339 893 439 925 Stans
452 892 560 934 super]
597 892 651 925 De
668 901 724 934 eo,
749 892 807 935 qui
821 896 913 926 stare
929 893 963 926 in

251 944 422 976 cadavere
451 948 620 986 coeperat,
646 944 838 976 laniaturus
867 943 961 977 illud.

252 996 341 1029 Nam
369 1002 422 1030 est
449 992 537 1030 stans
565 1006 659 1039 super
682 1007 764 1039 eum,
790 997 962 1031 collocans

250 1058 339 1081 sese.
389 1050 459 1081 Der
473 1049 541 1081 sich
565 1048 642 1090 auff
660 1048 717 1080 ihu
743 1049 856 1082 stente.
880 1048 963 1082 Fab.

251 1099 352 1132 Decl.
382 1107 451 1131 ΧΠ.
475 1108 506 1131 c.
535 1101 589 1131 24.
632 1099 642 1117 ‘
666 1099 771 1131 Velut
799 1098 962 1132 infaustae

251 1158 334 1180 aves
349 1158 451 1191 supra
465 1148 664 1190 expirantes
680 1148 832 1181 stamus.'
859 1148 962 1181 Adde

249 1199 312 1231 lib.
328 1208 368 1232 11.
384 1208 416 1231 c.
433 1201 464 1231 2.
486 1198 592 1238 Schef.
637 1198 716 1231 Lib.
733 1207 774 1231 ιι.
803 1201 834 1230 1.
871 1199 882 1218 ‘
898 1199 962 1230 Su-

249 1259 313 1291 per
327 1250 523 1284 Juvencum
539 1249 656 1282 stabat
679 1248 852 1292 dejectum
870 1250 963 1283 Leo?

249 1301 356 1334 Amen.
400 1301 500 1333 Stans
515 1300 672 1332 vultnrius
687 1308 794 1341 super,
811 1309 888 1341 pro,
907 1309 963 1331 su-

250 1356 425 1393 perstans:
452 1356 490 1384 ut
505 1351 539 1383 iu
555 1351 658 1383 simili
674 1360 711 1383 re
724 1350 829 1383 ovid.
843 1351 910 1392 Ep.
925 1359 962 1383 x.

250 1405 324 1434 123.
370 1403 380 1420 ⁴
409 1401 498 1434 Ossa
528 1400 777 1443 superstabunt
803 1401 962 1433 volucres

248 1452 427 1484 inhumata
456 1449 623 1484 marinae:
670 1450 739 1484 Ubi
764 1450 858 1492 vide,
883 1460 962 1493 quae

249 1506 419 1534 notamus.
446 1500 557 1533 Burm.

295 1551 477 1593 Vultur-ius]
499 1552 639 1584 Vultur.
653 1550 868 1583 Lucilianum
885 1560 960 1583 ver-

246 1604 340 1644 bum,
356 1603 401 1635 de
416 1612 483 1645 quo
499 1601 674 1634 Charisius
700 1600 759 1634 lib.
786 1610 812 1634 1.
856 1601 959 1634 Plau·

244 1658 301 1686 tus
318 1662 453 1696 quoque
479 1653 514 1685 in
536 1651 680 1684 Trucul.
721 1652 731 1669 ‘
749 1652 830 1686 Jam
858 1652 956 1694 quasi

245 1704 387 1736 vulturii
403 1703 517 1736 triduo
543 1703 639 1744 prius
664 1703 960 1744 praedivinabant.’

244 1753 351 1792 Schef.
406 1753 497 1785 Vide
523 1754 622 1794 plura
651 1752 744 1793 apud
771 1751 957 1784 Axenium.

286 1807 308 1835 9
324 1804 472 1845 Locutus]
505 1803 571 1834 Ms-
593 1802 737 1843 loquutus
749 1813 762 1840 ;
791 1801 956 1844 ἀρχαϊκῶς.

243 1855 301 1888 Sic
318 1855 397 1887 Kal.
411 1854 511 1887 Rust.
526 1861 692 1887 Aeul'run
709 1862 788 1894 pro,
801 1853 955 1894 acuitur3

243 1910 279 1938 et
296 1913 362 1940 Qui
379 1914 454 1948 pro,
470 1904 548 1944 cui;
572 1911 712 1938 coenus
739 1913 816 1947 pro,
830 1913 955 1945 cocus;

771 283 819 316 Et
862 282 964 317 Joan.

708 2171 967 2223 FABULA

289 2321 400 2365 Vulpis
414 2327 444 2355 et
459 2323 592 2366 Aquila]
617 2324 732 2366 AEsop.
747 2323 815 2356 fab.
835 2326 865 2357 1.
881 2324 947 2357 Ca-

242 2381 327 2404 mer.
344 2383 379 2415 p.
397 2376 451 2406 ⁷1.
476 2375 556 2416 Rig.

284 2426 300 2455 1
342 2424 510 2466 Quamvis]
546 2425 646 2458 Licet
676 2423 745 2456 sint
784 2423 948 2456 sublimes

236 2473 353 2515 aliqui,
369 2478 496 2516 tamen,
511 2477 577 2507 &m
603 2476 694 2508 Num
712 2475 825 2516 potius
841 2486 949 2516 quam-

237 2524 287 2555 vis
315 2525 370 2556 hic
402 2530 470 2566 est,
496 2525 745 2559 Quantumvis?
779 2526 949 2568 quomodo

238 2574 331 2615 apud
358 2574 541 2608 Plautum:
565 2576 576 2594 ‘
593 2575 756 2610 Quamvis
781 2575 949 2608 ridiculus

237 2629 304 2664 est,
331 2625 389 2657 ubi
416 2636 503 2658 uxor
519 2636 587 2658 non
609 2626 705 2658 adest
720 2625 742 2666 ;'
773 2629 809 2658 et
821 2626 949 2659 Varro-

237 2683 315 2706 nem
332 2674 375 2706 de
393 2676 436 2708 R.
462 2676 505 2709 R.
547 2678 580 2709 2.
603 2677 614 2696 ‘
632 2676 815 2715 Lucianus,
840 2676 947 2709 Sena-

238 2730 305 2765 tor,
321 2725 421 2758 homo
438 2727 591 2768 quamvis
611 2728 779 2760 humanus
795 2731 831 2759 et
851 2728 947 2768 joco-

238 2785 293 2806 sus
323 2776 511 2810 introiens!
548 2777 651 2815 Schef.
711 2777 863 2814 Quamvis
892 2778 947 2810 hic

727 189 870 222 NO'I'AE
904 189 1169 224 VARIORUM
1206 190 1254 221 ΙΝ

1018 284 1031 304 '¹
1043 284 1220 320 ‚Quotidie’
1229 294 1306 328 pro,
1320 283 1481 317 Cotidie:
1496 284 1590 328 apud
1606 283 1722 322 PM.

1019 334 1210 377 Deliqwig
1237 339 1276 368 ut
1302 339 1357 368 est
1379 335 1415 368 in
1442 335 1512 367 Μι.
1536 335 1614 377 μδ,-
1627 329 1724 369 Defl-

1019 386 1144 432 cuerit.
1189 386 1237 420 Et
1250 386 1287 419 in
1311 385 1518 420 Divionensi
1530 385 1724 431 antiquissi-

1019 445 1076 469 mo
1117 436 1401 479 epigrammatum
1454 436 1586 479 codice,
1629 437 1642 456 ‘
1666 437 1722 471 De

1020 487 1180 529 Quygno'
1192 496 1269 530 pro,
1278 488 1411 530 Cygno.
1426 487 1474 520 Et
1485 487 1521 520 in
1533 486 1723 521 eodem-lib.

1018 537 1029 556 ‘
1046 538 1104 570 De
1142 537 1326 581 Juqulnto’
1355 547 1432 581 pro,
1466 537 1621 572 Sar-into.
1660 537 1723 572 eie

1019 593 1137 622 noster
1150 589 1160 607 ⁴
1174 587 1347 632 Reliquas’
1363 597 1440 631 pro,
1451 588 1622 622 Renoua.
1633 587 1723 622 Gud-

1064 639 1184 672 Mert'to
1199 638 1306 682 jaces]
1342 638 1474 672 Fabula
1494 638 1617 673 altitu·
1639 639 1675 672 h.
1700 639 1724 672 l.

1019 691 1030 709 ‘
1044 690 1175 723 Merito
1188 689 1396 733 plectimur-³
1439 689 1631 730 Dum
1644 698 1723 722 ver-

1018 741 1063 774 bo
1079 741 1179 783 plura
1195 741 1239 774 ad
1254 740 1326 775 fab.
1338 735 1393 774 24.
1414 741 1522 776 Am.
1553 755 1556 757 >

1061 794 1104 825 1⁰
1127 791 1208 834 Qui]
1231 793 1337 834 Lege,
1353 791 1451 829 Quia.
1474 790 1597 825 Heins-

1061 842 1198 884 Regale-s
1213 842 1300 885 opes]
1336 842 1505 885 Major-ea,
1530 848 1632 885 quau
1651 841 1723 884 pri-

1018 897 1127 935 vatas,
1140 898 1178 927 et
1193 893 1256 927 tibi
1281 898 1534 936 competentes»,
1547 891 1724 925 maximas.

1017 945 1074 977 Sic
1090 944 1216 978 Horat.
1239 945 1305 987 Ep.
1323 952 1349 977 1.
1367 946 1420 977 12.
1443 942 1554 984 Senes.
1574 943 1666 977 Just.
1681 950 1722 976 u.

1018 998 1071 1028 15.
1110 996 1257 1028 ‘Castra
1278 993 1409 1028 referta
1436 994 1558 1038 regalis
1585 994 1724 1037 opulen-

1017 1045 1101 1079 tiae.’

1060 1101 1100 1130 11
1127 1097 1252 1140 fficio]
1298 1096 1552 1139 Praepositione
1587 1096 1724 1138 omissa,

1017 1158 1094 1191 pro,
1108 1148 1144 1181 in
1160 1148 1274 1181 trivio.
1318 1148 1378 1180 Sic
1392 1146 1480 1180 infra
1494 1157 1526 1179 c.
1541 1148 1598 1179 2⁹.
1630 1145 1642 1164 ‘
1657 1147 1722 1179 Po-

1016 1199 1085 1231 suit
1100 1198 1206 1232 nido!
1228 1198 1334 1237 Scies.

1059 1250 1168 1283 Trivio
1179 1253 1341 1291 conceptus
1353 1252 1387 1281 et
1399 1249 1548 1281 emm
1570 1245 1720 1286 me]

1016 1301 1106 1334 Vide
1121 1311 1199 1345 quae
1219 1301 1295 1333 Viri
1308 1298 1718 1342 doctissimirnotaverunt

1017 1353 1059 1384 ad
1076 1352 1161 1385 illud
1184 1352 1329 1384 Petron.
1364 1350 1378 1368 ‘'
1388 1348 1491 1384 Quod
1517 1356 1720 1391 purgamen·

1015 1408 1090 1436 tum
1117 1404 1151 1436 in
1171 1408 1274 1449 nocte
1299 1402 1445 1436 calcasti
1467 1401 1502 1433 in
1528 1400 1632 1434 trivio
1659 1403 1720 1431 ant

1016 1454 1167 1487 cadaver
1176 1453 1200 1486 ?’
1232 1453 1364 1492 Phaed„
1381 1452 1442 1486 lib.
1457 1461 1508 1485 ιν.
1539 1451 1720 1485 decanum

1017 1503 1152 1546 legatis.
1177 1503 1258 1544 Rig.

1062 1555 1221 1586 Educatus
1235 1552 1388 1594 stercore]
1420 1552 1593 1585 Nutrituz.
1630 1551 1720 1585 Vide

1013 1614 1090 1646 quae
1121 1608 1279 1636 notamus
1309 1602 1402 1636 infra.
1430 1603 1490 1636 lib.
1516 1612 1568 1636 tv.
1604 1612 1636 1636 c.
1665 1605 1718 1636 17.

1012 1656 1118 1694 Schqt'.
1163 1655 1206 1688 In
1223 1655 1334 1687 triviis
1348 1653 1438 1687 enlm
1463 1663 1582 1687 omnes
1601 1653 1718 1686 sordes

1012 1710 1049 1738 et
1061 1711 1287 1748 purgamenta
1302 1705 1567 1748 abjiciebantur.
1591 1704 1633 1737 V.
1656 1707 1718 1739 Er·

1010 1755 1108 1787 hard.
1155 1756 1271 1797 Symb.
1297 1756 1333 1788 in
1357 1756 1502 1788 Petu-on.
1529 1766 1562 1789 c.
1586 1758 1659 1790 134.
1681 1762 1718 1790 et

1010 1816 1086 1848 quae
1115 1815 1177 1838 nos
1205 1806 1253 1838 ibi
1295 1806 1547 1839 adnotavimus.
1587 1806 1716 1840 Auson.

1018 1858 1136 1900 Epigr.
1153 1859 1207 1890 ⁷2.
1229 1857 1347 1889 Bam.

1013 2176 1266 2222 XXVIII.

1001 2323 1106 2364 valet,
1152 2321 1346 2363 admodum,
1389 2319 1500 2354 valde.
1564 2318 1708 2352 Plautus

1001 2373 1128 2406 Pseud.
1144 2381 1195 2405 xv.
1213 2374 1245 2404 7.
1268 2371 1279 2390 ‘
1296 2371 1459 2405 Quamvis
1484 2369 1607 2412 pernix
1632 2367 1710 2401 est!

1004 2424 1120 2456 Livius
1136 2433 1161 2456 1.
1178 2426 1211 2456 4.
1235 2426 1245 2442 ⁴
1260 2423 1367 2455 Posse
1380 2422 1532 2464 quamvis
1548 2418 1710 2461 languida

1004 2474 1111 2515 mergi
1138 2483 1227 2516 aqua
1252 2472 1421 2506 infantes:
1441 2471 1485 2504 V.
1509 2471 1624 2503 schot.
1637 2470 1711 2502 Ob-

1003 2534 1094 2558 serv.
1109 2534 1149 2556 ¹1.
1164 2534 1196 2556 c.
1213 2527 1267 2556 36.

1050 2575 1202 2612 Quamvis
1229 2571 1388 2614 sublimes]
1423 2570 1525 2605 Inde*
1545 2570 1710 2603 Indorum

1004 2625 1046 2657 ad
1063 2624 1296 2657 Alexandrum
1314 2623 1419 2665 legati
1442 2631 1532 2664 apuu
1551 2621 1707 2654 Curtium

1001 2675 1062 2707 lib.
1079 2683 1145 2706 vn.
1169 2677 1224 2706 47.
1247 2675 1258 2692 ⁴
1277 2674 1347 2706 Leo
1372 2682 1504 2716 qnoque
1527 2673 1710 2715 aliquando

1003 2727 1216 2758 minimarum
1231 2725 1342 2757 avium
1358 2724 1517 2766 pabulum
1529 2723 1581 2765 fit,
1592 2727 1629 2756 et
1640 2722 1708 2756 fer—

1001 2789 1057 2810 um
1083 2777 1203 2818 rubigo
1229 2777 1407 2809 consumit.
1455 2776 1548 2808 Nihil
1567 2781 1636 2808 tarn
1653 2775 1709 2808 fir-
