1806 3236
345 231 546 264 mwnm
579 229 689 263 ran.
721 227 1024 263 AEsomalwm
1056 228 1153 261 mn.
1187 228 1257 261 ιν.
1292 217 1384 261 1-2.

138 327 263 374 '3131’-
273 326 334 364 m».
345 337 382 364 ι.
392 331 448 363 25.
460 327 504 363 de
515 327 630 362 Mutio
643 326 846 371 gladiatore,

138 378 367 425 quim-anum
396 388 498 413 urere
521 379 639 421 jussus
669 382 845 420 praesente

132 430 286 472 ψη
310 429 441 471 tunica,
461 434 557 464 veste
583 439 627 462 ex
650 438 787 472 papyro
808 432 845 461 et

133 481 350 524 Mplee
364 481 476 523 inlita,
491 480 559 524 (sic
575 480 666 513 enim
682 484 776 513 recte
793 484 845 513 tu-

136 531 251 569 niw-
271 532 451 565 molestam
477 530 636 573 depingit
662 534 775 563 vetus
787 529 845 562 In-

136 585 278 642 tenores
286 582 464 618 Juvenalis
487 582 561 614 Sat.
577 590 603 613 1.
629 585 666 613 et
689 578 788 623 wir.)
809 581 844 612 ln

130 639 210 677 ‘qna
218 634 316 667 vivus
330 633 472 666 arsisset
494 636 599 671 totus,
616 630 651 663 ni
666 631 843 673 imperatis

133 685 322 729 paruisset,
353 688 449 717 metu
473 683 614 725 majoris
643 682 736 715 illius
764 682 844 715 mali

127 742 272 769 *nanum
287 734 372 769 focis
395 735 574 777 imponere
598 733 741 766 maluit:
777 734 787 752 ‘
802 733 844 766 In

125 784 303 819 matutina
317 793 430 827 nuper
442 787 618 826 spectatus
641 793 746 817 arena
767 785 845 817 Mu-

134 834 217 876 tius,
233 835 401 878 imposuit
413 835 472 878 qui
487 845 551 868 sua
575 834 730 867 membra
743 833 844 875 focis,

132 886 172 920 Sl
185 886 323 930 patiens
345 885 513 930 fortisque
527 886 592 920 tibi
607 886 779 930 durusque
793 886 844 919 vi-

133 937 254 980 detur-5
282 937 527 972 Abderitanaer
549 942 696 980 pectora
733 938 843 980 plebis

131 987 244 1023 hahes
253 989 371 1023 :Nam
387 998 466 1022 cnm
480 988 617 1022 dicatur
632 988 844 1030 tunica-pne-

133 1039 410 1085 sente‘molesta:
433 1040 507 1073 Ure
522 1049 675 1081 manum,
692 1039 769 1082 plus
787 1042 843 1072 est

124 1088 268 1124 :dicerez
295 1091 376 1124 Non
389 1089 505 1124 facio!
541 1089 768 1132 Vitio'gentis
782 1090 842 1122 hn-

128 1149 256 1184 Μ,
282 1149 347 1184 pro
376 1150 461 1174 vera
485 1140 642 1182 scientia,
664 1140 840 1174 mendacis

122 1190 304 1234 effusionis
315 1191 504 1235 speciosam
519 1191 735 1225 occasionem
747 1201 841 1233 sazpe

130 1241 328 1285 arripimus,
339 1251 417 1286 quoe
436 1242 609 1285 judicium
621 1242 749 1275 deinde
764 1252 838 1275 nos-

121 1292 432 1336 snm-perturbat.
466 1293 594 1337 Deque
605 1293 669 1326 bac
684 1291 840 1334 emphasi

127 1349 168 1379 et
179 1345 357 1389 hypostasi
380 1349 568 1379 tractatum
593 1345 703 1379 edidit
726 1345 841 1378 erudi-

120 1394 566 1440 ‚animun-ariseomultus
581 1397 719 1430 Doctor
742 1405 839 1428 mens

126 1444 377 1480 Bonaveutnra
404 1446 564 1479 Irlandus
591 1446 627 1478 in
655 1446 840 1479 Pictonico

127 1494 326 1530 Ernesto-tn
337 1497 498 1539 Senator,
519 1506 561 1529 ac
587 1495 732 1529 eandem
746 1506 839 1529 nunc

127 1546 440 1585 considerationem
450 1547 541 1580 bono
551 1546 692 1588 publico
703 1547 839 1589 plenius

127 1600 169 1630 et¹
178 1597 320 1631 uberius
335 1601 516 1630 retractat.
539 1597 620 1638 Εἰς.
727 1624 731 1627 .

172 1646 431 1689 quidentur]
451 1647 687 1681 Theocritus.
678 1659 687 1667 ·
711 1646 838 1681 Πολλά-

120 1698 225 1742 mul
238 1699 423 1743 Πολύφαμε,
440 1699 484 1733 τὰ
506 1699 550 1741 μὴ
574 1700 660 1733 καλὰ
677 1701 763 1733 καλὰ
782 1700 838 1734 τέ·

124 1757 251 1794 φνηι.
281 1752 406 1785 Mean.
450 1751 532 1784 Non
545 1751 590 1783 de
606 1751 698 1784 solis·
701 1750 839 1794 fabulis,

123 1803 201 1836 sed
203 1806 241 1836 et
252 1802 328 1836 aliis
343 1801 536 1845 generatim
558 1806 597 1834 et
620 1811 685 1844 per
700 1807 837 1835 senten-

119 1852 211 1886 tiam
234 1852 399 1896 loquitur.
455 1853 545 1887 Quae
571 1851 747 1895 videntur,
773 1853 836 1896 ait,

118 1910 197 1939 non
218 1913 357 1947 semper
380 1913 423 1937 ea
449 1907 541 1946 sunt,
565 1902 732 1936 videlicet
758 1914 836 1947 quae

121 1953 314 1996 ,videntur-3
336 1963 432 1997 saepe
444 1954 633 1996 deteriora,
648 1964 751 1997 quam
766 1955 838 1997 pri-

123 2013 183 2038 mo
208 2004 337 2038 intuitu
367 2008 582 2047 comparent.
638 2005 719 2041 Quoe
741 2010 779 2038 et
792 2015 838 2038 ea

123 2059 250 2089 notant
263 2055 320 2088 hic
331 2055 579 2096 conditionem,
599 2060 836 2098 naturamque.

126 2104 203 2140 Cic.
227 2104 264 2137 in
287 2105 354 2148 Ep.
386 2105 398 2124 ‘
413 2105 466 2137 Ea
493 2107 612 2137 nostra
635 2105 725 2138 ratio
748 2106 836 2139 est:'

123 2154 148 2190 ἰ.
161 2165 194 2190 e.
209 2155 304 2198 talis,
315 2152 520 2199 huiusmodi.
545 2156 653 2196 Series.

166 2206 316 2250 Decipit]
337 2207 405 2240 Mn.
419 2206 564 2249 despicit.
588 2207 684 2240 Gud.

166 2256 301 2299 Decipit
316 2257 420 2290 From
427 2258 533 2300 prima
547 2258 675 2300 multos]
703 2258 836 2302 Theog-

122 2307 199 2353 βίω
237 2307 383 2342 Πολλία
412 2308 471 2348 τὴν
505 2312 629 2350 ‘rubum
665 2303 836 2351 ἐξαπωῶθ

120 2357 213 2392 ἰδέαι.
256 2359 298 2392 Id
324 2364 391 2402 est,
415 2360 508 2403 Soepe
531 2364 671 2394 exter-m
696 2362 836 2395 animum

124 2405 284 2452 decipi-nt
295 2412 422 2453 species.
445 2412 532 2446 Ritt.
569 2455 573 2459 ,

147 2490 149 2493 .
166 2461 299 2504 Decipit
309 2463 414 2495 From
423 2462 547 2505 prima]
563 2462 692 2496 Accius
699 2459 832 2497 Bruto:

124 2511 136 2530 ‘
149 2511 262 2547 Quem
288 2516 328 2546 tu
350 2522 425 2547 esse
447 2513 610 2561 hebetem
625 2515 773 2557 deputes
789 2525 835 2549 ae·

123 2571 195 2606 que
208 2571 250 2596 ac
270 2573 388 2606 pecus,
412 2563 449 2596 Is
473 2565 645 2607 sapientia
666 2566 834 2599 munitum

125 2618 249 2656 pectus
275 2609 453 2657 egregium
493 2619 611 2658 gerat:
663 2612 835 2651 Plautus:

123 2665 293 2712 fSumma
316 2666 455 2709 ingenia
479 2666 516 2699 in
537 2668 675 2701 occulto
700 2667 834 2702 latent:

125 2785 130 2789 ν
171 2768 213 2799 17
235 2766 468 2811 riv-aprima]
501 2769 835 2812 Primaspecies,ut

124 2821 284 2862 apparet,
298 2828 377 2852 cum
391 2819 540 2862 primum
564 2825 602 2855 et
617 2821 835 2865 negligenter

883 1444 1036 1486 *conditur
1050 1455 1135 1477 curoe
1148 1445 1275 1485 ungulo.

1520 218 1607 262 573

897 326 1063 368 aspicitur
1088 325 1277 370 quidpiam.
1335 325 1393 358 Sic
1420 324 1546 358 Fabius
1568 328 1607 358 et

897 377 968 410 alii.
991 376 1098 416 Schef.
1140 376 1220 409 vid.
1236 375 1403 410 Quinctil.
1425 375 1514 408 lust.
1537 384 1606 408 vn.

898 431 928 460 1.
945 437 1014 460 ιιι.
1029 429 1061 459 7.
1076 432 1113 460 et
1127 427 1281 460 Declam.
1295 435 1410 460 cccvr.

938 479 1029 511 Rara
1043 477 1143 520 mem]
1174 478 1254 511 Non
1270 477 1374 512 obvia
1388 477 1606 520 uniuscujus-

895 541 962 575 que
978 541 1086 573 mens,
1103 531 1164 564 sed
1182 530 1328 573 provida
1349 534 1387 563 et
1410 531 1606 573 perspicax,

894 581 1006 625 qualis
1020 591 1095 614 esse
1109 582 1198 614 solet
1214 591 1302 614 rara.
1346 581 1605 615 Similiterfere

893 633 1032 666 Tacitus
1048 632 1091 665 de
1109 632 1199 665 Mor.
1214 632 1298 665 Ger.
1313 641 1390 674 capa
1405 635 1461 664 31.
1485 633 1495 651 ‘
1510 633 1605 672 Rara

894 684 1063 727 cujusque
1094 683 1259 716 audentia
1285 683 1379 726 apud
1410 683 1550 716 Cattos·
1568 683 1605 716 iu

894 744 1098 768 consensum
1111 734 1230 775 vertit,
1246 735 1375 767 crinem
1390 733 1605 778 barbamque

894 784 1123 826 submittere,'
1139 787 1206 818 &c.
1234 783 1351 824 sebai·
1516 809 1520 811 -

902 858 905 861 «
937 839 979 869 18
1000 836 1106 878 Cura]
1151 835 1378 878 Scripserim:
1406 835 1448 872 Q.
1462 834 1487 867 i.
1502 835 1608 867 condi·

891 887 942 919 dit
956 896 1010 919 cm·
1023 888 1152 928 anguloa
1196 885 1331 919 Alludit
1341 886 1383 918 ad
1396 885 1549 918 fabulam
1561 885 1606 918 de

892 938 1011 970 Momo
1031 941 1219 970 accusante
1242 936 1380 979 Jovem,
1405 936 1497 979 quod
1522 945 1607 979 pec-

893 992 948 1021 tus
963 988 1092 1021 homini
1116 987 1345 1020 fenestratum
1372 997 1442 1020 non
1465 987 1607 1020 indidis-

892 1044 987 1080 set;1
1006 1049 1074 1081 quo
1101 1038 1217 1072 cordis
1247 1042 1422 1072 secretum
1446 1039 1605 1081 perspici

891 1091 1073 1132 potuisset.
1109 1084 1284 1123 meursius.
1340 1090 1422 1122 Non
1448 1089 1605 1123 audimus

891 1140 1096 1181 Meursium,
1113 1150 1176 1183 pro
1189 1149 1276 1182 cura,
1300 1149 1355 1172 cor
1379 1139 1602 1173 scribentem.

893 1192 1012 1224 Curam
1038 1191 1129 1223 enim
1156 1200 1233 1223 eam
1263 1190 1319 1222 hic
1346 1190 1605 1233 intelligit,qua

891 1251 1011 1274 sensus
1049 1241 1153 1287 animi
1198 1239 1333 1273 abdunt
1369 1240 1603 1284 occuluntque

890 1292 1003 1325 multi.
1058 1285 1213 1326 Quorum
1244 1291 1354 1323 instar
1383 1300 1460 1337 esse
1489 1289 1607 1333 potest

889 1344 1067 1386 Tiberius,
1081 1341 1208 1376 Tacito
1222 1352 1288 1375 non
1305 1351 1372 1374 uno
1389 1342 1464 1374 loco
1481 1342 1532 1375 sic
1544 1342 1606 1377 de-

890 1394 1049 1437 scriptus.
1085 1393 1192 1433 Schef.
1246 1393 1333 1435 Leg.
1349 1392 1441 1429 Quod
1454 1392 1606 1427 interm-e

1311 1443 1431 1478 Heius.
1486 1444 1605 1478 Curam

888 1495 946 1528 bic
960 1496 1061 1538 cupio
1078 1505 1142 1537 pro
1157 1491 1285 1536 studio,
1309 1504 1376 1537 qno
1392 1498 1516 1528 auctor
1539 1496 1603 1529 sub

889 1545 1076 1579 involucris
1097 1541 1258 1579 fictarum
1274 1537 1470 1578 fabularum
1487 1555 1605 1579 verum

888 1606 1025 1629 sensum
1041 1597 1138 1639 tegit.
1181 1596 1240 1630 Sic
1256 1605 1349 1638 supr.
1372 1592 1431 1630 lib.
1447 1605 1490 1630 11.
1514 1597 1604 1641 prol.

889 1647 900 1665 ‘
918 1645 1023 1680 Omni
1051 1657 1137 1680 cura
1160 1656 1290 1680 morem
1316 1646 1463 1680 servabo
1478 1647 1568 1680 senis
1582 1647 1606 1680 :'

889 1702 927 1731 et
953 1699 1092 1741 Epilog.
1119 1693 1274 1740 ejusdem
1297 1697 1399 1730 libri:
1436 1697 1446 1716 ‘
1464 1695 1501 1730 Si
1516 1694 1604 1731 livor

889 1750 1088 1783 obtrectare
1103 1759 1224 1783 curam
1236 1747 1388 1782 voluerit
1401 1746 1424 1782 :’
1446 1749 1506 1784 ubi
1522 1745 1602 1783 vide

887 1804 1021 1834 notata.
1051 1802 1167 1834 Burm.

933 1854 975 1885 19
997 1851 1071 1885 Hoc
1082 1862 1120 1884 ne
1135 1853 1255 1885 loeutus
1270 1852 1339 1884 siue
1358 1844 1497 1886 mercede
1518 1852 1604 1887 exis-

888 1900 1002 1945 timer]
1030 1902 1164 1935 Plinius
1180 1901 1340 1935 Caeeilius
1353 1903 1503 1936 Calvisio
1517 1913 1600 1936 sno.

886 1948 1039 1986 ‘Assem
1064 1962 1162 1999 para,
1187 1956 1225 1986 et
1251 1952 1372 1996 accipe
1398 1962 1536 1987 auream
1549 1946 1609 1987 fa?

888 2003 1028 2036 hulam!
1051 2004 1133 2045 Εἰς.

933 2054 986 2086 Ne
1014 2052 1137 2087 locutus
1160 2054 1230 2087 eine
1254 2050 1394 2088 mercede
1421 2056 1600 2100 existimer,

888 2103 1050 2137 Fabellam
1065 2104 1216 2149 adiciam]
1241 2105 1333 2139 Quid
1348 2106 1405 2138 hic
1420 2105 1507 2140 facit
1518 2117 1601 2142 mer-

885 2154 971 2187 cedis
981 2154 1133 2188 mentio?
1155 2155 1294 2189 videtur
1305 2156 1461 2190 alludere
1473 2157 1516 2190 ad
1530 2168 1601 2191 mo-

885 2215 960 2239 rem
976 2211 1140 2248 veterem,
1154 2217 1223 2250 quo
1249 2207 1431 2240 recitaturi
1446 2207 1599 2243 fabulam

886 2257 1029 2291 solemni
1045 2253 1141 2291 velut
1157 2256 1360 2301 praefatione
1377 2260 1442 2293 sibi
1457 2261 1599 2295 audien-

884 2308 968 2342 tiam
983 2309 1177 2352 parabant:
1200 2309 1210 2328 ‘
1226 2309 1361 2353 Accipe
1382 2306 1547 2354 fabulam,
1562 2317 1600 2346 et

885 2370 971 2403 para
986 2361 1118 2394 assem?
1162 2360 1211 2393 As
1226 2356 1332 2403 igitur
1346 2362 1442 2395 velut
1465 2372 1597 2397 merces

885 2416 975 2453 erat,
991 2421 1093 2454 quam
1109 2410 1175 2443 sibi
1187 2421 1249 2453 pro
1264 2407 1481 2444 recitationis
1491 2422 1599 2455 opera

884 2461 1153 2505 stipulabantur.
1219 2457 1409 2496 Admonuit
1452 2463 1496 2495 de
1531 2465 1597 2497 hoc

884 2521 979 2548 more
999 2515 1072 2557 jam
1097 2513 1177 2547 olim
1201 2514 1438 2556 Mariangelus
1463 2514 1598 2548 Accur-

883 2565 952 2598 sius
967 2563 1068 2598 initio
1082 2564 1211 2597 fabulae
1227 2575 1297 2597 suae
1324 2565 1382 2598 De
1396 2565 1596 2607 Testudine„

884 2626 987 2659 quam
1002 2615 1170 2648 Diatribis
1186 2616 1255 2648 suis
1271 2615 1414 2658 adjecit.
1458 2617 1468 2635 ⁸
1484 2616 1598 2650 Fabu-

884 2668 975 2710 lam,'
997 2667 1123 2710 inquit,
1145 2667 1155 2685 ⁴
1169 2662 1354 2709 spondenti
1372 2664 1511 2710 auream
1522 2665 1596 2701 ‘nou

883 2718 950 2753 fuit
974 2720 1056 2752 olim
1077 2719 1199 2752 vitium
1224 2719 1316 2752 inter
1341 2719 1470 2752 amicos
1486 2729 1594 2753 assem

883 2769 1029 2812 petere:
1051 2771 1123 2802 διο.
1178 2768 1354 2802 Dicebant
1375 2769 1479 2802 etiam
1505 2778 1594 2811 proe-

884 2820 1010 2864 fantes,
1026 2831 1062 2854 se
1077 2820 1294 2863 exposituros
1308 2818 1471 2863 fabulam,
1492 2820 1520 2854 si
1535 2828 1594 2854 au-
