1806 3236
641 201 795 235 mmm
828 201 862 235 1.
896 202 1006 235 un.
1037 190 1108 235 30.
1522 189 1602 233 101

666 498 880 539 FABULA
928 499 1064 540 XXX.

144 703 149 706 -
200 670 402 717 RANAE
433 672 823 743 MIJTUENTES
854 672 1231 720 TAURORUM
1262 675 1540 720 PRAELIA.

130 827 374 873 Hummzs
392 829 610 883 laborant,
632 830 710 874 ubi
729 834 932 887 potentes
954 831 1189 876 dissident.

186 895 339 951 Rana,
358 899 405 942 in
423 899 592 956 palude
614 913 808 956 pugnam
827 900 1289 955 Taurorumintuens,

129 964 254 1020 Heu,
272 972 440 1024 quanta
457 962 589 1012 nobis
611 970 748 1013 instat
764 971 1008 1026 pernicies!
1039 971 1115 1015 ait.

127 1034 410 1092 Interrogata
428 1038 488 1081 ab
508 1038 616 1090 alia,
642 1053 718 1082 cur
736 1040 822 1082 hoc
843 1039 1024 1094 diceret,

127 1103 201 1147 De
219 1106 477 1163 principatu
503 1121 608 1155 cum
630 1108 902 1152 decertarent
922 1110 1082 1166 gregis,
1577 1113 1607 1155 5

126 1170 370 1230 Longeque
389 1176 448 1219 ab
467 1176 560 1220 illis
580 1177 786 1232 degerent
803 1178 942 1221 vitam
962 1178 1133 1223 boves:

124 1239 208 1285 Est
225 1244 362 1287 statio
383 1249 608 1302 separata,
630 1260 686 1290 ac
708 1247 932 1290 diversum
952 1260 1117 1303 genus3

166 1377 354 1412 Perdunt
371 1378 407 1412 in
426 1380 566 1423 periculo
577 1381 632 1414 ubi
647 1381 819 1424 magnates
832 1384 1007 1416 decertant.
1052 1382 1147 1416 Rana
1168 1382 1278 1415 videns
1291 1392 1308 1415 e
1319 1383 1435 1425 palude
1447 1386 1607 1417 certamen

126 1420 312 1465 Morum,
336 1423 423 1466 Heu,
448 1425 564 1467 inquit,
591 1429 708 1467 quanta
732 1426 823 1459 nobis
843 1427 937 1460 ruina
956 1429 1092 1469 paratur
1103 1427 1120 1460 ,Ι
1150 1426 1268 1459 Altera
1285 1430 1489 1468 percontante
1510 1436 1607 1470 quare

121 1463 300 1508 loqueram
312 1466 405 1509 iuna,
418 1475 489 1501 eum
502 1469 552 1501 iun·
565 1471 786 1502 contenderent
800 1471 893 1503 inter
907 1480 943 1503 se
958 1474 1030 1503 uter
1045 1470 1153 1514 pecori
1166 1470 1350 1513 imperaret,
1366 1473 1397 1503 et
1420 1469 1509 1503 boves
1523 1472 1607 1504 vive-

121 1511 194 1542 rent
208 1509 309 1543 vitant
321 1509 414 1552 longe
428 1511 529 1545 uliam
543 1513 583 1546 ab
596 1512 695 1555 ipsis:
719 1513 808 1546 Gens
822 1519 890 1556 est,
900 1514 1016 1557 inquit,
1030 1514 1171 1554 sejuncta
1194 1524 1215 1546 a
1230 1513 1340 1556 nobis,
1353 1517 1384 1546 et
1392 1524 1494 1556 genas
1517 1525 1610 1559 nepa-y

164 1661 188 1692 Β
210 1658 252 1692 In
262 1660 389 1702 palude.
432 1660 585 1695 Bentlei.
609 1661 665 1695 cui
689 1660 892 1705 obsequitur
906 1661 1176 1704 Cuningbamus,
1197 1672 1214 1694 e
1235 1662 1371 1704 palude,-
1405 1671 1475 1704 qua
1489 1670 1606 1694 emen-

123 1701 263 1736 datione
277 1713 348 1736 non
363 1708 439 1737 erat
452 1714 550 1746 opus.
594 1706 686 1738 Nam
710 1706 739 1738 si
762 1706 901 1748 legatur
922 1706 957 1738 in
978 1707 1105 1747 palude,
1129 1704 1212 1738 inde
1239 1715 1306 1738 non
1333 1709 1452 1747 potest
1475 1705 1605 1747 colligi,

148 1745 216 1779 uod
230 1747 358 1780 metuit
372 1747 564 1790 Bentleius,
576 1758 621 1781 ne
633 1749 814 1792 quisquam
829 1749 1036 1792 suspicetur,
1060 1759 1211 1792 pugnam
1233 1753 1412 1782 taurorum
1435 1749 1471 1781 in
1489 1749 1606 1790 palude

140 1789 241 1823 uisne.
260 1822 262 1824 ,
285 1790 397 1824 Immo
410 1800 494 1825 vero
509 1802 592 1825 rann
607 1793 734 1825 intueri
757 1797 898 1835 poterat
921 1793 956 1825 in
976 1792 1091 1835 palude
1110 1803 1272 1835 pugnarn,
1289 1802 1366 1836 quae
1383 1792 1605 1835 pugnabatur

122 1833 159 1866 in
174 1837 281 1875 terra,
291 1834 383 1867 baud
406 1836 530 1877 procul
545 1846 566 1868 a
579 1840 714 1879 stagno,
729 1836 766 1869 in
781 1846 850 1879 quo
864 1840 940 1869 erat
954 1846 1049 1869 rana.
1095 1837 1221 1879 Neque
1244 1841 1361 1869 tamen
1385 1836 1571 1868 lectionem
1587 1845 1605 1869 e

120 1877 234 1923 palude
247 1882 333 1919 puto
348 1887 423 1911 esse
437 1879 604 1922 ineptam.
628 1881 720 1913 Nam
735 1890 789 1920 ex,
802 1890 866 1922 pro
881 1880 929 1922 iu,
946 1885 1031 1913 tunc
1045 1880 1203 1922 inprimis
1218 1879 1300 1922 poni
1316 1881 1419 1920 solet,
1431 1879 1460 1912 si
1475 1880 1511 1911 in
1525 1879 1604 1912 loco

122 1919 239 1964 aliquo
266 1921 317 1954 ita
337 1920 400 1955 fiat
411 1922 554 1966 aliquid,
571 1927 610 1956 ut
623 1923 725 1956 simul
739 1924 826 1956 alius
851 1924 948 1956 locus
972 1924 1191 1966 respiciatur.
1238 1924 1331 1965 Nep.
1347 1923 1454 1956 Paus.
1469 1926 1503 1955 4.
1528 1923 1538 1940 ‘
1556 1923 1604 1955 Ιο-

122 1973 200 1997 cum
214 1963 374 1998 fecerunt
386 1966 450 1999 sub
467 1972 572 2008 terra,
586 1977 630 1999 ex
647 1977 715 2010 quo
732 1971 853 2009 posset
869 1966 992 2007 audiri,
1005 1967 1033 1999 si
1049 1967 1126 2009 quis
1140 1967 1341 2009 loqueretur
1356 1977 1434 1998 cum
1446 1964 1606 2008 Argilio.²

126 2011 202 2042 ——5.
216 2010 239 2041 6
262 2007 306 2041 ln
321 2009 573 2052 Mss.1egitur:
607 2011 660 2043 De
683 2010 865 2052 principatu
887 2021 957 2042 cum
977 2011 1028 2043 ἰαὶ
1052 2014 1211 2042 certarent
1232 2011 1357 2052 gregis,
1371 2010 1541 2052 Longeque
1564 2008 1604 2041 ab

121 2050 188 2084 inis
201 2052 351 2092 degerent
362 2053 462 2086 vitam
476 2053 576 2086 boves.
600 2053 677 2096 (Sic
692 2054 879 2086 ediderunt
894 2054 1018 2086 Nevel.
1032 2052 1158 2086 Scheff.
1174 2054 1307 2094 Ursin.)
1350 2053 1465 2086 Nicol.
1495 2052 1604 2085 Hein-

120 2094 191 2127 sius
205 2098 362 2128 removet
374 2105 395 2128 a
409 2096 520 2138 primo
534 2106 633 2129 versu
648 2097 708 2138 illi,
723 2101 759 2129 et
774 2097 845 2139 legi
859 2097 934 2129 vult
948 2098 1156 2129 decertarent.
1201 2097 1315 2130 Quam
1331 2096 1472 2139 quidem
1487 2106 1604 2129 emen-

122 2137 298 2171 dationem
314 2148 432 2171 omnes
447 2149 558 2182 prope
570 2139 752 2172 Editiones
771 2143 863 2172 n'unc
879 2139 1056 2172 exhibent.
1101 2139 1173 2172 Sed
1188 2149 1252 2182 per
1267 2150 1387 2172 vocem
1402 2139 1503 2182 boves,
1525 2149 1603 2183 quae

122 2181 357 2225 subsequitur,
370 2192 449 2215 cum
465 2193 581 2216 vaccae
597 2182 751 2216 debeant
765 2183 933 2225 intelligi;
956 2188 994 2216 et
1009 2193 1076 2216 vox
1090 2182 1142 2215 ilci
1157 2187 1274 2216 tauros
1289 2182 1474 2226 significet,
1485 2184 1544 2226 qui
1561 2183 1604 2216 de

64 2252 66 2254 .
122 2235 243 2258 earum
257 2235 364 2269 grege
386 2225 610 2269 gubernando
625 2227 820 2269 certabant,
841 2227 923 2259 nihil
946 2226 983 2259 iu
1006 2226 1118 2270 primo
1134 2237 1247 2269 versu,
1262 2227 1320 2260 ubi
1335 2237 1402 2259 vox
1418 2227 1469 2259 illi
1483 2236 1604 2261 neces-

122 2269 213 2302 saria
238 2278 312 2302 esse
334 2269 487 2312 videtur,
509 2271 634 2303 mutari
660 2269 791 2303 debuit.
834 2269 884 2303 At
899 2280 1014 2313 neque
1042 2280 1108 2303 vox
1133 2271 1198 2303 illis
1223 2271 1409 2304 subsistere
1434 2271 1469 2302 in
1493 2271 1605 2304 altero

123 2321 227 2346 versu
252 2317 382 2356 potest,
407 2314 486 2356 quia
508 2315 701 2346 orationem
727 2323 868 2357 prorsus
892 2314 1112 2347 invenustum
1135 2313 1278 2356 efficiat,
1292 2319 1330 2347 et
1345 2324 1482 2347 sensum
1499 2315 1605 2347 etiam

170 2357 319 2390 rturbet.
363 2357 449 2390 nteit
471 2367 555 2399 ergo
581 2357 817 2400 reposuimus3
841 2368 943 2401 quam
960 2367 1080 2390 vocem
1096 2367 1174 2390 cum
1189 2358 1352 2391 librarius
1369 2369 1489 2400 parum
1503 2358 1605 2391 intel·

136 2400 259 2442 'geret,
273 2404 407 2433 mutare
432 2401 466 2432 in
491 2400 557 2433 illis
578 2400 682 2434 facile
706 2401 870 2444 potuerit.
912 2402 1013 2434 Ulvoe
1027 2405 1156 2443 autem,
1172 2412 1248 2444 quae
1265 2407 1346 2435 suut
1359 2401 1476 2434 herbae
1492 2402 1606 2443 palus-

124 2449 209 2485 tres,
230 2453 391 2476 ranarum
416 2444 602 2477 stationem
627 2445 758 2488 optime
784 2444 978 2488 designant.
1013 2445 1236 2479 Desbillonius.
1287 2446 1377 2478 Haec
1400 2445 1605 2487 conjectura

124 2487 269 2520 Censori
283 2487 419 2520 erudito
434 2489 470 2520 in
483 2487 527 2522 A.
544 2489 583 2521 L.
599 2488 640 2521 Z.
664 2498 743 2520 ann.
771 2491 868 2521 1786.
894 2498 930 2521 v·
955 2491 1032 2521 476.
1059 2487 1172 2521 facilis
1198 2489 1338 2521 videtur
1364 2493 1402 2521 et
1428 2492 1522 2530 apta,
1537 2488 1605 2520 etsi

123 2531 326 2571 contendat,
342 2541 405 2574 per
417 2531 508 2564 boves
522 2541 592 2564 non
613 2541 750 2573 vaccam,
773 2531 833 2564 sed
858 2531 996 2565 omnino
1020 2537 1176 2564 armenta
1199 2530 1356 2575 (Rinder)
1383 2542 1460 2564 esse
1477 2532 1604 2564 intelli-

122 2573 265 2617 gendas.
309 2574 480 2618 Equidem
497 2575 681 2618 acquiesco
707 2575 742 2607 in
769 2576 987 2618 vulgata—7
1011 2575 1120 2608 Statio
1144 2579 1302 2618 separata.
1347 2575 1390 2607 In
1406 2576 1491 2607 Mss.
1507 2575 1603 2609 Pitb.

787 2684 931 2718 NOTAE

170 2764 187 2794 l
211 2760 360 2795 Humiles
380 2759 523 2793 laborant
543 2759 599 2792 aba·
616 2763 758 2803 potentes
771 2762 836 2793 dis·
891 2760 974 2804 quid
990 2760 1140 2794 delirant
1155 2769 1268 2803 reges,
1281 2760 1486 2803 plectuntur
1497 2760 1602 2795 Achi-

121 2811 242 2856 nident]
258 2811 314 2845 Ad
326 2811 363 2845 id
373 2811 500 2846 Horat.
511 2812 687 2855 apposite:
711 2814 721 2831 ‘
731 2812 834 2847 Quic-
889 2811 949 2845 vi.'
