1806 3236
198 235 288 276 406

202 349 261 375 ιιι.
291 343 346 374 15.
383 340 394 359 ‘
411 339 630 382 Fraudatque
659 343 759 372 natos
796 339 909 372 lacte:

207 392 316 426 Axen.
579 433 583 436 ἢ

245 442 415 483 5'Lntior]
441 442 583 474 Mallem
599 441 705 482 altior,
732 450 797 473 nec
818 440 910 473 enim

203 494 248 527 de
264 495 449 527 latitudine
465 495 659 527 laborabat.
693 493 800 534 Schef.
851 494 910 526 „41-

202 546 268 577 tior
292 545 399 578 habet
427 544 627 588 Anonymus
653 544 838 585 Nielantii3
874 548 910 577 et

203 604 304 628 mox:
331 596 377 628 Te
390 597 531 637 superior
545 600 592 628 est
607 596 670 628 bos.

244 648 266 677 6
290 646 449 688 Intendit]
473 646 515 678 Id
536 651 604 687 est,
631 644 782 678 inflando
804 649 909 687 auget

202 700 241 730 et
266 697 448 730 distendit.
493 698 656 739 Propert.
683 697 779 738 Eleg.
805 705 831 729 1.
855 699 909 730 14.

203 749 213 766 ‘
228 748 275 780 Et
291 757 413 780 nemus
429 758 529 781 omne
546 752 639 781 satas
661 747 820 780 intendat
834 757 909 780 ver-

205 797 277 831 tice
307 798 433 831 silvas)
474 799 555 832 Vid.
582 798 698 840 Sciop.
722 797 910 831 Verisimil.

205 857 263 882 111.
279 851 312 881 4.

247 902 268 931 7
292 899 415 940 Μιῄονε
436 898 522 941 nisu]
542 899 667 942 Virgil.
693 900 770 933 AEn.
785 892 910 932 Πῐ.3’7.

201 948 212 967 ‘
223 949 344 982 Tertia
356 950 417 982 sed
433 954 616 994 postquam
630 951 762 994 majore
775 950 913 984 hastilia

205 1000 279 1032 nisu
297 1000 515 1046 Aggredior!

248 1053 268 1082 8
293 1051 375 1087 Quis
389 1051 488 1092 major
502 1052 599 1095 esset]
634 1053 714 1090 Quis
735 1062 798 1096 pro
817 1051 911 1086 πότε-

204 1112 269 1143 ρος,
291 1102 460 1144 qnomodo
476 1103 568 1144 apud
583 1103 723 1146 Apulei.
740 1104 857 1136 Miles.
869 1113 912 1137 11.

204 1152 214 1169 ‘
230 1151 280 1182 Ut
294 1160 338 1182 ne
360 1153 457 1184 Deus
473 1152 610 1194 quidem
628 1154 821 1195 Delphicus
836 1154 911 1196 ipse

201 1198 306 1232 facile
330 1199 554 1243 discerneret,
580 1203 710 1235 duobus
736 1204 833 1236 nobis
855 1204 911 1246 ja-

205 1249 375 1291 centibus,
387 1251 461 1292 quis
476 1250 528 1294 (id
544 1257 609 1293 est,
625 1252 719 1294 uter)
734 1258 827 1286 esset
842 1263 911 1285 ma·

205 1302 257 1343 gis
272 1301 448 1335 mortuus!
493 1302 548 1335 Ita
562 1304 750 1336 Matthaeus
763 1313 814 1338 lx,
829 1309 860 1337 5.
876 1309 913 1337 et

203 1360 285 1384 κῃ.
302 1354 357 1384 31.
391 1352 462 1385 Ubi
478 1353 589 1385 videri
606 1358 724 1396 potest
742 1355 911 1388 Pricaeus.

205 1402 312 1434 Amen.

246 1453 423 1495 Dixerunt,
453 1454 587 1495 Bovem]
623 1455 835 1488 vaticinium
860 1456 912 1488 in-

205 1513 311 1545 super
348 1505 409 1537 uni
447 1505 580 1537 tribuit·
607 1505 722 1540 Anon.
751 1506 824 1539 fab.
853 1509 908 1540 21.

206 1554 340 1587 Prasch.

248 1607 270 1636 9
298 1605 455 1647 Validius]
475 1606 566 1639 Vide
582 1616 687 1648 supra
702 1605 745 1639 ad
770 1605 841 1641 fab.
858 1610 911 1641 19.

659 244 803 276 NOTAE
835 244 1101 277 VARIORUM
1135 246 1187 277 IN

962 339 1126 373 Heinsius
1142 340 1198 374 hic
1213 341 1331 374 mallet
1345 342 1476 375 caldius.

1005 393 1048 423 1⁰
1062 390 1181 433 Inflare
1194 392 1274 433 sese]
1297 393 1444 434 Elegans
1454 393 1556 435 jocus
1570 392 1664 425 Mar-

963 441 1055 474 tialis
1067 441 1102 474 in
1114 442 1315 482 Otacilium,
1330 453 1373 476 ex
1387 444 1451 476 hac
1466 442 1586 475 fabula
1604 452 1665 486 pe·

964 492 1060 534 titus,
1074 492 1137 534 Ep.
1153 492 1211 525 lib.
1226 503 1260 526 x,
1275 496 1329 526 79.
1354 494 1438 526 Nev.
1481 493 1664 526 Trimalclo

962 543 1144 575 iracundus
1158 542 1202 575 de
1225 543 1412 577 Fortunata
1426 545 1570 587 conjuge
1592 553 1667 584 sua,

962 603 1042 635 cap.
1067 596 1120 627 74.
1152 594 1162 611 ‘
1173 593 1278 626 Inflat
1304 604 1342 627 se
1369 599 1529 638 tanquam
1558 593 1663 628 rana!

959 646 1065 679 Axon.

1003 696 1128 738 Jacuit]
1163 695 1361 739 Usurpatnr
1375 696 1419 728 de
1444 696 1497 738 iis,
1522 695 1582 740 qni
1595 695 1666 729 vio-

961 746 1058 779 lenta
1072 750 1181 779 morte
1197 751 1355 789 pereunt.
1378 746 1467 779 Vide
1480 746 1577 790 Virg-
1591 746 1666 780 AEn.

961 797 1022 832 lib.
1037 807 1071 831 v,
1094 801 1130 830 et
1144 797 1229 830 locis
1241 797 1326 830 aliis.
1348 796 1605 830 Senecxrroad.
1613 806 1666 830 vs.

963 850 1040 882 224.
1061 848 1072 866 ⁴
1089 848 1135 880 Et
1149 857 1253 881 causa
1266 848 1338 880 litis
1361 847 1511 890 regibus,
1524 847 1667 890 Chryse,

959 898 1083 941 jaces!
1105 898 1198 931 Hinc
1213 899 1361 931 Jacentes
1374 908 1435 940 pro
1443 897 1562 931 occisis
1574 897 1668 941 apud

966 949 1071 982 Corn.
1085 947 1180 991 Nep.
1195 949 1359 982 'Hiram-2.
1389 952 1400 968 ⁴
1416 949 1596 982 Neminem
1613 949 1668 992 ja·

966 1005 1104 1033 centem
1119 1004 1217 1033 veste
1233 1000 1422 1042 spoliavit!
1465 1000 1540 1033 Imo
1555 999 1600 1033 de
1611 1009 1669 1034 ca-

965 1051 1148 1083 daveribus
1164 1051 1199 1083 in
1221 1051 1431 1093 universum,
1459 1056 1495 1084 et
1514 1052 1667 1094 proprie.

966 1101 1091 1134 Fabius
1107 1101 1207 1134 Deci.
1224 1110 1264 1134 11.
1285 1102 1296 1120 ‘
1307 1102 1360 1133 Tu
1371 1101 1485 1143 jaces,
1510 1105 1547 1135 et
1560 1102 1596 1135 in
1608 1112 1667 1135 ca-

965 1151 1100 1185 daveris
1114 1152 1370 1184 similitudinem
1387 1162 1492 1195 usque
1517 1153 1669 1186 resoluta

965 1203 1026 1235 es)
1068 1203 1299 1236 Tertullianus
1320 1203 1364 1235 ‹le
1379 1202 1503 1236 Anima
1520 1214 1600 1247 cap.
1611 1207 1667 1238 4⁰.

965 1257 974 1272 ¹
989 1253 1131 1295 Corpus,
1146 1254 1246 1295 quale
1261 1257 1342 1286 ante
1357 1253 1461 1286 vitam
1479 1254 1606 1296 jacuit,
1630 1259 1669 1288 et

966 1304 1068 1346 quale
1085 1307 1164 1345 post
1179 1303 1284 1336 vitam
1296 1303 1456 1345 jacebit?
1493 1305 1669 1338 Caeterum

965 1352 1030 1385 hoc
1047 1354 1122 1386 loco
1133 1363 1210 1386 cum
1225 1354 1294 1385 risu
1308 1354 1454 1396 quodam
1469 1355 1669 1397 usurpatur,

966 1404 1067 1436 simul
1095 1410 1200 1447 atque
1224 1404 1503 1446 exprobratione,
1531 1405 1669 1448 elegan-

966 1458 1021 1487 ter
1033 1465 1044 1486 ε
1065 1454 1234 1497 quomodo
1259 1465 1340 1488 mox
1365 1465 1443 1497 cap.
1458 1458 1512 1489 28.
1528 1456 1543 1474 ‘
1559 1455 1592 1489 0
1610 1466 1669 1490 ca-

965 1506 1029 1548 nis,
1057 1506 1196 1547 merito,
1226 1504 1348 1548 jaces!
1396 1505 1501 1545 δειλή.
1559 1505 1666 1539 ovid.

965 1556 1054 1589 Met.
1069 1565 1095 1589 1.
1110 1558 1185 1589 720.
1198 1557 1208 1574 ‘
1221 1555 1328 1598 Arge,
1338 1555 1464 1598 jaces!
1489 1555 1555 1589 His
1566 1556 1669 1598 adde,

964 1616 1042 1649 quae
1059 1605 1214 1640 Axenius
1230 1606 1377 1649 plurima
1391 1606 1576 1650 constipat.

704 1874 962 1919 FABULA
1011 1875 1180 1919 XXV.

247 2014 268 2044 2
295 2010 340 2044 Et
364 2011 562 2055 deridentur]
599 2014 742 2056 Nescio,
769 2025 812 2048 an
841 2025 911 2048 non

204 2063 336 2095 Noster
351 2063 530 2104 scripserit
543 2065 700 2097 ridentur.
727 2064 845 2098 Schef.

250 2116 269 2145 3
298 2114 400 2145 Canes
422 2114 595 2156 currentes]
632 2115 727 2148 Hinc
746 2116 846 2158 jocus
875 2116 911 2148 in

205 2162 394 2196 Antonium
446 2164 538 2206 apud
579 2165 735 2198 Macrob.
783 2166 842 2199 lib.
868 2176 910 2199 11.

203 2214 214 2232 ‘
229 2215 315 2246 Post
329 2213 445 2256 fugam
468 2215 703 2248 Mutinensem
728 2217 913 2258 quaerenti-

203 2264 268 2297 bus
284 2264 365 2307 quid
383 2268 504 2306 ageret
515 2263 698 2306 Antonius,
710 2265 850 2307 quidam
861 2265 912 2298 fa-

204 2315 344 2347 miliaris
364 2315 440 2356 ejus
466 2315 666 2357 respondit:
690 2316 792 2349 Quod
817 2317 912 2349 canis

203 2363 238 2396 in
263 2365 427 2406 AEgypto,
453 2365 544 2398 bibit
570 2373 607 2398 et
633 2364 749 2407 fugit)
785 2367 910 2400 AElian.

203 2414 272 2457 περὶ
296 2414 392 2456 ζώων.
408 2415 468 2447 lib.
486 2424 521 2448 v.
538 2418 593 2448 53.
618 2417 701 2449 Nev.

249 2466 350 2497 Canes
364 2468 524 2497 currentes
539 2465 656 2507 bibere]
694 2466 846 2499 AElianus
865 2467 909 2500 de

204 2515 352 2548 Animal.
369 2515 428 2548 lib.
444 2524 495 2547 v1.
512 2518 565 2548 53.
611 2516 665 2548 De
680 2516 762 2549 Nilo
774 2520 811 2549 et
826 2518 910 2550 Cro·

202 2564 322 2597 codilis
349 2566 489 2606 egregie
530 2565 681 2598 Achilles
720 2565 840 2598 Tatius
870 2575 907 2599 v.

204 2615 345 2656 Leucip.
360 2619 397 2646 et
413 2615 563 2656 Clitoph.
601 2615 732 2647 Plinius
746 2615 807 2648 lib.
823 2626 907 2650 vul.

203 2664 213 2682 ‘
228 2665 369 2696 Certum
396 2664 472 2706 est‚’
495 2665 619 2707 inquit,
643 2665 766 2707 ‘juxta
787 2665 907 2699 Nilum

204 2725 336 2747 amnem
353 2725 456 2748 canes
472 2720 652 2748 currentes
678 2716 840 2758 lambere,
861 2726 906 2749 ne

207 2766 459 2798 crocodilorum
496 2767 655 2800 aviditati
690 2768 905 2801 occasionem

203 2817 404 2857 praebeant?
428 2817 508 2858 Rig.

1012 2016 1183 2048 Cur-rentes
1199 2015 1302 2048 bibere
1326 2015 1362 2047 in
1391 2013 1483 2057 Nilo]
1505 2014 1636 2056 Malim,
1649 2024 1668 2049 e

965 2065 1056 2098 Nilo.
1081 2066 1213 2098 Notum
1229 2069 1283 2098 est
1297 2070 1412 2098 autem
1428 2066 1644 2108 proverbium
1661 2077 1670 2099 z

964 2116 1159 2159 ‘Tanquam
1184 2117 1280 2149 canis
1308 2126 1328 2149 e
1356 2117 1464 2158 Nilo,'
1493 2115 1538 2149 de
1562 2116 1669 2150 nimia

965 2166 1197 2200 festinatione.
1223 2167 1310 2199 Ritt.

1008 2218 1049 2250 In
1077 2218 1168 2259 Nilo]
1218 2218 1469 2251 Rittershusius
1503 2218 1669 2260 malebat,

965 2259 1085 2300 e'Nilo.
1129 2268 1235 2306 Quid,
1262 2268 1291 2300 si
1306 2268 1448 2310 propius
1460 2268 1667 2311 scripturam

964 2322 1119 2351 veterem
1135 2318 1288 2351 dicamus
1313 2328 1354 2351 ex
1370 2319 1449 2350 Nilo
1463 2318 1668 2361 legendum?

963 2368 1034 2401 Sed
1071 2372 1190 2410 posset
1223 2368 1300 2410 quis
1334 2367 1482 2400 fortasse
1517 2368 1667 2401 retinere

965 2419 1156 2460 vulgatum,
1166 2422 1203 2451 et
1213 2418 1298 2451 illud
1313 2419 1348 2451 in
1363 2418 1441 2450 Nilo
1456 2417 1585 2451 referre
1599 2427 1667 2451 non

964 2468 1008 2500 ad
1038 2468 1251 2501 antecedens
1282 2468 1398 2507 bibere,
1434 2467 1495 2500 sed
1521 2477 1666 2510 sequens

965 2519 1153 2559 crocodilis,
1167 2522 1208 2551 ut
1233 2519 1302 2551 sint
1330 2518 1486 2550 Crocodili
1512 2519 1548 2550 in
1574 2519 1666 2561 Nilo,

962 2569 1021 2611 qui
1046 2568 1094 2601 ibi
1122 2569 1266 2610 degunt,
1292 2572 1352 2601 aut
1373 2568 1545 2601 habitant.
1588 2569 1667 2602 Nisi

961 2620 1064 2661 plane
1078 2629 1292 2660 censeamus,
1312 2618 1414 2650 bibere
1436 2618 1473 2650 in
1488 2619 1567 2651 Nilo
1582 2619 1667 2662 dici,

960 2669 1051 2701 sicut
1073 2669 1174 2701 bibere
1196 2669 1232 2701 in
1252 2670 1371 2710 poculo.
1414 2669 1588 2702 Martialis
1603 2670 1665 2704 lib.

959 2727 1038 2751 xxv.
1061 2719 1094 2750 in
1120 2719 1254 2751 Pocula
1269 2719 1481 2761 archetypat
1503 2721 1513 2738 ‘
1530 2721 1665 2754 Primus

958 2770 994 2802 in
1006 2770 1058 2802 his
1074 2770 1226 2812 Mentor,
1248 2769 1329 2802 dum
1351 2769 1440 2803 facit
1465 2770 1536 2812 illa,
1548 2771 1663 2806 bibit!

961 2820 1080 2853 Florus
1095 2819 1152 2867 lib.
1165 2829 1225 2854 111.
1240 2822 1273 2855 4.
1295 2819 1448 2865 ‘Bibere
1473 2821 1509 2854 in
1531 2822 1662 2856 ossibus
