1806 3236
213 241 301 287 698

214 348 307 380 mine
323 346 366 379 ad
382 345 506 379 Nicob.
521 347 667 388 patrem,
677 354 727 378 vs.
742 347 818 377 1⁰1.
847 348 920 377 Και·

215 400 280 441 ροΐο
293 397 470 438 λαβώμεθα,
483 395 520 429 δν
539 394 706 438 προσιόντα
729 395 816 428 ἐστὶν
831 395 928 438 ὄλεῖν,

214 450 321 492 ζητεῖν
348 448 382 481 δὲ
410 446 639 491 παραθρέξαντα
669 446 809 488 μάταιον.
866 448 924 481 Sic

216 500 370 534 Michael
399 499 618 541 Hospitalius
645 499 680 531 in
704 498 924 532 Carminibus

215 550 477 584 eruditissimis:
511 550 522 568 ‘
550 550 791 583 Praeter-missa
818 551 925 583 semel

216 602 348 637 referet
377 611 413 633 se
444 601 593 634 Occasio
618 600 818 644 nunqnam!
870 602 931 633 De·

216 653 324 686 verbo
350 652 575 694 reprehendere
597 652 670 694 jam
694 652 729 684 in
754 652 818 684 hac
847 651 926 684 luce

218 705 412 737 litterarum
439 712 528 745 pene
555 712 848 746 supervacaneum
874 706 929 735 est

219 756 419 796 admonere,
435 754 471 786 id
494 754 549 787 hic
571 764 640 787 non
661 764 738 787 esse
761 754 928 795 αἰτιᾶσθαι,

221 805 407 848 μέμφεσθαι,
438 806 494 839 vel
528 805 739 847 ἐγκαλεῖσθαι,
770 810 809 839 ut
844 806 928 838 alias

219 857 313 899 fere3
340 857 402 890 sed
431 865 528 889 more
557 857 675 890 Plauti
704 861 741 891 et
769 857 929 890 Terentii

220 909 301 952 poni
313 919 375 952 pro
387 909 567 950 ἆναλαβεῖν,
580 909 671 952 quod
682 913 747 952 est,
757 910 929 951 recipere.

221 959 389 1001 Exempla
404 968 448 991 ex
456 959 605 992 Comicis
614 955 810 993 obser-ravit
819 960 842 994 J
846 969 929 993 auus

222 1010 414 1043 Gulielmus
429 1010 562 1044 Quaest.
581 1011 696 1044 Plant.
724 1011 809 1044 Rict.

270 1061 418 1102 Elapsum
427 1060 537 1103 semel]
550 1061 665 1094 Plant.
675 1062 778 1105 Capt.
796 1062 807 1080 ‘
817 1062 931 1095 Semel

221 1109 377 1152 fugiendi
389 1111 419 1143 si
432 1111 514 1144 data
527 1115 580 1144 est
595 1112 743 1155 occasio,
755 1113 845 1146 Satis
857 1117 911 1146 est
922 1123 932 1154 ;

223 1173 397 1207 nunquam
416 1168 497 1206 post
511 1164 604 1197 illem
616 1165 725 1208 possis
741 1165 934 1208 prendere!

266 1267 288 1296 4
305 1265 377 1297 Non
387 1264 453 1307 ipse
463 1265 608 1308 Jupiter]
630 1266 855 1300 Proverbiale
866 1268 932 1300 hoc

226 1313 374 1347 videtur.
417 1314 476 1348 Sic
492 1315 680 1349 Palinurus
698 1316 790 1358 apud
806 1317 933 1349 Poeta-

226 1374 301 1396 rum
329 1366 460 1407 Regem
490 1367 566 1399 AEn.
587 1377 623 1400 v.
658 1369 668 1385 ‘
686 1368 781 1409 Non,
801 1368 830 1400 si
851 1368 933 1400 mibi

226 1415 368 1458 Jupiter
383 1420 504 1449 auctor
518 1418 710 1459 Sponden,
722 1419 786 1451 hoc
797 1429 933 1461 sperem

226 1467 364 1500 Italiam
380 1468 583 1510 contingere
599 1468 710 1502 coelo!
735 1470 847 1503 Quem
860 1470 935 1512 qui-

228 1517 307 1550 dem
321 1527 457 1550 versum
472 1518 489 1549 ὂ
503 1516 586 1551 πάνυ
600 1518 752 1560 Scaliger
771 1519 936 1552 Poetices

226 1578 287 1603 111.
310 1572 361 1603 16.
376 1575 547 1603 moratum
564 1574 676 1613 putat,
696 1571 741 1603 ob
754 1575 936 1604 nautarum

229 1620 455 1662 impietatem.
499 1621 554 1653 Ae
576 1630 659 1654 sane
689 1621 833 1663 impium
859 1631 937 1654 esse

230 1671 363 1704 dictum
387 1672 444 1704 vel
472 1671 548 1705 haec
569 1671 768 1705 Ausoniam
788 1672 938 1714 firmant,

230 1721 342 1763 Epist.
373 1722 418 1754 ad
447 1723 615 1756 Theodos.
657 1725 668 1742 ‘
690 1723 888 1766 Agricolam
910 1724 938 1757 si

231 1771 322 1804 flava
336 1773 443 1805 Ceres
452 1773 541 1805 'dare
557 1774 687 1805 semina
697 1780 814 1815 terrae,
827 1774 939 1807 Gran-

234 1823 333 1856 divus
345 1823 471 1865 jubeat
496 1823 525 1855 si
547 1832 671 1866 capere
688 1832 782 1856 arma
805 1824 941 1866 ducem,

232 1875 373 1907 Solvere
399 1875 443 1907 de
468 1880 572 1917 portu
595 1875 740 1908 classem
755 1874 942 1917 Neptunus

233 1928 420 1967 inermem3
446 1926 570 1960 Fidere
591 1931 662 1959 tam
678 1926 732 1959 fas
757 1931 823 1969 est,
838 1936 940 1970 quam

234 1978 394 2010 dubitare
423 1977 532 2010 nefas.
595 1978 757 2010 Insanum
785 1978 942 2020 quamvis

233 2030 362 2062 hiemet
383 2039 491 2071 mare,
516 2029 695 2071 crudaque
721 2029 824 2062 tellus
837 2029 945 2061 Semi-

236 2079 350 2120 nibus,
364 2080 455 2112 bello
470 2089 535 2113 nec
552 2080 634 2113 satis
647 2084 730 2122 apta
742 2089 873 2120 manus,
885 2081 945 2114 Nil

238 2130 377 2163 dubites
392 2135 534 2164 auctore
550 2131 658 2164 bono:
682 2132 842 2163 mortalia
852 2140 944 2173 quae-

237 2187 317 2215 runt
331 2182 520 2220 Consilium
532 2193 542 2223 ;
567 2187 682 2216 certus
691 2183 790 2225 jussa
801 2192 947 2225 capesse

237 2233 328 2267 Dei!
365 2234 437 2266 Sed
462 2243 575 2267 annon
591 2233 648 2266 illa
672 2235 777 2266 etiam
806 2234 949 2276 locutio,

239 2294 341 2327 quam
356 2285 528 2318 Phaedrus
551 2285 607 2317 hie
633 2289 792 2327 usurpat,
809 2284 948 2317 similes·

240 2345 307 2377 que
329 2336 418 2376 aliae,
432 2335 628 2382 gvid.Plin.
644 2335 692 2367 H.
717 2335 763 2368 N.
776 2345 819 2367 ιι.
835 2338 868 2368 7.
888 2334 947 2367 fin.

241 2392 279 2419 et
295 2387 400 2419 Corn.
424 2386 572 2419 Martini
594 2386 792 2428 Metaphys.
813 2385 949 2427 cap..de

240 2439 401 2480 potentia
434 2438 565 2480 activa)
591 2448 622 2471 v.
647 2447 679 2479 g.
723 2438 733 2455 ‘
759 2438 855 2469 Deus
881 2447 949 2468 non

240 2494 357 2533 potest
377 2491 623 2532 virginitatem
652 2489 857 2527 restituere3
899 2487 950 2520 fa-

241 2551 333 2580 cere,
359 2545 399 2574 ut
422 2542 473 2574 bis
496 2541 564 2573 duo
586 2550 656 2573 non
678 2540 747 2572 siut
770 2543 919 2582 quatuor
930 2538 950 2578 ;’

243 2597 283 2624 ut
297 2592 445 2624 maxime
461 2601 554 2624 verae
572 2591 770 2630 videantur,
783 2588 826 2621 ad
841 2593 950 2621 teme·

242 2643 358 2675 ritatis
382 2641 468 2674 fines
497 2642 676 2683 accedant,
702 2645 805 2683 atque
825 2639 905 2672 ideo
931 2649 951 2671 a

244 2692 462 2733 Christianis,
478 2692 600 2734 quibus
617 2701 684 2723 non
710 2691 776 2723 nisi
792 2699 952 2723 reveren-

245 2743 378 2775 tissime
404 2748 440 2776 et
464 2752 541 2775 cum
567 2746 717 2775 tremore
743 2742 787 2774 de
803 2743 882 2774 Deo
904 2742 953 2773 lo-

247 2791 431 2836 quendum,
441 2794 570 2826 rectius
578 2793 810 2835 declinentur,
819 2792 957 2832 dnbit0;

247 2850 352 2889 atque
376 2855 417 2879 eo
446 2846 565 2887 magis,
591 2845 682 2887 quod
704 2846 823 2877 ‘tanta
847 2844 954 2877 homi-

680 248 824 281 NO'rAE
855 249 1126 282 VARIORUM
1160 247 1212 280 IN

971 354 1054 377 num
1080 347 1134 377 est
1159 344 1298 377 caecitas
1324 346 1362 377 et
1387 342 1496 386 caligo
1517 341 1553 376 in
1575 342 1678 377 rehu!

973 395 1110 437 divinis,
1121 398 1160 428 nt
1170 395 1293 430 Cicero
1306 395 1432 428 alicubi
1443 404 1524 428 vere
1534 394 1679 437 dixerit,

975 446 1018 478 de
1035 446 1111 481 Deo
1136 446 1241 479 etium
1262 453 1346 478 vera
1369 445 1487 478 ‹itccre
1509 444 1684 488 pen-lentos*

975 507 1048 530 sum
1065 506 1141 530 esse
1153 496 1177 538 ς’
1198 496 1305 530 verba
1319 500 1399 529 sunt
1412 496 1518 530 Corn.
1531 494 1683 529 Martini*

974 549 997 580 l.
1024 557 1056 581 c.
1087 558 1123 590 p.
1157 549 1232 580 326.
1271 547 1328 580 cui
1357 546 1480 580 adhibe
1523 546 1677 590 mpsim

975 598 1082 632 Polit.
1109 608 1136 632 r.
1161 601 1194 632 2.
1220 601 1254 630 8.
1277 598 1323 631 N.
1367 597 1414 630 Et
1446 597 1550 640 finge,
1578 606 1683 631 secus·

976 650 1041 683 hoc
1069 659 1168 682 esse:
1211 652 1339 690 tamen,
1365 651 1406 681 ut
1433 655 1501 681 non
1530 648 1685 691 pessime

976 701 1135 742 Thomas,
1146 703 1156 719 ‘
1166 699 1428 732 convenientius
1437 698 1579 740 dicitnr,
1589 698 1696 741 quod-

979 761 1019 784 ea
1034 761 1102 784 non
1118 755 1260 793 possunt
1271 749 1361 793 fieri,
1370 758 1471 793 quam
1482 749 1573 793 quod
1582 745 1686 784 neu-⁴

979 811 1021 834 ea
1032 811 1100 834 non
1118 801 1226 844 possit
1238 800 1380 834 faceres
1411 794 1561 835 Pmchs

1022 851 1274 895 Reprekendere]
1331 850 1546 884 Prehensum
1586 853 1685 884 retro

979 905 1128 946 trahere,
1159 903 1310 946 proprie.
1362 903 1484 936 Cicero
1506 899 1618 936 scau.
1631 902 1687 934 ivl

981 957 991 974 ‘
1007 956 1164 987 Revocat
1176 954 1296 994 virtus,
1308 954 1363 987 vel
1378 953 1493 996 potius
1503 951 1688 996 reprelien-¹

981 1006 1035 1038 dit
1048 1005 1175 1038 manu?
1210 1004 1312 1037 Adde
1335 1003 1430 1037 Nob.
1443 1001 1627 1036 Heiusinm
1641 1001 1689 1035 nd

982 1056 1086 1090 Ovid.
1101 1056 1190 1089 Met.
1213 1055 1275 1088 lib.
1291 1062 1376 1087 xm.
1397 1064 1449 1088 vs.
1471 1052 1548 1087 285.
1570 1054 1612 1086 et
1623 1049 1692 1086 lib:

982 1118 1046 1142 xv.
1069 1117 1119 1141 vs.
1132 1111 1209 1141 525.
1236 1110 1274 1140 et
1295 1106 1470 1149 Guyetum
1488 1103 1531 1138 ad
1544 1102 1690 1150 Terent}

983 1158 1085 1195 Adel.
1113 1163 1180 1193 act.
1208 1167 1260 1192 ιν.
1293 1168 1342 1191 sc.
1369 1160 1402 1193 4.
1438 1156 1546 1197 Schts.
1594 1154 1690 1189 vm

983 1213 1130 1245 Bernec.
1143 1215 1180 1245 et
1194 1210 1310 1244 vorat.
1322 1210 1366 1243 ad
1382 1206 1468 1243 lust.
1480 1211 1645 1242 xxxvm'.
1655 1206 1691 1240 9:

1026 1267 1046 1296 6
1070 1261 1255 1306 Significat]
1308 1261 1447 1303 Nempe
1477 1259 1532 1292 vir
1554 1256 1612 1292 ἤι’
1629 1257 1692 1291 ‹le-¹

984 1314 1109 1356 pictus,
1124 1312 1178 1346 vel
1192 1304 1307 1345 fictus.
1351 1310 1516 1354 Alioquin
1530 1310 1596 1342 hoc
1615 1316 1691 1341 ver-

984 1367 1064 1399 bum
1090 1376 1158 1399 non
1184 1366 1288 1398 habet
1309 1363 1554 1398 nominativum
1580 1373 1602 1395 a
1623 1371 1692 1405 quo
1739 1372 1742 1374 ·

985 1421 1141 1459 regatur:
1170 1415 1262 1459 quod
1278 1415 1335 1448 vel
1357 1413 1496 1446 unicum
1511 1411 1691 1446 satis'con-

984 1466 1098 1499 firmat
1110 1470 1261 1498 nostram
1282 1465 1492 1507 superiorem
1507 1462 1696 1496 emendati-

986 1527 1098 1550 onem.·
1122 1516 1211 1549 Rite.
1685 1524 1697 1528 ⁸*

1031 1571 1052 1601 7
1076 1567 1249 1610 Temporis]
1299 1565 1422 1608 Καιροῦ.
1459 1563 1612 1598 Ausonio
1640 1564 1696 1611 est

989 1621 999 1639 ‘
1023 1619 1281 1662 Tempestivum
1317 1614 1478 1659 tempus,'
1523 1615 1561 1648 in
1597 1613 1695 1648 Ludo

990 1675 1122 1713 septem
1139 1669 1221 1712 Sap.
1233 1669 1332 1712 cujus
1354 1673 1391 1700 et
1407 1665 1587 1709 imaginem
1602 1664 1698 1698 exbi-

989 1722 1052 1754 bet
1065 1720 1183 1763 Epigr.
1197 1728 1266 1752 xn.
1299 1717 1587 1752 AdiP.Mexiam
1601 1715 1698 1758 Sym

989 1772 1072 1805 Var.
1087 1773 1185 1804 Lect.
1199 1779 1248 1804 ιν.
1263 1773 1296 1803 8.
1329 1769 1475 1802 Interim
1488 1766 1602 1810 χρόνον
1615 1771 1698 1810 quo-

990 1831 1055 1865 que
1065 1820 1213 1864 effigiem
1225 1820 1353 1863 pictam
1364 1819 1462 1852 nobis
1469 1818 1697 1861 reliquerunt,

992 1882 1108 1906 senem
1121 1873 1261 1914 alatum,
1272 1871 1331 1914 qui
1340 1869 1456 1913 capite
1465 1868 1698 1911 clepsydram,

992 1932 1094 1956 manu
1104 1922 1240 1964 falcem,
1252 1921 1352 1964 gerit.
1374 1919 1572 1963 Symbolum
1582 1922 1699 1952 autem

994 1972 1067 2017 ejus
1093 1977 1290 2016 serpentem
1316 1967 1624 2005 essevoluer'unt:
1656 1977 1699 2001 eo

996 2026 1086 2069 quod
1111 2026 1233 2066 longus
1259 2023 1318 2065 sit,
1339 2026 1376 2055 et
1395 2020 1513 2054 multis
1537 2019 1640 2063 spiris
1659 2024 1700 2052 uc

995 2074 1224 2109 voluminibus
1253 2083 1329 2106 sese
1355 2074 1511 2114 regyret,
1533 2073 1701 2112 repstque

997 2128 1073 2160 sine
1105 2125 1265 2168 strepitu.
1309 2123 1396 2165 Legi
1425 2124 1541 2164 potest
1566 2118 1700 2152 Allard.

997 2179 1181 2212 Uclitman.
1203 2176 1334 2210 Annot.
1348 2174 1392 2207 ad
1413 2174 1568 2207 Examen
1583 2169 1703 2203 muudi

998 2231 1040 2263 R.
1065 2229 1096 2262 1.
1125 2227 1355 2266 Badreshitae,
1383 2222 1545 2266 Hispani,
1572 2229 1609 2264 p.
1625 2222 1703 2253 288.

997 2282 1058 2314 ubi
1095 2285 1133 2313 et
1158 2278 1226 2312 alia
1257 2277 1413 2320 quaedam
1443 2275 1632 2316 sequuntur
1657 2270 1703 2303 de

997 2332 1165 2374 Tempore
1181 2334 1218 2362 et
1230 2327 1434 2361 Occasione.
1469 2323 1628 2366 Denique
1643 2330 1705 2364 per

1000 2383 1186 2424 aenigmata
1213 2387 1346 2422 quoque
1362 2375 1576 2418 effigiarunt:
1600 2373 1704 2418 quale

1000 2431 1273 2475 antiquissimum
1282 2427 1367 2461 illud
1376 2425 1468 2468 apud
1477 2424 1684 2457 Athenaeum
1695 2433 1704 2455 ι

997 2484 1035 2517 Τί
1046 2481 1160 2516 ταυτόν
1180 2482 1278 2522 ἐστιν,
1293 2478 1425 2519 οὐδαμοῦ
1444 2475 1495 2508 καὶ
1517 2473 1703 2515 πανταχοΰς

1000 2536 1032 2568 Α
1045 2544 1111 2577 quo
1122 2543 1191 2566 non
1206 2531 1325 2574 procul
1338 2529 1499 2562 abhorret
1513 2530 1614 2559 vetus
1629 2525 1705 2566 epi-

1000 2594 1174 2628 grammu3
1199 2581 1258 2614 Καὶ
1273 2580 1315 2622 μὴ
1329 2577 1509 2621 φαινόμενος
1519 2575 1592 2608 τοὺς
1601 2581 1717 2619 φαινο(

999 2635 1108 2677 μένους
1122 2632 1273 2676 ἀφανίζει,
1298 2630 1359 2663 Καὶ
1379 2629 1423 2670 μὴ
1445 2625 1642 2670 φαινομένους
1663 2625 1707 2659 εἰς

1000 2686 1131 2729 φανερὸν
1143 2682 1297 2727 προφέρει.
1319 2680 1453 2715 Prason.
1478 2679 1557 2712 Non
1579 2677 1706 2719 simpli·

1001 2738 1102 2777 citer,
1118 2734 1179 2768 sed
1195 2735 1283 2776 ejus,
1298 2731 1388 2775 quod
1404 2735 1485 2763 ante
1498 2729 1588 2766 dixit
1611 2730 1622 2747 ‘
1636 2729 1706 2762 Oc-

1002 2784 1198 2826 casionem,’
1211 2784 1244 2816 h.
1261 2793 1291 2815 e.
1315 2779 1634 2824 Opportunitatem.
1659 2779 1708 2810 Et

1003 2839 1053 2873 sic
1083 2828 1175 2880 saepe
1204 2834 1320 2869 Graeci
1345 2835 1523 2875 usurpant.
1567 2828 1705 2864 cornel.
