1806 3236
410 220 611 254 ruAEmu
647 219 758 253 rsa.
792 220 1095 253 AESOPIARUM
1132 220 1229 253 mu.
1264 221 1293 251 1.
1326 210 1368 253 9.

1542 211 1630 253 357

689 489 948 534 FABULA
999 491 1092 534 IX.

197 635 407 679 Consiliator]
440 636 499 671 Sic
512 636 572 672 lib.
589 647 630 671 ιι.
643 640 676 671 6.
700 637 712 656 ‘
729 636 767 672 Si
783 647 866 671 vero

150 687 300 723 secessit
314 688 514 724 consiliator
526 688 727 723 maleficus?
761 688 867 722 Avie-

147 748 214 772 nus
227 737 298 773 fab.
316 748 427 775 xxvi.
448 741 460 760 ‘
475 741 566 774 Nam
583 741 740 784 quamvis
757 741 866 775 rectis

147 795 287 825 wustet
301 792 476 826 sententia
502 792 632 834 verbis,
657 793 866 835 Suspectam

147 839 237 875 huuc
252 841 393 875 rabidus
408 842 612 876 consiliator
621 843 752 876 habet!
791 843 866 877 Pli-

149 892 227 926 nius
242 893 357 936 Epist.
372 894 431 928 lib.
446 903 498 928 1v.
514 897 567 928 17.
592 895 603 914 ‘
619 893 686 927 Ille
697 894 733 927 in
749 894 865 928 incho-

149 943 248 977 andis
262 944 432 979 deductor
447 950 486 979 et
511 955 639 984 eomes,
665 946 726 979 ille
746 955 866 988 geren-

147 994 202 1028 dis
215 995 416 1034 consiliator
429 1000 468 1030 et
481 996 623 1036 rector:
677 997 789 1029 Vetus
805 997 863 1029 In-

149 1049 288 1089 terpres
300 1047 428 1082 Juven.
442 1047 518 1082 Sat.
534 1057 591 1081 ιιι.
605 1051 660 1081 46.
685 1048 863 1081 consiliari-

128 1134 130 1137 ,
148 1097 208 1131 lus
230 1097 321 1132 dixit
345 1108 423 1141 pro,
444 1098 732 1133 consiliatoribus.
781 1099 864 1132 Con-

145 1148 284 1191 siliator,
297 1149 530 1192 consiliarius,
543 1149 753 1194 βουληφόρος.
796 1151 865 1184 Cu·

138 1200 215 1244 jac.
229 1201 381 1236 Pan-stit.
405 1211 432 1235 1.
458 1202 548 1236 cod.
570 1203 628 1236 De
643 1203 863 1238 Adsessorib.

146 1252 326 1287 domestic.
353 1255 422 1287 sce.
459 1257 497 1287 et
534 1253 578 1287 ad
604 1255 733 1288 Novel.
760 1263 862 1288 cxlx.

190 1365 210 1396 1
233 1361 309 1396 Sibi
317 1373 381 1396 aon
394 1363 521 1406 caven]
546 1365 666 1399 Carere
679 1366 776 1400 alicui
789 1375 866 1409 pro-

146 1413 222 1457 prie
251 1413 296 1447 de
324 1414 585 1449 jurisconsulto
617 1416 759 1459 dicitur,
785 1427 863 1450 cum

147 1465 296 1498 amicum
310 1466 368 1498 vel
383 1467 619 1500 consultorem
634 1467 778 1501 instruit
792 1478 865 1501 mo·

145 1515 231 1549 uitis
257 1520 296 1549 et
321 1516 478 1560 consilio,
502 1527 548 1550 ne
573 1528 670 1551 suam
694 1519 864 1553 conditio-

146 1576 228 1600 nem
259 1567 367 1602 faciat
403 1567 628 1611 deteriorem,
661 1570 721 1603 sed
748 1570 865 1614 potius

146 1618 337 1652 meliorem.
395 1619 490 1652 Hinc
514 1619 642 1653 Cicero
663 1620 698 1653 in
722 1619 864 1664 praefat.

144 1669 359 1713 'topicorum
374 1669 418 1703 ad
431 1670 631 1706 Trebatium
656 1672 725 1707 JC.
745 1671 756 1691 ‘
774 1673 863 1706 Cum

146 1724 186 1754 tu
197 1720 282 1753 mihi
295 1719 449 1764 meisque
459 1729 554 1764 sepe
565 1723 676 1756 multa
688 1723 864 1758 cavisses!

145 1770 307 1806 Eundem
321 1775 439 1805 nmen
451 1772 618 1815 suggillat
628 1773 664 1806 in
677 1773 862 1816 Epistolis:

143 1823 155 1841 ⁴
171 1823 301 1856 Melius
325 1823 358 1857 ei
383 1833 511 1858 cavere
537 1824 629 1865 volo,
656 1835 760 1869 quam
786 1826 863 1869 ipse

146 1873 224 1909 aliis
237 1874 352 1909 solet!
399 1875 458 1910 Sic
482 1875 537 1909 De
561 1875 668 1910 Offic.
691 1878 703 1896 ‘
720 1877 763 1910 In
780 1878 864 1921 jure

147 1934 273 1960 cavere
299 1930 336 1960 et
362 1926 510 1960 consilio
529 1927 680 1970 juvare?
723 1928 794 1962 Sed
820 1929 864 1963 de

147 1977 215 2011 hoe
241 1981 284 2011 nt
312 1981 351 2012 et
380 1978 424 2012 de
454 1979 593 2012 caeteris
623 1979 759 2013 duobus
780 1981 865 2015 Jcti

147 2029 350 2063 muneribus
362 2029 444 2063 vide
459 2030 519 2064 Fr.
535 2030 750 2063 Hotomanni
766 2031 865 2064 libel-

146 2080 231 2120 lum,
243 2081 360 2124 quem‘
367 2081 865 2126 Juriseonsultum'inscripsit.

148 2131 284 2166 Notum
310 2135 365 2166 est
390 2136 506 2166 autem
522 2133 609 2166 illud
624 2134 866 2178 Euripideum,

150 2193 218 2226 qno
234 2187 272 2216 et
287 2183 413 2217 Cicero
427 2184 539 2217 utitur
553 2195 563 2218 ι
587 2186 678 2217 Mac&
691 2185 863 2228 σοφιστὴν,

148 2234 237 2269 ὅστις
261 2234 318 2268 οὐκ
343 2236 431 2277 αὑτᾷ
453 2235 563 2279 σοφός·
598 2237 665 2270 Οιὶι·
691 2238 864 2281 sapientem

147 2286 204 2330 qui
217 2286 357 2329 sibiipsi
379 2297 441 2320 non
460 2288 558 2330 sapit.
609 2288 758 2322 Ovidius
781 2299 863 2333 quo-

147 2347 216 2382 que
230 2338 264 2371 in
277 2338 571 2372 Jurisconsultum
588 2348 705 2372 amore
721 2344 863 2382 captum

146 2389 197 2423 ita
222 2389 332 2423 ludit:
365 2390 376 2408 ‘
392 2390 460 2423 Illo
493 2400 587 2434 saepe
622 2392 699 2425 loco
724 2393 864 2435 capitur

148 2442 325 2475 consultus
338 2451 464 2475 amore.
508 2443 647 2486 Quique
668 2444 744 2477 aliis
759 2444 864 2487 cavit,

149 2502 217 2526 nec
231 2497 333 2526 cavet
348 2493 423 2535 ipse
435 2491 523 2525 sibi?
546 2493 633 2526 Rite.

193 2545 266 2578 Sibi
279 2555 341 2578 non
354 2554 474 2586 cavere,
498 2544 571 2588 qma]
615 2545 778 2579 Imitatur
799 2548 863 2580 Te-

150 2597 300 2631 rentium
315 2598 449 2631 Heaut.
466 2601 536 2630 act.
549 2606 583 2629 v.
599 2607 647 2631 sc.
664 2600 694 2631 l.
716 2598 726 2616 ‘
739 2599 864 2631 Nonne

150 2649 187 2682 id
221 2647 391 2692 flagitium
422 2652 488 2691 est,
519 2652 553 2681 te
577 2648 652 2682 aliis
683 2650 864 2682 consilium

151 2700 248 2744 dare,
273 2701 372 2735 Foris
397 2710 532 2743 sapere,
564 2700 630 2734 tibi
665 2710 737 2734 non
763 2711 865 2744 posse

154 2753 351 2786 auxiliarier
363 2752 388 2785 ?'
431 2753 518 2785 Gna.

195 2807 216 2837 8
234 2805 423 2847 Oppressum
434 2804 472 2837 ab
483 2803 607 2846 aquila]
622 2803 786 2837 Proxime
798 2804 865 2838 huc

154 2854 291 2889 accedit
304 2854 461 2890 Abstem.
478 2856 563 2889 Fab.
579 2858 653 2889 141.
679 2856 813 2890 Prasch.

961 638 1087 682 Fletus]
1124 637 1264 671 Omissa
1279 636 1540 680 conjunctione,
1556 645 1633 679 pro,

917 692 953 722 et
967 687 1084 722 fletus.
1129 689 1243 722 Varro
1258 689 1410 732 Myster.
1430 687 1441 706 ‘
1458 686 1538 721 Una
1557 696 1636 730 pes-

917 739 1066 783 tilentia,
1088 740 1224 774 hostica
1239 740 1331 773 acies
1346 742 1480 782 puncto
1496 742 1631 781 tempo-

915 791 962 824 ris
978 791 1143 825 immanes
1163 800 1308 824 aeervos
1322 789 1432 824 facit!
1478 789 1581 823 eurt.
1596 799 1634 822 v.

917 845 949 875 1.
970 841 982 860 ‘
998 842 1172 876 Euntibus
1201 852 1222 874 a
1249 845 1351 884 parte
1377 841 1467 874 laeva
1492 839 1636 883 Arabia,

915 894 1061 928 odorum
1076 894 1266 928 fertilitate
1283 893 1408 927 nobilis
1420 893 1530 936 regio,
1542 903 1636 926 cam·

914 950 1034 990 pestre
1050 946 1120 979 iter
1134 945 1214 979 est!
1238 946 1349 986 Schef.

958 998 1071 1030 Fletus
1085 999 1231 1030 edentem
1251 996 1383 1039 graves]
1427 997 1485 1030 Sic
1501 996 1634 1030 Noster

913 1047 1026 1084 infra:
1057 1048 1180 1082 ‘Tune
1214 1048 1366 1082 moriens
1393 1058 1515 1083 vocem
1546 1049 1635 1081 hane

914 1100 1062 1134 edidisse
1079 1099 1240 1142 dicitur3'
1276 1110 1380 1143 quem
1403 1100 1519 1132 locum
1544 1100 1634 1133 male

912 1152 1103 1186 sollicitant
1119 1151 1184 1184 viri
1200 1151 1307 1185 docti.
1343 1151 1402 1184 Sic
1418 1150 1542 1185 Cicero
1551 1151 1637 1183 Tus·

915 1205 984 1238 cul.
1009 1204 1143 1239 Quaest.
1169 1213 1211 1236 ιι.
1235 1206 1245 1223 ⁴
1263 1202 1433 1235 Videmus
1456 1200 1579 1234 rudem
1594 1201 1637 1234 il-

914 1257 987 1290 lum
1009 1260 1046 1288 et
1069 1254 1355 1292 inexercitatum,
1382 1252 1538 1297 quamvis
1564 1252 1634 1285 levi

913 1308 1001 1350 ictu,
1017 1308 1174 1351 ploratus
1190 1305 1410 1349 turpissimos
1425 1303 1556 1338 edere.'
1587 1303 1637 1337 Et

915 1360 1034 1403 paullo
1050 1363 1132 1392 ante
1145 1358 1328 1401 Sophoclis
1341 1355 1453 1390 verba
1468 1359 1609 1388 vertens
1623 1365 1633 1388 :

913 1412 924 1432 ‘
940 1412 1023 1445 Heu
1056 1410 1261 1454 virginalem
1296 1418 1352 1442 me
1389 1408 1565 1451 ploratum
1599 1415 1636 1439 e·

915 1464 999 1498 dere
1013 1463 1034 1496 !'

956 1519 978 1549 4
1006 1515 1071 1549 Ubi
1082 1513 1272 1558 pernicitas]
1294 1511 1583 1554 Elegantissimus
1597 1510 1634 1542 in

914 1566 1241 1609 exprobrationibus
1267 1569 1305 1597 et
1330 1557 1543 1596 irrisionibus
1580 1565 1635 1594 est

914 1627 995 1651 usus
1010 1617 1194 1661 particulae
1218 1615 1285 1649 ubi.
1330 1614 1502 1656 Exempla
1527 1612 1637 1655 pluri·

913 1678 970 1703 ma
985 1668 1160 1712 congessit
1174 1666 1300 1701 Heins.
1322 1665 1366 1699 ad
1393 1664 1502 1698 Ovid.
1518 1664 1635 1706 Epist.

914 1729 966 1753 ιν.
991 1729 1043 1753 vs.
1069 1722 1145 1753 150.
1161 1723 1199 1752 et
1221 1718 1438 1751 Freinshem.
1455 1715 1499 1748 ad
1516 1715 1634 1748 Tacit.

914 1770 1041 1804 Annal.
1056 1779 1099 1804 11.
1125 1772 1160 1804 2.
1204 1769 1264 1802 Sic
1278 1773 1317 1802 et
1327 1767 1440 1801 Tacit.
1457 1766 1550 1800 Ann.
1567 1774 1631 1799 xv.

913 1825 968 1857 62.
998 1823 1009 1842 ‘
1027 1821 1100 1856 Ubi
1125 1825 1310 1866 praecepta
1338 1819 1542 1863 sapientiae?
1572 1818 1634 1851 ubi

914 1878 970 1908 tot
985 1885 1050 1919 per
1064 1884 1171 1908 annos
1195 1873 1370 1907 meditata
1396 1872 1487 1905 ratio
1513 1870 1636 1904 adver-

915 1937 990 1961 sum
1006 1925 1222 1960 imminentia
1235 1924 1259 1958 Ρ

957 1982 977 2011 5
1004 1977 1091 2016 ‘Quid
1105 1977 1170 2019 ita]
1203 1975 1353 2010 Locutio
1369 1974 1542 2018 eiliptica,
1557 1982 1636 2016 pro,

915 2029 974 2063 Ob
990 2029 1074 2072 quid
1090 2029 1152 2070 ita,
1173 2028 1239 2060 hoc
1256 2030 1322 2067 est,
1338 2025 1396 2059 Ob
1424 2034 1527 2068 quani
1555 2033 1636 2057 cau·

915 2091 989 2113 sam
1004 2080 1056 2112 ita
1070 2077 1275 2112 cessarunt?
1305 2077 1407 2110 Sicut
1431 2076 1467 2108 in
1492 2075 1554 2109 iilo
1568 2076 1637 2109 Te·

915 2131 1021 2164 rentii
1046 2129 1156 2163 Andr.
1180 2133 1252 2163 act.
1279 2138 1321 2161 u.
1348 2138 1397 2161 sc.
1424 2130 1457 2160 2.
1489 2127 1500 2146 ‘
1517 2128 1635 2161 Laetun

915 2187 981 2225 est,
1026 2181 1146 2215 neseio
1185 2179 1292 2223 quid:
1361 2179 1434 2213 Ubi
1471 2180 1635 2213 Donatus

912 2234 923 2253 ‘
940 2235 1064 2276 Deest,
1080 2236 1250 2276 propter3
1283 2234 1324 2264 ut
1337 2230 1397 2274 sit,
1415 2239 1562 2274 propter
1577 2240 1637 2263 ne-

913 2286 985 2319 scio
1012 2283 1117 2329 quid?
1164 2284 1212 2316 Et
1228 2282 1384 2325 Adelph.
1407 2286 1477 2316 act.
1501 2292 1560 2317 111.
1585 2292 1637 2317 sc.

913 2341 946 2371 3.
979 2339 989 2357 ‘
1006 2338 1042 2371 S.
1078 2341 1184 2380 atque
1199 2336 1326 2368 iratum
1342 2333 1538 2367 admodum.
1585 2335 1635 2367 D.

911 2388 996 2434 quid
1028 2392 1144 2422 autem
1156 2387 1179 2419 ?'
1226 2386 1298 2420 Ubi
1329 2386 1420 2419 idem
1451 2386 1634 2420 Donatus:

910 2442 921 2460 ⁴
939 2441 1032 2477 Quid
1050 2451 1126 2483 pro,
1144 2449 1265 2483 quare,
1278 2438 1347 2480 vel,
1362 2437 1408 2470 ob
1425 2447 1527 2481 quam
1555 2447 1637 2471 eau-

913 2493 1011 2527 sam.'
1055 2494 1102 2526 Et
1117 2492 1167 2525 sic
1184 2491 1307 2534 optimi
1330 2491 1532 2532 scriptores.
1579 2489 1637 2522 Ci-

913 2555 994 2579 cero
1011 2555 1075 2588 pro
1092 2544 1220 2577 Roscio
1236 2553 1246 2575 z
1262 2543 1272 2561 ‘
1290 2541 1477 2574 Accusatis
1490 2541 1636 2574 Sextum

915 2598 1099 2638 Roscium;
1122 2595 1205 2640 quid
1224 2596 1299 2628 ita?
1321 2594 1402 2637 qnia
1413 2593 1458 2626 de
1474 2592 1636 2627 manibus

917 2650 1040 2684 vestris
1057 2648 1207 2692 effugit.’
1239 2647 1347 2687 Schef.
1404 2647 1445 2680 Id
1463 2650 1530 2689 est,
1546 2646 1638 2690 pigri

916 2706 954 2735 et
969 2701 1061 2735 tardi
1074 2700 1159 2733 facti
1176 2704 1271 2733 sunt.
1296 2699 1378 2732 Fab.
1427 2699 1558 2731 Cessare
1569 2708 1637 2731 non

918 2758 1052 2786 tantum
1077 2751 1251 2794 significat
1276 2751 1345 2793 hic,
1372 2750 1454 2794 quid
1487 2750 1577 2793 pigri
1601 2754 1639 2783 et

916 2807 1008 2842 tardi
1037 2807 1122 2839 facti
1155 2806 1259 2838 sunt?
1305 2805 1368 2838 sed
1399 2814 1460 2838 cur
1487 2803 1637 2837 officium

918 2869 1026 2900 suum,
1041 2863 1180 2891 strenuo
1198 2855 1383 2899 currendo,
1409 2850 1446 2889 et'
1474 2860 1509 2889 te
1527 2855 1634 2888 exitio
