1806 3236
238 197 326 242 318

241 312 396 346 quaerere
425 312 463 336 se
491 302 686 345 profitetur,
713 306 752 335 ut
776 302 787 322 ‘
804 302 944 345 capiant

239 353 375 386 aurem’
405 357 608 396 argumenta
640 353 724 396 ejus.
780 353 839 386 Ita
866 362 945 386 mox

239 404 252 423 ‘
263 403 378 446 Jocari
387 403 398 419 '
414 414 465 445 se,
481 408 517 436 et
529 402 619 436 infra
632 404 643 422 ‘
654 404 786 436 calamo
799 402 944 444 ludere,'

240 453 421 496 praedicat.
465 454 544 488 Quo
573 454 678 487 etiam
703 458 816 497 patet,
843 458 947 488 caute

241 503 475 546 accipiendam
493 514 568 537 esse
583 504 838 538 distinctionem
853 503 945 546 Aug.

240 555 405 587 Politiani
420 556 455 588 in
471 555 781 598 Panepistemone:
805 558 816 577 ‘
831 557 949 590 Histo-

239 605 291 638 ria
305 606 361 638 vel
372 604 548 648 fabularis,
562 608 618 640 vel
631 608 675 640 ad
686 607 800 641 fidem.
836 607 948 640 Fabu-

240 655 321 688 laris
335 660 396 689 aut
409 657 610 699 voluptatis,
632 659 723 691 utin
738 657 948 701 argumentis

241 706 464 749 comicorum,
479 712 539 741 aut
554 709 804 742 adhortationis
822 708 947 751 gratia.

240 757 331 790 Haec
346 762 407 790 aut
422 763 662 800 argumentum
677 760 783 793 habet
796 769 841 792 ex
854 758 950 800 ficto,

241 811 282 840 ut
306 808 343 840 in
371 808 529 851 AEsopeis
552 809 700 851 fabulis;
723 814 784 843 aut
806 820 851 843 ex
874 810 949 843 veri

242 858 432 901 soliditate,
456 870 532 902 quae
559 865 620 893 aut
645 870 710 902 per
732 860 850 902 turpia
870 869 950 893 con-

242 909 387 949 texitur,
399 909 488 942 utin
503 911 705 953 quibusdam
724 911 869 953 poeticis
887 909 949 952 fig-

242 959 388 999 mentis;
434 964 495 993 aut
524 961 582 1002 pio
612 961 741 1003 tegitur
768 961 951 1003 velamine,

243 1008 333 1051 quod
348 1009 457 1042 solum
477 1020 585 1052 genus
600 1011 792 1053 philosophi
814 1015 950 1044 veteres

241 1058 477 1093 admiserunt!
521 1061 653 1094 Similia
673 1062 779 1095 habet
800 1061 952 1095 Isidorus

244 1110 347 1153 Orig.
361 1120 387 1144 1.
408 1114 462 1144 39.
486 1112 667 1145 Prasohius.
712 1113 951 1154 Voluptatem,

244 1171 323 1204 quae
353 1162 523 1203 remittat,
551 1171 619 1194 non
651 1172 730 1205 quae
760 1162 885 1203 solvat,
912 1166 952 1194 ut

243 1210 333 1244 bene
354 1211 468 1244 locum
487 1212 577 1244 hunc
595 1212 739 1254 exponit
754 1212 951 1257 Praschius.

244 1261 339 1294 Puto
354 1271 487 1295 rursum
501 1263 537 1295 in
557 1263 671 1295 animo
691 1263 851 1296 habuisse
872 1263 952 1295 Vir-

245 1312 365 1353 gilium
379 1322 488 1347 suum.
526 1313 618 1345 Nam
633 1317 671 1346 et
685 1313 759 1355 ipse
772 1314 836 1346 hoc
848 1322 952 1348 sensu

244 1361 324 1395 AEn.
349 1372 400 1396 lv.
427 1366 502 1396 120.
532 1364 543 1382 ‘
560 1363 704 1405 Annuit,
728 1367 834 1406 atque
863 1363 951 1397 dolis

245 1412 322 1446 risit
336 1413 508 1455 Cytherea
524 1413 694 1455 repertis:
731 1413 852 1455 Scheffi

289 1463 404 1496 Risum
417 1463 533 1505 movet]
562 1462 716 1496 Avienus
737 1463 952 1496 Theodosio:

246 1514 258 1533 ‘
273 1513 394 1547 Habes
417 1524 500 1556 ergo
515 1524 622 1556 opus;
647 1525 715 1557 quo
730 1515 878 1547 animum
893 1515 954 1548 ob-

245 1565 368 1604 lectes,
383 1565 559 1607 ingenium
574 1574 750 1607 exerceas,
765 1565 955 1598 solicitudi-

247 1625 327 1648 nem
354 1616 471 1657 leves;
496 1619 676 1659 totumque
701 1616 840 1649 vivendi
866 1616 955 1649 ordi-

247 1675 327 1698 nem
353 1670 476 1698 cautus
501 1666 693 1708 agnoscas!
737 1667 870 1700 Gellius
893 1667 954 1700 lib.

247 1725 291 1749 11.
309 1719 366 1749 29.
389 1716 401 1734 ‘
412 1716 558 1759 AEsopus
579 1718 639 1749 ille
654 1727 675 1749 e
692 1717 844 1759 Phrygia
858 1716 956 1749 fabu-

246 1768 338 1800 lator
348 1767 438 1800 haud
453 1768 622 1800 immerito
637 1769 772 1810 sapiens
782 1768 956 1800 existima-

248 1820 304 1849 tus
334 1812 547 1859 eSt,‘quum,
583 1827 660 1860 quoe
697 1818 798 1850 utilia
822 1817 956 1850 monitu

243 1875 418 1909 suasuque
433 1870 544 1907 erant,
559 1876 627 1898 non
649 1876 780 1909 severe,
805 1877 874 1900 non
894 1867 956 1899 im-

249 1915 386 1957 periose
409 1916 582 1958 praecepit
604 1920 641 1948 et
660 1917 810 1958 censuit,
825 1921 865 1949 ut
879 1916 958 1951 Phi-

249 1966 398 2008 losophis
421 1976 493 2000 mos
515 1970 591 2000 est:
627 1967 700 2009 sed,
728 1967 872 2000 festivos
898 1968 956 2000 de-

249 2017 497 2060 lectabilesque
534 2018 696 2059 apologos
734 2022 957 2059 commentus,

249 2077 318 2108 ren,
341 2067 526 2100 salubriter
548 2077 590 2100 ac
614 2067 867 2109 prospicienter
888 2067 959 2100 ani-

251 2118 462 2159 madversas,
477 2118 512 2150 in
527 2122 660 2150 mentes
676 2118 875 2160 animosque
898 2118 957 2150 ho-

250 2169 378 2202 minum
400 2178 479 2201 cum
502 2167 664 2201 audiendi
678 2167 824 2210 quadam
843 2167 958 2201 illece-

249 2218 315 2251 bra
328 2217 487 2251 induxit?
519 2218 597 2259 Εἰς.

296 2269 570 2310 Movet....monet]
600 2266 857 2302 Ἀντανάκλασις.
899 2268 958 2302 Sic

252 2320 313 2354 lib.
330 2329 381 2354 xv.
396 2319 469 2353 fab.
483 2323 516 2353 3.
540 2321 551 2339 ‘
567 2320 713 2362 Impune
729 2321 844 2362 potius
866 2320 958 2362 hedi,

252 2380 353 2413 quam
369 2370 448 2403 dedi
463 2370 585 2403 alteri.’
623 2371 672 2403 Et
695 2370 751 2403 lib.
775 2379 801 2403 Ι.
827 2370 898 2404 fab.
922 2373 956 2403 4.

223 2422 228 2425 “
251 2421 262 2439 ‘
279 2422 328 2454 Et
354 2431 454 2463 quem
478 2421 630 2464 tenebat,
653 2421 730 2454 Nee
745 2430 845 2463 quem
861 2424 956 2462 pete-

252 2473 337 2507 bat?
376 2474 461 2506 Gud.

293 2523 572 2565 Movet....m0net]
621 2521 865 2556 Ἀντανάκλασις
891 2523 958 2556 ele-

255 2584 351 2617 gans.
383 2574 473 2607 Ritt.

296 2628 318 2657 4
340 2623 528 2664 Prudentis]
555 2624 711 2657 Prudenti
725 2624 768 2657 V.
782 2624 821 2657 C.
837 2627 873 2656 et
892 2634 956 2666 pro

252 2677 356 2709 monet
366 2674 457 2706 forte
469 2674 757 2716 legendumfovet.
781 2674 955 2706 Heinsius.

253 2725 411 2758 Prudenti
425 2725 527 2757 etiam
539 2729 634 2757 recte
650 2730 766 2758 tuetur
779 2725 956 2759 Gebhard.

256 2776 429 2820 Crepund.
453 2785 495 2810 11.
516 2779 548 2810 6.
573 2786 650 2819 quae
679 2776 770 2810 enim
795 2775 957 2819 superbia

711 209 856 241 No'rAE
887 207 1157 241 VARIORUM
1190 210 1241 241 ΙΝ

994 302 1135 335 Phaedri
1146 302 1248 345 foret,
1257 303 1285 335 si
1295 303 1500 345 prudentem
1508 311 1648 336 monere
1654 302 1702 336 sl·

993 353 1030 386 bl
1039 358 1192 387 sumeret
1202 355 1214 386 ?
1230 354 1360 387 Durior
1369 358 1483 387 autem
1492 353 1620 389 locutio
1628 353 1703 387 visa

995 403 1155 446 Heinsio,
1169 405 1267 438 uitam
1281 415 1415 446 monere,
1430 405 1488 447 qui
1496 404 1588 444 fovet
1607 405 1701 450 vole·

996 455 1080 495 bat;
1105 455 1166 488 sed
1182 465 1279 498 aeque
1293 455 1443 488 insolens
1457 455 1539 488 mihi
1549 455 1702 498 'apparet

988 503 1100 544 fovere
1113 505 1213 537 vitam
1226 506 1353 538 consilio
1365 516 1377 539 .·
1412 515 1519 548 qnare
1532 505 1588 539 hic
1601 505 1702 539 dem

997 554 1109 596 capio,
1133 564 1196 597 pro
1220 555 1303 596 ipsis
1323 555 1529 598 hominibus,
1549 555 1608 599 qui
1622 565 1701 589 cum

997 605 1143 637 maxime
1167 605 1308 639 vivunt:
1345 615 1414 649 quo
1442 616 1544 639 sensu
1569 606 1701 640 centies

999 654 1091 696 apud
1114 654 1267 687 Plinium
1290 656 1460 689 occurritz
1482 661 1523 689 nt
1544 656 1604 690 lib.
1617 664 1703 689 vm.

999 707 1053 737 16.
1068 706 1078 723 ‘
1089 705 1162 737 vita
1176 715 1246 738 non
1261 704 1479 739 decreverit!
1503 706 1564 740 ub.
1585 714 1648 740 xv,
1666 709 1702 740 1.

998 757 1008 775 ‘
1026 756 1156 788 cultum
1172 765 1330 798 agrorum
1345 755 1503 790 docenda
1514 756 1588 790 vita
1598 755 1621 789 τ’
1641 756 1704 790 ubi

997 807 1134 839 docenda
1160 806 1241 847 vita,
1271 810 1313 839 ut
1339 806 1397 840 hic
1423 807 1702 850 mma-:qaod

998 856 1151 889 imitatus
1181 856 1361 890 Orientius
1389 853 1706 891 videturvcomuo·

999 907 1063 940 nit.
1089 906 1150 941 lib.
1170 916 1197 940 ι.
1225 910 1278 941 16.
1308 910 1318 927 ‘
1333 907 1418 940 Vita
1442 906 1599 940 docenda
1621 906 1705 940 mihi

1000 957 1080 990 est!
1117 957 1215 991 Idem
1239 957 1372 990 Plinius
1398 957 1458 990 lib.
1483 965 1618 991 xxxxv.
1640 957 1651 976 ‘
1667 961 1706 991 et

1000 1009 1074 1042 vita
1097 1009 1172 1051 ipsa
1194 1019 1263 1042 non
1288 1009 1391 1042 desiit
1417 1009 1579 1042 honorem
1593 1007 1706 1043 mitio-

1001 1070 1074 1094 rem
1086 1060 1179 1094 ferro
1192 1060 1345 1094 habere?
1381 1060 1463 1094 vide
1488 1060 1640 1094 Gronov.
1661 1059 1705 1093 ad

1002 1099 1140 1154 praei'at.
1162 1112 1221 1145 lib.
1246 1120 1330 1145 ιιι.
1360 1112 1412 1145 ita
1435 1115 1474 1145 et
1488 1112 1625 1146 Lucan.
1652 1119 1707 1146 vr.

1001 1166 1077 1196 910.
1098 1163 1109 1181 ‘
1124 1163 1202 1195 Nec
1218 1166 1339 1195 sancto
1357 1162 1526 1195 caruisset
1542 1161 1628 1195 vita
1641 1161 1707 1194 Ca-

1001 1215 1103 1246 tone:
1126 1213 1280 1246 Martial.
1295 1221 1378 1245 vm.
1394 1215 1427 1245 8.
1442 1211 1621 1254 Agnoscat
1630 1220 1704 1244 mo·

1003 1272 1058 1295 res
1071 1263 1144 1296 vita
1158 1263 1322 1306 legatque
1337 1272 1414 1295 suos
1425 1261 1448 1295 :'
1475 1266 1513 1295 et
1523 1262 1576 1295 ita
1589 1262 1654 1295 hoe
1669 1266 1708 1295 et

1002 1312 1161 1355 sequenti
1175 1313 1294 1345 seculo
1309 1312 1368 1344 alii
1381 1322 1392 1352 ς
1413 1311 1504 1344 unde
1521 1311 1594 1354 jam
1608 1311 1707 1345 th-

1002 1362 1056 1395 dri
1084 1366 1190 1395 aetate
1223 1363 1368 1405 coepisse
1397 1363 1485 1395 hanc
1513 1371 1633 1395 vocem
1657 1362 1709 1396 ita

1002 1413 1082 1455 capi
1106 1412 1242 1456 colligo,
1257 1423 1335 1446 cum
1350 1413 1565 1454 Ciceronem,
1579 1415 1618 1445 at
1630 1412 1706 1455 eJus

1003 1465 1165 1506 aequales,
1192 1465 1244 1496 ita
1271 1464 1335 1496 vix
1361 1472 1545 1506 usurpasse
1575 1466 1708 1505 putem.

1003 1514 1166 1547 Manilius
1201 1517 1330 1556 tamen,
1365 1513 1424 1556 qui
1467 1522 1541 1546 aevo
1576 1513 1708 1556 optimo

1004 1566 1179 1608 proximus
1201 1565 1283 1607 fuit,
1297 1565 1416 1598 eodem
1438 1565 1540 1599 modo
1554 1570 1637 1599 nsns'
1647 1565 1710 1600 lib.

1004 1626 1031 1649 1.
1045 1626 1094 1649 vs.
1109 1619 1164 1649 66.
1178 1616 1189 1635 ‘
1203 1617 1294 1649 Nam
1307 1615 1402 1648 rudis
1417 1615 1601 1658 antemos,
1614 1616 1709 1649 nullo

1004 1667 1213 1708 discrimine,
1227 1667 1301 1700 vita
1313 1667 1355 1699 In
1370 1667 1520 1709 speciem
1531 1676 1712 1709 conversa,

1004 1726 1145 1759 operum
1157 1717 1293 1750 ratione
1308 1716 1473 1750 carebat.’
1495 1718 1708 1751 Bas-mm.

1006 1768 1115 1808 Cauti,
1127 1767 1248 1800 Avien.
1265 1769 1299 1802 S.
1332 1767 1413 1809 Rig.
1648 1788 1654 1796 ι
1673 1778 1675 1782 ’

1047 1818 1174 1858 Monet]
1197 1818 1385 1850 Commode
1398 1819 1462 1859 ait,
1474 1822 1589 1853 monet.
1609 1818 1707 1860 {Sig-

1003 1866 1121 1900 nificat
1135 1868 1226 1900 enim
1247 1866 1348 1901 ηὔνας’
1372 1867 1512 1910 (loquor
1536 1877 1614 1901 cnm
1634 1868 1710 1901 Me-

1003 1918 1207 1950 lanchthone
1233 1918 1276 1950 ad
1307 1918 1448 1951 Hesiod.
1472 1927 1506 1959 p.
1519 1916 1592 1959 ¹74.)
1613 1917 1624 1934 ⁴
1641 1926 1711 1949 ser-

1004 1978 1139 2001 monem
1167 1972 1262 2002 tecte
1291 1969 1419 2012 aliquid
1441 1971 1638 2002 monentem
1663 1967 1708 2000 de

1005 2019 1176 2052 moribus:
1224 2019 1317 2052 unde
1345 2024 1383 2052 et
1416 2019 1582 2060 apologos·
1608 2018 1711 2051 ἄνους
1778 2010 1784 2015 “

1006 2069 1167 2102 dixerunt
1176 2069 1197 2109 ;’
1213 2070 1345 2102 scilicet
1358 2068 1421 2102 ὰπὸ
1427 2070 1486 2102 τοῦ
1499 2068 1710 2110 aiterum-you»

1005 2121 1173 2162 παραινεῖν,
1186 2123 1224 2152 ut
1237 2114 1381 2162 amplius
1393 2119 1546 2162 explicat
1558 2119 1612 2152 el.
1625 2119 1710 2151 Die-

1005 2171 1133 2204 tericus
1158 2171 1194 2202 in
1222 2170 1408 2211 Hesiodea,
1430 2179 1506 2212 quae
1525 2169 1588 2203 sub
1601 2169 1710 2212 pmlo

1000 2221 1076 2263 jam
1087 2224 1153 2262 est,
1165 2221 1355 2263 Lexilogia,
1365 2230 1450 2254 voce
1461 2218 1554 2254 αἶνος.
1576 2220 1708 2254 pmcn.

1006 2272 1057 2305 Ut
1081 2272 1184 2314 degat
1199 2272 1342 2315 quisque
1355 2281 1399 2304 ex
1423 2271 1628 2314 praescripto
1650 2271 1710 2304 ho-

1005 2322 1109 2355 nesti.
1167 2322 1211 2355 Id
1239 2322 1330 2354 enim
1358 2325 1412 2355 est
1438 2331 1573 2363 monere,
1598 2320 1708 2364 fitque

1006 2372 1144 2415 proprie
1159 2372 1313 2406 consilio.
1344 2372 1499 2405 Donatus
1511 2371 1556 2404 ad
1569 2372 1707 2404 Terent.

1007 2422 1098 2455 Hec.
1121 2421 1202 2455 Aet.
1218 2433 1251 2455 v.
1269 2426 1299 2455 1.
1323 2422 1334 2441 ‘
1349 2422 1529 2455 Monemns
1553 2421 1707 2463 consilio,

1006 2473 1183 2506 hortamur
1198 2471 1370 2515 impulsu!
1401 2471 1520 2514 Soheffi

1049 2527 1070 2555 6
1091 2523 1244 2564 Arbores]
1266 2523 1389 2564 Miror,
1414 2532 1520 2565 quare
1547 2522 1624 2555 haee
1646 2531 1706 2555 ex-

1006 2578 1103 2606 cuset
1117 2578 1244 2615 noster,
1259 2583 1335 2606 cum
1356 2577 1471 2606 tamen
1493 2573 1633 2606 arbores
1659 2573 1706 2605 lo·

1007 2624 1066 2666 qui
1086 2634 1249 2666 nusquam
1272 2623 1380 2656 faciat
1403 2624 1467 2656 hoc
1491 2623 1591 2665 libro,
1604 2633 1646 2655 ac
1661 2632 1706 2655 ne

1005 2674 1040 2706 in
1053 2674 1188 2707 eaeteris
1203 2674 1354 2716 quidem.
1398 2673 1454 2706 An
1467 2674 1587 2707 vitium
1602 2674 1706 2707 estin

1006 2725 1201 2767 scriptura?
1254 2724 1493 2758 Nobilissimus
1542 2725 1704 2758 Nicolaus

1006 2775 1168 2810 Heinsius
1201 2784 1269 2809 non
1297 2778 1408 2818 putat,
1439 2774 1599 2819 maxime,
1626 2783 1705 2810 etun
