1806 3236
452 256 718 290 nncnnsus
753 256 1041 288 murionum
1076 255 1303 288 murum.
1531 241 1621 286 ⁷37

134 353 364 412 Βίρὸωὶω.
394 358 513 399 Notoe
540 364 635 398 sunt
652 371 863 411 puerorum
882 357 1046 409 ingeniis
1076 357 1404 406 accommodam,
1424 356 1616 434 exegetici

140 422 372 475 plerumque
391 424 624 475 argumenti,
643 430 685 463 et
703 424 937 476 elegantero
921 424 1095 476 scriptae.

134 515 138 517 -
167 493 314 530 1802
329 488 486 528 Phaedri
519 489 754 529 Fabularum
786 491 921 542 AEsop.
956 490 1065 528 Libri
1103 500 1144 527 v
1180 490 1254 528 Mit
1281 487 1612 541 grammatiscben
1676 491 1686 496 ‘

142 552 220 593 und
237 553 513 594 enklaerenden
534 555 845 606 Amnerkungen.
874 554 1048 606 Leipzig,
1072 555 1112 601 b.
1132 554 1392 593 Rabenhorst.
1413 557 1436 592 8
1457 552 1548 604 maj.

190 618 408 658 e-Fabies
428 619 602 659 selected
624 618 723 659 from
745 620 878 671 AEsop,
913 618 1114 666 Phaedrus,
1150 619 1228 658 and
1258 618 1408 667 others,
1441 618 1533 657 with
1564 616 1622 656 in-

141 683 332 724 stmctive
348 685 606 737 explicatioris
628 686 679 737 by
697 686 801 725 Sam.
824 685 1000 724 Croxan.
1021 685 1143 724 Wien.
1169 691 1232 725 12.

195 749 424 790 *Phaedri
443 751 605 790 Fabulae
631 751 764 803 AEsop.
800 751 850 790 ad
879 750 1051 802 optimas
1082 750 1274 790 editiones
1307 749 1473 797 cossatae,
1501 748 1621 800 juve·

141 827 316 866 numque
356 815 603 856 instructioni
631 816 963 864 accommodatae,
1000 816 1144 868 quibus
1179 816 1390 868 Appendix
1426 814 1623 866 tripartita

145 874 383 934 Fabuinrum
402 882 541 921 Aviani
558 888 598 922 et
618 885 920 935 Anonymorum
948 893 1124 922 veterum
1144 881 1284 921 addita
1313 887 1385 921 est.
1414 880 1556 920 Studio
1584 886 1624 918 et

135 946 367 987 curaJoan.
393 948 536 988 Joach.
568 947 844 997 Bellen-manni,
874 949 1025 1001 Gymn.
1054 947 1372 988 Erford.Direct.
1418 945 1624 995 Erfordiae,

133 1011 341 1052 sumtibus
364 1013 403 1052 J.
438 1013 500 1052 Fr.
533 1013 704 1053 Miilleri.
726 1019 766 1053 8.
797 1014 883 1054 sine
921 1013 1238 1052 notis.--Editor
1267 1011 1538 1052 recensionem
1559 1011 1624 1051 Bi·

142 1076 351 1129 pontium
371 1079 574 1130 praecipue
601 1086 762 1119 secutus
790 1086 875 1126 est;
917 1085 1090 1118 attamen
1129 1078 1474 1127 Burmannianam,
1516 1077 1625 1116 Heu-

139 1141 418 1194 singaianam,
440 1149 480 1183 et
499 1144 798 1184 Schwabianam
822 1144 971 1196 ubique
998 1144 1181 1192 contulit,
1210 1150 1251 1183 et
1272 1156 1407 1183 earum
1438 1142 1626 1189 lectione,

141 1205 472 1259 interp-actione,
502 1215 623 1262 atque
643 1210 964 1262 interpretatione
995 1208 1201 1260 diligenter
1232 1215 1416 1261 spectata
1435 1213 1475 1248 et
1491 1207 1626 1260 explo-

139 1276 240 1319 fita,
247 1273 400 1326 optima
412 1286 584 1327 quaeque
601 1275 751 1327 selegit,
763 1288 843 1327 quo
858 1279 1010 1314 textum
1024 1274 1244 1321 tersiorem,
1262 1274 1627 1325 accuratioremque

143 1339 496 1393 interpunctionem
516 1341 787 1380 constitueret.
817 1341 988 1381 Omissae
1013 1342 1050 1379 in
1072 1340 1147 1381 hac
1178 1340 1364 1387 editione,
1397 1337 1629 1379 institutioni

124 1404 390 1447 ..oholnticae
405 1405 619 1454 destinata,
638 1406 799 1447 Phaedri
818 1407 966 1448 fabulae
988 1408 1178 1460 quinque,
1196 1420 1233 1446 n.
1254 1405 1342 1445 Lib.
1366 1416 1398 1445 ῐ.
1415 1411 1479 1446 18.
1497 1410 1540 1445 et
1558 1409 1627 1452 29.

139 1476 284 1512 ‹ln-28¹.
307 1480 370 1513 lv.
408 1476 472 1512 14.
491 1479 531 1512 et
556 1478 617 1519 17.
688 1489 692 1491 ⁴

203 1542 309 1578 18⁰4
336 1537 476 1577 Fables
495 1537 547 1578 de
582 1537 748 1587 Phedre,
771 1551 866 1578 avec
895 1540 935 1578 la
964 1538 1235 1595 construction
1255 1538 1310 1577 du
1337 1537 1467 1583 Latin,
1492 1540 1533 1575 et
1552 1547 1629 1575 une

142 1599 441 1656 interpretation
461 1604 680 1658 Francaise,
702 1604 869 1644 litterale
887 1610 927 1645 et
943 1604 1215 1645 interlineaire.
1239 1603 1314 1642 Par
1333 1602 1491 1642 Hubert
1510 1601 1631 1642 Wan-

147 1667 409 1710 deleinceurt.
439 1671 475 1708 A
496 1670 620 1716 Paris,
651 1669 751 1710 chez
777 1671 954 1710 Aneelle.
987 1676 1010 1711 8
1041 1668 1416 1710 mim—Consilium
1445 1665 1629 1706 editionis

146 1733 215 1773 hia
246 1734 374 1774 verbis
403 1735 615 1787 exponitur
647 1736 686 1774 in
718 1736 919 1788 praemissa
956 1735 1282 1776 Introductione:
1311 1734 1393 1774 ‘Ce
1423 1725 1538 1772 Livre
1564 1738 1631 1786 *est

144 1797 272 1839 divis&
289 1813 338 1839 en
357 1799 464 1840 deux
482 1801 642 1853 parties.
677 1801 733 1840 La
760 1801 951 1852 premiere
971 1801 1148 1840 contient
1171 1801 1206 1840 le
1225 1807 1332 1842 texte
1353 1799 1404 1839 de
1424 1798 1628 1857 l‘Auteur;

146 1864 185 1904 la
213 1864 386 1904 seconde
404 1865 459 1904 les
479 1865 633 1917 paroles
651 1866 706 1905 du
728 1870 846 1912 texte,
867 1865 963 1904 mais
992 1865 1229 1904 construites
1260 1863 1509 1912 mot-n-mot,
1535 1876 1631 1916 pro-

106 1953 113 1960 ·
146 1928 320 1982 position
339 1942 412 1982 par
428 1930 691 1983 proposition.
721 1931 796 1970 Les
821 1930 985 1970 ecoliers
1006 1928 1331 1970 commenceront
1358 1929 1525 1971 d‘abord
1555 1943 1631 1983 par

143 1995 339 2035 n’ex'crcer
355 2007 424 2035 sur
441 1996 480 2035 la
498 1996 669 2035 seconde
689 1996 830 2048 partie,
851 2004 890 2035 et
909 1996 956 2034 ils
975 2009 1024 2035 ne
1045 1995 1250 2035 viendront
1270 2009 1336 2036 sur
1354 1996 1391 2036 le
1410 2002 1532 2045 texte,
1552 2007 1630 2050 que

146 2056 344 2112 lorsqu’ils
360 2060 538 2100 croiront
555 2061 638 2101 eti-e
671 2073 780 2100 assez
801 2060 898 2100 forts
928 2073 1033 2112 pour
1051 2060 1219 2112 pouvoir
1246 2059 1491 2113 l'expliquer,
1520 2066 1562 2102 et
1593 2061 1631 2101 le

147 2125 288 2166 rendre
316 2138 366 2165 en
396 2125 570 2178 francais
603 2125 715 2165 snivi.
760 2126 874 2164 Alors
907 2125 954 2165 ils
975 2138 1022 2164 ne
1051 2126 1185 2165 diront
1214 2125 1332 2179 plus:
1372 2125 1521 2180 Agnae
1541 2127 1631 2178 (sic)

144 2190 280 2231 stabat
292 2192 489 2244 cuper-ior,
509 2190 712 2245 l'Agneau
727 2203 765 2229 se
786 2191 909 2230 tenuit
928 2190 1136 2243 super-iem·
1150 2205 1165 2235 ,⁰
1184 2191 1279 2230 mais
1299 2189 1502 2245 l'Agneaa
1520 2205 1559 2232 se
1574 2197 1631 2232 te-

146 2256 238 2296 nait
248 2256 347 2309 pluo
363 2256 487 2297 Μαι]
520 2257 543 2296 J
548 2256 711 2296 udicent
728 2255 806 2295 alii.

150 2343 155 2352 v
177 2332 258 2364 mr*-
272 2321 523 2362 Bibliotheca
541 2322 678 2362 Latina
698 2321 879 2368 classica,
899 2321 1093 2373 (Tomulis
1117 2328 1211 2361 octo
1238 2322 1509 2375 complectens
1533 2335 1628 2363 auc-

149 2390 257 2429 tores,
274 2387 436 2429 Latinos
456 2396 608 2429 veteres
627 2388 829 2441 prosaicos
841 2394 881 2427 et
900 2392 1005 2439 poet.
1019 2387 1185 2439 juvenili
1204 2387 1361 2428 lectioni
1379 2387 1628 2441 potissimum

148 2454 491 2503 accommodatos,
519 2450 678 2507 ²partim
720 2454 908 2508 integros,
950 2454 1091 2506 partim
1123 2454 1628 2506 excerptos.)'Adomavit‚

149 2522 302 2559 textum
320 2526 526 2560 auctorum
547 2520 788 2573 recognovit,
817 2519 1125 2560 introductiones
1145 2519 1307 2572 singulis
1327 2519 1528 2571 praernisit‚
1557 2526 1629 2559 'no-

130 2589 210 2622 ‘tas
225 2583 384 2623 criticas
402 2583 440 2623 in
461 2584 571 2625 calce
604 2585 754 2638 adjecit
775 2586 914 2625 Franc.
943 2585 1038 2625 Nic.
1059 2585 1190 2624 Titze.
1212 2585 1352 2633 Lincii,
1379 2598 1444 2638 ap.
1466 2585 1627 2625 Enrich.

150 2649 368 2689 8'.*-—-Extat
387 2650 577 2690 Phaedrus
595 2649 716 2692 Tom.
749 2663 802 2692 lr.
823 2651 1029 2705 separatim
1052 2664 1213 2703 quoque
1233 2649 1452 2690 vendibilis.

214 2715 318 2758 1806
347 2716 505 2757 Phaedri
535 2717 695 2758 Fabulae
724 2718 860 2771 AEsop.
892 2719 950 2758 Ex
979 2715 1136 2770 optimis
1158 2716 1454 2756 recensionibus
1480 2716 1628 2768 juven-

153 2783 231 2823 tuti
245 2782 458 2823 editionem
480 2783 647 2832 curavit,
680 2790 719 2824 et
750 2783 1035 2837 quadripartita
1071 2782 1295 2822 fabularum
1326 2780 1550 2836 appendice
1575 2780 1626 2820 ad

154 2848 465 2900 comparandum
482 2849 666 2889 instruxit
687 2852 738 2890 D.
761 2850 871 2890 Guil.
895 2850 1012 2901 Leps.
1036 2850 1191 2895 Posuae,
1213 2849 1318 2901 apud
1337 2849 1471 2888 Kiihn.
1494 2855 1533 2889 8.

239 2915 355 2957 Delph.
369 2918 401 2947 et
421 2915 498 2949 Var.
518 2915 604 2948 Clas.
843 2914 974 2947 Phoedr.
1466 2915 1486 2945 3
1510 2912 1541 2945 C
