1806 3236
234 196 320 239 340

234 302 388 345 respexit
413 300 527 334 verbis
554 299 662 340 hisce,
690 298 779 342 quod
803 299 846 332 de
861 307 936 341 gra-

234 355 312 386 culo
333 352 513 396 praecedit,
535 350 712 383 Immiscuit
725 359 758 382 se
773 350 869 390 gregi
880 360 937 392 pa-

232 415 352 438 uonum.
398 403 499 437 Quod
523 407 638 446 autem
658 406 772 434 vestes
796 401 936 442 attinet,

233 456 271 488 id
285 454 438 487 innuitur
455 452 566 485 verbis
586 451 821 494 sequentibus,
840 452 870 484 si
883 461 935 483 vo-

229 505 339 539 luisses
349 505 429 546 pati,
440 505 519 546 quod
534 506 649 536 natura
662 503 800 536 dederat.
830 502 935 535 Nem-

230 567 277 599 pe
300 554 524 598 reprehendit
544 553 625 595 duo,
646 557 684 586 et
705 553 796 595 quod
812 552 934 595 plumis

231 607 351 640 alienis
365 615 441 638 sese
457 605 643 646 exornarit,
655 609 691 637 et
702 604 806 647 quod,
818 604 934 636 deser-

229 659 276 690 tis
291 658 372 698 suis,
386 656 574 689 contulerit
589 665 625 688 se
643 655 687 687 ad
712 655 807 688 alios.
828 654 935 693 Schef.

234 710 326 750 Lege
340 708 467 741 coeeibus
482 707 536 739 vel
549 707 683 739 dotibue.
706 705 828 739 Heius.
872 706 934 738 Ni·

232 760 281 792 hil
294 758 506 791 mutandum.
539 757 594 790 Sic
609 757 730 789 Senec.
743 755 850 789 Hero.
862 757 934 790 OEt.

232 813 328 844 1682.
349 810 358 828 ‘
372 809 518 842 Sedibus
545 808 653 850 pulsae
680 806 748 839 suis
766 807 934 839 Volucres

228 865 410 903 pererrant
424 868 564 892 nemore
579 858 711 891 succiso
730 857 822 890 diem
834 858 935 891 Quae·

230 915 379 954 runtque
391 910 488 943 lassis
503 909 648 951 garrulae
663 908 774 950 pinnis
785 907 904 940 domos
914 911 935 941 ς’

227 962 281 995 ita
319 961 409 994 enirn
441 964 538 993 recte
578 960 833 992 constituerunt
870 958 933 991 viri

228 1013 324 1046 docti
342 1013 402 1045 lios
428 1020 558 1044 versus.
601 1010 657 1042 Sic
671 1013 708 1041 et
722 1009 766 1041 de
781 1008 932 1051 piscibus

228 1064 335 1098 Ovid.
349 1063 503 1096 Halieut.
516 1064 570 1095 92.
592 1061 602 1079 ‘
619 1060 818 1101 Descripsit
833 1059 932 1093 sedes

228 1115 320 1147 varie
336 1118 459 1146 natura
474 1111 659 1155 profundi!
693 1112 739 1144 Et
756 1111 932 1153 Virgilius,

225 1165 379 1198 imitatus
406 1163 618 1204 Lucretium,
645 1162 767 1195 eadem
795 1163 931 1195 ratione

223 1215 313 1247 dixit
338 1214 489 1246 secundo
516 1213 780 1254 Georgicorum,
801 1213 811 1231 ‘
831 1211 931 1245 Anti-

223 1275 306 1307 qnas
333 1265 452 1297 domos
482 1263 619 1295 avium:
669 1263 727 1295 Sic
758 1272 819 1304 pro
849 1263 929 1296 nido

220 1316 231 1334 ‘
246 1315 395 1348 domum'
419 1314 533 1356 posuit
557 1314 674 1346 Valer.
697 1313 789 1345 Flac.
806 1322 858 1346 ιν.
873 1315 929 1345 48.

221 1365 310 1397 Stat.
322 1365 431 1397 Theb.
449 1372 502 1396 ix.
517 1366 593 1396 360.
618 1369 653 1395 et
679 1364 801 1395 eodem
827 1364 927 1396 modo

222 1416 352 1457 Graeci,
376 1419 416 1448 ut
439 1415 644 1457 Lycophron
670 1416 755 1455 δῶμα
778 1418 925 1456 σφηκῶνι

224 1467 396 1508 Veepmm
419 1467 545 1499 domun.-
569 1469 606 1496 et
633 1465 804 1497 Homerus
825 1466 926 1499 Iliad.

221 1521 260 1550 Π.
284 1520 361 1550 261.
406 1516 530 1557 Vespis
555 1514 636 1547 οἰκία
657 1515 796 1548 tribuit:
828 1520 865 1547 et
891 1516 925 1548 in

222 1567 409 1608 Antholog.
432 1576 459 1599 1.
478 1569 532 1598 20.
556 1565 640 1597 rami
665 1565 822 1598 arborum
847 1566 927 1598 οἴκια

220 1618 372 1658 τεττίγων
386 1618 558 1649 dicuntur.
586 1615 676 1648 Vide
692 1615 865 1648 Pricaeum
880 1617 924 1648 ad

218 1672 322 1703 Lucae
339 1671 448 1702 Evan.
468 1677 551 1701 xm.
566 1670 616 1699 19.
631 1671 668 1699 et
683 1666 845 1709 Ampliss.
857 1669 923 1700 Cu-

178 1729 180 1731 ’
219 1730 293 1762 per.
311 1721 434 1753 Obser.
447 1728 504 1752 111.
519 1721 571 1752 18.
599 1719 707 1751 Burm.

694 206 837 237 NOTAE
870 204 1139 237 vARloRUM
1174 204 1226 236 IN

1031 299 1177 345 Sedibus]
1201 298 1360 331 Nevelet.
1383 306 1427 330 ex
1450 296 1584 330 Rimicii
1605 299 1692 334 ston-

987 351 1129 394 quilinio
1151 350 1367 392 gemmulam,
1393 353 1433 381 ut
1455 351 1569 391 putat,
1589 347 1692 390 emit,

987 401 1132 436 vectibus.
1173 401 1242 434 Sed
1258 401 1371 444 potius
1386 399 1692 433 vetustissimorum

989 452 1145 486 codicum
1161 452 1343 485 lectionem
1357 451 1592 491 retinebimus,
1612 459 1690 494 qun

987 512 1070 536 sana
1098 507 1154 536 est
1179 507 1216 536 et
1238 504 1387 545 elegans.
1437 503 1572 535 Natura
1598 500 1690 535 en'nn

987 554 1171 596 unicnique
1194 553 1388 586 animalium
1406 552 1524 595 generi
1539 552 1640 586 sedes
1651 556 1692 586 ot

988 604 1213 646 receptacula
1227 613 1290 636 sua.
1307 602 1416 637 dedit.
1445 603 1542 645 Vlrg.
1564 603 1575 622 ‘
1587 602 1690 636 Prin-

987 655 1078 697 cipio
1093 655 1191 688 sedes
1206 653 1339 696 Apibus
1353 653 1545 696 statioque:
1576 653 1689 694 Idem,

988 708 997 725 ‘
1013 707 1126 740 Statio
1153 706 1323 739 tutissima
1350 704 1498 747 mergis?
1537 702 1596 738 ‘In
1619 705 1689 739 Ms-

988 763 1107 791 uostro
1133 756 1270 790 Rimicii
1295 759 1350 789 est
1373 754 1508 798 sedibus,
1527 758 1629 790 utet
1651 755 1688 788 in

989 810 1085 841 Rem.
1101 813 1138 841 et
1154 807 1247 840 Pith.
1273 807 1358 839 Gud.
1635 831 1638 835 ,

1030 863 1072 893 14
1105 858 1200 900 Pati]
1233 857 1342 890 Plane
1385 857 1575 898 eleganter,
1605 855 1690 898 pati,

985 911 1065 952 quod
1089 913 1204 942 natura
1223 910 1292 949 dat,
1313 908 1404 941 sicut
1430 906 1691 947 Pla-utusdixit

983 963 993 980 ‘
1010 961 1084 1003 pati
1104 961 1253 994 bonnm.'
1296 960 1358 992 Est
1374 962 1491 992 autem
1506 957 1690 992 admodum

985 1011 1279 1045 accommodatum
1314 1010 1391 1043 huic
1416 1010 1515 1051 loco,
1546 1013 1690 1052 proptor

984 1062 1275 1104 comparationem
1294 1070 1484 1101 munerum,
1498 1069 1576 1103 quae.
1590 1063 1691 1093 natu·

983 1123 1023 1146 ra
1049 1113 1180 1145 habent
1208 1113 1264 1145 alii
1290 1112 1431 1154 majora,
1463 1111 1521 1144 alii
1546 1110 1688 1145 minora.

986 1165 1075 1197 Nam
1091 1163 1200 1196 isthoc
1216 1167 1394 1205 respectu>
1407 1161 1465 1204 qui
1490 1161 1619 1194 minora
1626 1169 1689 1194 :ac-

983 1220 1165 1257 ceperunt,
1188 1214 1318 1256 optime
1347 1212 1512 1245 dicuntur
1537 1221 1580 1244 ea
1603 1211 1688 1254 φιβ’,

982 1275 1059 1297 cum
1075 1265 1116 1297 iis
1131 1269 1211 1296 sunt
1227 1263 1394 1304 contenti,
1417 1267 1453 1295 et
1465 1262 1596 1305 majora
1615 1268 1686 1296 non

982 1314 1157 1348 affectant.
1200 1314 1399 1347 Alexander
1418 1312 1510 1356 apud
1529 1312 1685 1347 Curtium

979 1365 1039 1399 lib.
1054 1375 1105 1399 xv.
1121 1369 1154 1398 1.
1190 1366 1201 1384 ⁴
1218 1365 1323 1398 Libet
1335 1364 1437 1405 seire,
1451 1362 1602 1405 inopiam
1615 1371 1684 1406 qua

980 1416 1151 1458 patientia
1165 1414 1315 1448 tuleris?
1352 1414 1555 1456 Respondet
1569 1412 1684 1447 Abdo-

979 1467 1154 1507 lonymus:
1171 1466 1181 1484 ‘
1193 1465 1335 1498 Utinam
1348 1464 1471 1497 eodem
1485 1464 1597 1498 animo
1607 1473 1684 1506 re&

979 1525 1060 1548 num
1088 1516 1163 1557 pati
1188 1513 1340 1557 possim!
1372 1513 1477 1552 Sobes-
1519 1512 1612 1547 vide
1637 1512 1685 1549 td

980 1566 1130 1598 fabulam
1148 1564 1417 1607 praecedentem.

1021 1616 1115 1658 Pati]
1138 1616 1182 1649 Id
1205 1620 1274 1656 est,
1297 1618 1481 1648 contentus
1497 1623 1593 1654 esse3
1618 1614 1682 1648 Se·

976 1677 1063 1701 neca
1077 1668 1112 1699 in
1126 1667 1287 1708 Thyeste.
1311 1666 1399 1699 Gua.

753 1980 1008 2024 FABULA
1057 1982 1142 2025 IV.

257 2140 277 2169 2
303 2136 400 2167 Canis
420 2145 477 2176 per
494 2134 632 2178 flumen]
655 2134 782 2166 Eadem
799 2134 918 2167 fabula

215 2186 304 2228 apud
320 2186 496 2227 Babrium,
523 2186 769 2227 Aphthonium,
788 2186 917 2220 Theon.

212 2238 315 2278 Sopli.
345 2242 382 2268 et
408 2237 599 2268 Simeonem
624 2236 759 2268 Settum
790 2238 848 2270 lib.
872 2238 916 2270 de

214 2288 323 2329 Regni
350 2287 597 2329 gubernatione
624 2286 830 2319 Animalium
857 2298 917 2319 ex-

212 2338 338 2379 emplo,
361 2339 419 2380 qui
441 2337 625 2377 μυθολογίαν
648 2337 691 2369 ad
716 2338 914 2370 ambitiosos

210 2388 430 2419 humanarum
485 2388 669 2429 gloriarum
723 2392 914 2421 sectatores

210 2439 396 2470 transtulit.
421 2439 498 2479 Rig.

251 2489 319 2523 Per
333 2489 469 2530 flumen]
494 2488 550 2520 Ita
564 2492 601 2520 et
614 2488 729 2529 AEsop.
752 2487 821 2521 fab.
836 2492 911 2522 213.

208 2543 244 2570 et
260 2539 372 2571 Anon.
394 2538 460 2570 fab.
475 2543 507 2571 5.
552 2539 622 2571 Pro
635 2547 701 2580 quo
717 2537 825 2571 Gabr.
840 2538 909 2573 fab.

207 2593 260 2622 32.
285 2595 320 2621 et
337 2589 463 2631 Aphth.
478 2589 549 2622 fab.
568 2593 622 2622 35.
641 2589 909 2631 propter-flumen.

207 2640 351 2671 Prasch.

251 2691 316 2721 Per
325 2690 462 2731 flumen]
487 2689 646 2730 Babrins,
672 2689 816 2729 Ποταμοΰ
830 2695 908 2729 πλη-

205 2739 283 2770 σίον.
322 2740 549 2781 Aphthonius,
564 2741 635 2781 παρ’
651 2740 746 2779 αὐτὴν
760 2739 834 2784 διῄει
847 2741 907 2779 τὴν

204 2789 302 2829 ὄχθην
315 2791 397 2822 τινὸς
411 2792 560 2830 ποταμοῦ.
585 2792 664 2831 Rig.

1014 2136 1100 2168 Dum
1115 2135 1235 2177 ferret]
1260 2135 1387 2168 Nescio
1400 2144 1480 2168 num
1501 2144 1567 2167 non
1581 2136 1675 2168 esset

971 2188 1104 2229 melius,
1127 2198 1195 2219 cnm
1214 2187 1326 2229 ferret.
1370 2187 1445 2220 Nisi
1467 2186 1579 2227 malis,
1599 2187 1674 2219 dun

962 2238 1046 2278 fert,
1071 2242 1103 2271 et
1128 2242 1252 2271 natam.
1273 2237 1389 2271 Schef.
1434 2237 1514 2271 vid.
1543 2237 1589 2270 nd
1612 2237 1672 2271 lib.

970 2299 1026 2322 ιιι.
1041 2289 1108 2322 fab.
1121 2294 1154 2323 9.

1011 2343 1030 2372 3
1052 2341 1263 2383 Lympharum
1277 2340 1311 2372 in
1325 2340 1460 2382 speculo]
1474 2340 1571 2372 Sicut
1581 2339 1671 2372 insta

968 2399 1090 2422 cervus
1106 2390 1177 2423 fab.
1192 2393 1246 2423 22.
1292 2390 1452 2432 Corydon
1468 2389 1561 2431 apud
1572 2389 1669 2431 Vir-g.

966 2441 1042 2473 Ecl.
1057 2450 1100 2473 n.
1113 2441 1170 2483 qui
1182 2441 1302 2473 sumsit
1313 2450 1334 2472 s
1346 2440 1542 2480 Theocrito,
1558 2439 1669 2471 Buco-

965 2493 1085 2525 liastis.
1138 2493 1236 2525 Idem
1263 2493 1437 2534 speculum
1466 2490 1667 2524 Narcissum

963 2541 1094 2583 formae,
1121 2543 1321 2575 Actaeonem
1349 2541 1580 2574 deformitatis
1606 2541 1666 2574 ad·

963 2597 1091 2632 monet,
1115 2592 1204 2634 apud
1222 2593 1326 2624 Ovid.
1340 2593 1428 2625 Met.
1445 2601 1500 2624 ιιι.
1522 2594 1553 2624 6.
1573 2597 1611 2624 et
1630 2595 1664 2625 2.

961 2643 1055 2674 Scite
1071 2653 1250 2684 nonnemo,
1263 2643 1344 2674 nihil
1355 2651 1440 2684 aqua
1455 2642 1663 2675 commodius

962 2702 1049 2733 esse,
1074 2694 1174 2736 dixit,
1194 2703 1271 2735 quae
1288 2697 1324 2725 et
1345 2696 1512 2724 monstret
1531 2692 1662 2733 sordes,

960 2747 1000 2775 et
1012 2743 1122 2776 tollat.
1167 2743 1249 2783 Ejus
1266 2743 1316 2774 rei
1342 2741 1543 2782 φυσιολογίαν
1568 2741 1662 2774 exhi-

959 2794 1018 2825 bet
1045 2794 1147 2826 Alex.
1170 2792 1323 2834 Aphrod.
1351 2801 1450 2834 quem
1468 2792 1600 2824 Psellus
1615 2792 1659 2823 de
