1806 3236
441 222 704 261 nncnnsus
739 222 1029 261 nmmum-tum
1063 223 1283 257 mmm.
1466 268 1468 270 η
1517 210 1608 256 755

144 348 165 372 ε,
175 322 293 375 akko
301 322 706 371 somneommode
720 322 962 367 transcribi
974 323 1123 379 possit
1139 323 1453 379 Fragmentum
1465 323 1525 368 do
1541 325 1609 368 fa—

119 393 243 444 bul&
257 392 490 448 AEflopffi,
505 391 632 449 quod
645 393 760 437 inter
779 394 794 415 ‘
810 390 1037 436 Hadriani
1053 391 1349 449 Imperatoris
1361 391 1610 450 Responsa

119 466 191 512 at
202 460 473 519 Rmflnpta’
502 461 552 505 in
581 460 802 505 Fabricii
817 459 1611 519 Biblioth.‹}r.12ih.v1.cap.6.

119 530 251 578 edql
219 531 351 578 1⁷40.
399 544 504 576 cum
534 533 549 554 ‘
567 529 729 575 Latina
765 530 907 575 veteri
942 530 1152 575 Dosithei
1190 530 1420 616 versione:
1458 545 1610 578 serva·

120 605 218 645 tur.
206 605 244 632 ·⁵
517 623 523 627 ·
560 622 562 625 >
608 625 609 628 =
832 623 834 625 >
1434 618 1437 621 ’

178 671 263 712 Νῦν
281 667 342 712 οὖν
368 668 534 729 ἄρξομαι
565 667 713 719 Μῦθους
740 666 875 727 γράφε
877 685 909 711 ιν
937 669 1182 725 Αἰσωπείους,
1215 671 1281 713 nai
1317 670 1493 722 ὑποτάξαι
1523 670 1614 714 ὑπό-

121 740 277 798 δειγμα·
307 741 369 782 διὰ
387 739 540 790 τούτους
559 741 638 797 γὰρ
659 742 700 782 αἱ
721 738 956 798 ζωγςαφίὸες
974 740 1226 793 συνέστησαν.
1286 740 1400 784 Εἰσὶν
1422 739 1506 800 γεῖς
1523 739 1614 783 λίαν

120 811 336 867 ἀναγκαῖαι
365 807 455 867 πρδς
483 809 675 867 ω’φίλειαν
702 814 768 853 τοῦ
801 810 887 865 βίου
919 815 1036 867 ἡμῶν.
1095 812 1245 870 Πρώτῳ
1279 809 1340 854 οὖν
1369 810 1474 869 τόπῳ
1500 810 1614 867 μῦθον

123 877 292 937 ἄρξομαι
311 880 386 923 ἀπὸ
405 877 573 931 ὶλαίφου.

170 946 354 1001 Ἔλαφος
374 948 570 1008 εὔμεγεθῆς
589 946 672 1007 ὥρᾳ
691 948 812 1009 θέρους
834 948 933 1001 δίψει
963 950 1177 1007 λειπόμενος
1187 949 1440 1010 παραγῖνεται
1456 951 1523 994 ἐπί
1528 968 1614 995 τινα

123 1019 248 1075 πηγὴν
279 1019 417 1076 διαυγῆ
450 1018 517 1061 καὶ
555 1018 726 1072 βαθεῖαν,
762 1019 828 1062 καὶ
864 1036 957 1062 πιων
986 1037 1072 1062 οσον
1098 1020 1235 1073 ἤθελεν,
1264 1023 1448 1081 προσεῖχε
1466 1020 1519 1064 τοὶ
1545 1023 1613 1064 τοῦ

123 1086 321 1144 σῶματος,
353 1087 421 1132 καὶ
447 1086 631 1144 μάλιστα
660 1089 730 1144 μὲν
749 1089 821 1147 ἐπῆ
823 1106 872 1132 νει
889 1092 956 1143 τὴν
976 1088 1085 1147 φύσιν
1103 1092 1182 1133 τῶν
1199 1092 1370 1149 κεράτων
1390 1094 1615 1144 &vau-mera-

123 1157 242 1213 μόνων
261 1160 313 1209 εἷς
331 1158 449 1202 ’πολὺν
467 1156 613 1217 ἀέρα..

183 1231 198 1252 ‘
219 1227 359 1272 Nunc
380 1241 484 1285 ergo
505 1191 724 1286 incipiam
747 1229 926 1273 fabulas
947 1229 1146 1273 scribere
1168 1230 1408 1287 AEsopias,
1435 1234 1481 1274 et
1509 1232 1616 1275 sub—

118 1297 280 1356 jiciam
297 1298 574 1355 exemplum.
635 1298 724 1342 Per
750 1312 832 1342 eas
864 1299 980 1341 enim
1003 1299 1196 1354 picturae
1218 1303 1439 1344 constant.
1499 1300 1617 1344 Sunt

125 1367 244 1410 enim
264 1366 400 1411 valde
417 1369 689 1412 necessarias
725 1368 786 1411 ad
816 1368 1058 1412 utilitatem
1078 1369 1185 1412 vitae
1217 1373 1400 1414 nostrae.
1460 1370 1616 1413 Primo

125 1449 231 1491 ergo
249 1437 357 1480 loco
376 1436 578 1480 fabulam
598 1437 810 1494 incipiam
829 1437 884 1480 de
906 1451 1057 1481 cervo.

187 1509 202 1528 ‘
225 1504 403 1549 Cervus
421 1506 556 1549 bonae
573 1506 890 1561 magnitudinis
909 1507 1069 1551 aestivo
1090 1510 1294 1564 tempore
1313 1508 1388 1551 siti
1407 1508 1619 1552 deficiens

127 1574 317 1619 advenit
334 1575 394 1618 ad
413 1574 641 1631 quendam
658 1574 828 1618 fontem
847 1575 1087 1631 limpidum
1107 1581 1153 1619 et
1171 1578 1329 1629 altum,
1349 1581 1394 1620 et
1427 1591 1531 1620 cum
1551 1578 1618 1621 bi-

127 1644 272 1687 bisset
290 1647 503 1700 quantum
533 1644 754 1696 voluerat,
787 1645 1045 1689 attendebat
1074 1659 1102 1688 a
1119 1659 1318 1703 corpore,
1348 1650 1394 1690 et
1418 1648 1617 1691 maxime

130 1713 315 1770 quidem
332 1713 556 1756 laudabat
573 1717 780 1757 naturam
811 1726 1027 1757 cornuum
1058 1716 1395 1772 exsurgentium
1428 1717 1475 1760 in
1505 1718 1619 1761 mul-

130 1786 226 1827 tum
247 1781 399 1827 aerem
415 1781 441 1826 ’.
456 1814 467 1825 .
482 1813 494 1826 .
512 1780 545 1825 .⁶
579 1780 729 1826 Cetera
750 1780 911 1824 desunt.

190 1851 311 1896 Inter
329 1851 462 1896 finem
493 1852 747 1896 faciendum
771 1850 836 1910 (si
870 1852 1009 1896 modo
1041 1854 1251 1910 quiddam
1283 1855 1340 1899 de
1375 1854 1619 1902 Ovidianis

129 1921 204 1966 hic
235 1922 329 1966 loci
365 1922 572 1979 supplere
599 1922 755 1976 liceat)
787 1923 1052 1979 scriptorem
1088 1923 1313 1979 quendam
1343 1926 1621 1983 Portugalli-

133 2002 240 2034 cum
255 1990 534 2042 notabimus,
569 1990 647 2046 qui
668 1991 823 2034 conari
843 1991 1025 2035 videtur
1046 1991 1263 2036 Ovidium
1282 1993 1343 2037 ad
1362 1995 1555 2039 formam
1575 2002 1620 2042 et

133 2058 398 2103 charactera
418 2058 603 2103 Phaedri
622 2060 864 2105 reducere.⁷
925 2061 1226 2106 Summarium
1253 2067 1385 2121 quasi
1418 2066 1620 2111 Fabula-

132 2142 232 2173 rum
273 2128 615 2181 ovidianamm,
655 2133 701 2173 et
733 2143 870 2186 quam
903 2131 1235 2187 brevissimum,
1263 2148 1367 2177 cum
1401 2137 1618 2179 brevibus

134 2195 361 2241 moralibus
381 2198 684 2249 concinnavit,
712 2198 828 2242 adeo
856 2203 908 2243 ut
941 2201 1028 2244 sub
1060 2201 1198 2258 hujus
1219 2204 1455 2260 scriptoris
1476 2207 1619 2249 mani-

133 2267 220 2311 bus
241 2267 436 2311 Ovidins
456 2268 590 2324 quasi
624 2272 732 2322 agat
767 2268 1025 2313 Phaedrum.
1092 2271 1199 2314 Hoc
1227 2273 1498 2328 opusculum
1518 2287 1620 2318 nos-

806 2382 954 2416 NOTAE

181 2457 195 2480 ⁵
211 2457 387 2492 Recnsum
403 2459 502 2492 estin
514 2459 685 2503 Stephani
700 2460 851 2493 Thesan-
949 2461 963 2483 ⁷
989 2461 1206 2504 compendio
1230 2463 1292 2496 das
1319 2464 1621 2508 Metamorphoses

137 2509 167 2543 ri
182 2509 282 2553 Ling.
298 2509 364 2544 Gr.
380 2509 535 2544 editione
553 2516 685 2554 nostra,
700 2512 735 2544 in
752 2511 851 2545 Glos-
906 2512 950 2545 de
974 2511 1103 2546 ovidio
1118 2523 1194 2546 com
1210 2513 1314 2547 huma
1327 2515 1464 2548 sucinta
1491 2520 1528 2549 et
1549 2526 1621 2550 rne-

136 2563 236 2596 sariis
251 2573 287 2605 p.
304 2566 381 2596 500.
906 2562 1047 2597 thodica
1070 2565 1297 2607 Explicacam
1322 2575 1342 2598 a
1365 2567 1454 2599 cada
1478 2566 1622 2610 Fabula,

180 2613 198 2636 ⁶
220 2614 333 2655 Hanc,
361 2625 440 2657 quae
463 2614 554 2647 inter
577 2614 715 2648 fabulas
734 2616 851 2658 AEsopi
906 2625 993 2657 para
1008 2615 1224 2658 Instrrnccam
1241 2617 1303 2649 dos
1319 2618 1481 2653 Meninos
1497 2618 1542 2651 da
1558 2619 1620 2652 Es·

138 2677 210 2701 non
240 2672 351 2709 extat,
382 2668 516 2700 Latinis
547 2668 668 2701 iambis
698 2668 852 2701 reddidit
906 2667 996 2709 cola,
1022 2667 1224 2701 traduzidas
1259 2678 1323 2711 por
1356 2669 1441 2703 Joze
1469 2669 1622 2703 Antonio

139 2718 312 2752 Phaedrus
327 2729 353 2752 r.
370 2722 423 2753 12.
440 2719 521 2753 Vid.
539 2731 645 2763 supra
660 2720 850 2764 Rigaltium
908 2719 954 2752 da
978 2720 1161 2762 Silvarcgo
1188 2720 1328 2755 Afferes
1356 2723 1398 2756 de
1416 2722 1621 2757 Infantaria.

139 2770 184 2803 ad
201 2771 224 2805 1.
239 2781 270 2804 c.
294 2775 330 2804 et
355 2771 593 2806 Burmannum
620 2772 663 2806 ad
692 2783 742 2806 vs.
759 2776 791 2806 3.
816 2773 851 2806 ἰη
909 2772 1058 2807 Lisboa:
1087 2775 1182 2806 1772.

141 2821 240 2855 Nolis
258 2821 439 2856 variorum.
