1806 3236
239 251 326 295 638

239 358 248 376 ‘
263 356 417 391 Grandia
432 354 532 399 cete:
545 359 609 390 &c.
635 356 746 388 Guiet.
791 354 883 387 Hinc
895 353 947 386 Si-

240 408 394 440 monides
408 409 418 427 ‘
432 407 597 441 Melicus’
614 407 730 440 Plinio
754 406 812 439 lib.
823 414 851 438 1.
868 415 946 447 cap.

240 462 295 493 56.
333 460 380 492 Et
394 469 415 491 a
429 459 612 492 Victorino
629 458 824 491 Simonides
845 457 855 475 ‘
870 457 948 489 Ele-

240 510 324 552 gus.'
347 509 426 542 Vid.
449 509 683 542 doctissimum
706 508 887 542 Muncker.
901 506 947 540 ad

241 561 373 604 Hygin.
390 560 459 594 fab.
471 564 548 594 2⁷⁷.

284 612 403 654 Melos]
435 613 548 645 Etiam
574 613 652 645 mele
676 611 792 645 Latini
815 611 946 644 dixere.

239 664 341 706 Epig.
356 665 436 697 Vet.
463 664 523 697 lib.
541 672 600 697 ιιι.
627 674 663 706 p.
680 666 753 696 11⁷.
775 663 785 681 ‘
798 663 896 695 Vixit
911 666 949 695 et

239 714 366 748 enituit
395 714 499 748 docta
527 724 650 747 sonare
677 713 789 747 mele.’
834 714 898 746 Est
927 723 949 746 a

238 765 321 806 μέλη
334 765 550 800 Graecorum.
574 767 659 799 Gud.

283 821 302 850 8
328 818 397 855 Quo
404 821 621 860 paupertatem
629 818 798 850 sustineret
801 814 949 858 lucilius]

240 870 334 912 Ergo
356 870 566 913 ‘paupertas
591 870 730 912 impulit
756 870 868 902 audax
896 869 949 902 Si-

238 920 424 963 monidem,
451 926 490 954 ut
518 931 637 954 versus
667 920 819 954 faceret'
851 921 948 964 (utor

239 973 356 1006 verbis
388 973 543 1017 Horatii)
571 978 609 1007 et
644 974 792 1017 quaestui
827 973 949 1006 habuit

240 1023 361 1066 poesin
388 1035 495 1058 suam.
541 1025 638 1058 Nota
661 1035 717 1057 res
739 1028 793 1057 est
807 1024 853 1057 de
866 1024 948 1057 dua-

240 1075 303 1108 bus
319 1076 425 1109 thecis
440 1086 503 1109 seu
514 1076 640 1109 arculis
654 1075 850 1118 Simonidis,
865 1085 948 1119 qun-

240 1136 315 1159 rum
327 1137 430 1159 unam
441 1127 557 1160 aiebat
569 1137 644 1160 esse
657 1127 857 1169 gratiarum,
869 1137 946 1171 quae

239 1178 308 1220 ipsi
322 1178 538 1211 habebantm·
549 1178 783 1221 agebenturve
794 1189 947 1222 prover·

240 1229 334 1262 sibus
357 1229 392 1262 in
408 1230 545 1263 laudem
566 1231 711 1273 alicujus
726 1231 944 1273 compositis:

241 1279 386 1312 alteram
401 1290 616 1314 nummorum
644 1281 854 1324 aliorumque
874 1291 947 1314 mu-

239 1341 373 1374 nerum,
385 1342 463 1375 quae
475 1332 520 1365 ab
534 1333 656 1365 iisdem
668 1332 712 1365 ad
723 1341 762 1364 se
775 1331 947 1365 redibant.

239 1382 398 1415 Priorem
414 1392 551 1425 semper
566 1393 708 1416 vacuam
725 1387 828 1425 atque
844 1382 948 1415 inuti-

240 1433 307 1465 lem
321 1443 357 1466 se
369 1434 521 1476 experiri
532 1433 692 1467 dicebat:
715 1433 947 1467 Posteriorem

239 1484 345 1517 solam
360 1485 479 1517 utilem
496 1495 537 1518 ac
563 1489 782 1527 oportunam,
807 1484 850 1517 ad
866 1484 948 1517 inci-

241 1535 380 1568 dentem
404 1535 552 1577 aliquam
578 1535 822 1568 necessitatem
836 1535 948 1567 suble-

239 1586 398 1619 vandam.
443 1586 534 1619 Vide
563 1586 738 1619 Stobaenm
767 1586 877 1619 Serm-
909 1595 945 1619 x.

240 1638 446 1680 Exemplum
461 1638 615 1671 avaritiae
625 1644 662 1671 et
677 1637 866 1681 ἐργολαβίας
875 1638 948 1680 ejus

239 1689 379 1732 elegans
394 1693 432 1721 et
445 1687 606 1721 festivum
622 1688 828 1721 Aristoteles
843 1698 947 1721 anno-

240 1741 328 1772 tavit
340 1740 442 1773 Rbet.
457 1740 519 1772 lib.
532 1749 589 1772 m.
603 1749 680 1781 cap.
696 1743 728 1773 2.
766 1739 827 1772 Ait
841 1740 946 1781 enim,

241 1794 398 1833 rogatum
413 1791 597 1833 aliquando
609 1790 818 1823 Simonidem
832 1801 852 1822 a
866 1800 947 1832 quo·

240 1842 330 1879 dam,
355 1842 415 1884 qui
441 1841 596 1874 mulabus
624 1841 778 1882 vicisset,
806 1845 844 1874 ut
870 1851 946 1873 eam

240 1893 421 1926 victoriam
444 1902 567 1935 paeane
595 1893 650 1925 vel
674 1891 806 1933 ἐπινικίφ
832 1892 946 1935 aliquo

240 1945 447 1987 celebraret,
471 1944 533 1977 sed
561 1946 739 1988 praemium
761 1954 824 1987 pro
840 1954 881 1977 eo
896 1944 946 1977 of-

239 1995 361 2037 ferret,
377 1996 470 2039 quod
491 1995 659 2029 Simonidi
682 1996 780 2029 nimis
794 1995 884 2029 exile
898 1995 946 2028 vi·

239 2047 400 2088 debatur,
435 2057 575 2080 carmen
613 2047 727 2081 faeere
756 2057 946 2089 recusasse,

240 2098 332 2141 quod
346 2098 479 2131 diceret
494 2109 532 2131 se
556 2099 693 2142 gravari
709 2100 818 2132 mulas
833 2100 945 2132 lauda-

239 2160 298 2183 re:
333 2150 417 2182 nibil
444 2150 480 2182 in
510 2154 582 2183 tam
610 2150 719 2183 sterili
742 2155 946 2193 argumento

239 2201 379 2243 dignum
394 2202 496 2234 laude
507 2201 651 2244 reperiri
666 2211 776 2244 posse.
820 2200 874 2234 Ac
888 2201 947 2233 ille

239 2261 317 2284 cum
328 2252 519 2285 addidisset
528 2257 676 2292 tantum,
688 2256 852 2295 quantum
867 2262 946 2285 ava-

239 2303 330 2336 ritiae
346 2304 530 2337 Simonidis
545 2304 627 2337 satis
643 2304 838 2346 videbatur,
853 2304 946 2337 ince-

239 2354 330 2396 pisse
345 2354 492 2387 Poiitam
508 2355 598 2388 bunc
618 2355 658 2387 *in
680 2355 831 2396 modum,
846 2365 945 2388 exor—

240 2404 297 2437 dio
313 2405 397 2437 satis
421 2405 626 2446 magnifico:
650 2405 776 2448 Χαίρετ’
791 2405 945 2439 ἀελλοπό-

238 2457 298 2487 δων
322 2454 471 2498 θύγατρες
491 2456 605 2489 ἵππων.
650 2457 693 2489 Id
720 2460 786 2497 est,
820 2457 947 2490 Salvete

240 2507 392 2541 velocium
410 2512 494 2540 παίω
508 2518 667 2550 equorum.
711 2508 817 2542 Quasi
843 2509 944 2541 mulae

239 2568 307 2591 non
319 2559 425 2592 etiam
436 2559 606 2592 asinarum
619 2563 734 2592 essent
745 2558 837 2591 ffliae.
875 2559 944 2591 Sed

239 2610 352 2643 Poeta
377 2610 535 2652 callidus,
556 2610 613 2643 cui
633 2610 709 2652 jam
731 2609 841 2642 dolosi
866 2619 946 2651 spes

238 2661 418 2694 refulserat
448 2662 589 2702 nummi,
626 2661 660 2693 id
692 2660 857 2693 videlicet
886 2670 946 2693 ex-

238 2712 384 2754 cerpsit,
410 2712 502 2754 quod
533 2716 609 2744 erat
638 2712 672 2744 in
704 2712 880 2754 proposita
907 2722 945 2745 re

240 2764 471 2803 praestantius,
495 2762 643 2805 indeque
670 2763 790 2796 sumsit
812 2764 944 2805 epithe-

239 2818 309 2845 ton.
356 2814 421 2846 Sed
438 2818 474 2846 et
489 2814 713 2846 Callimachus
726 2814 944 2847 doctissimus

246 2864 361 2897 Poeta
389 2866 474 2898 hanc
499 2865 679 2899 Simonidis
701 2866 944 2909 quaestuariam

707 260 850 296 NOTAE
883 259 1151 292 vAmoRUM
1185 259 1233 291 m

996 354 1123 387 Poesiu
1149 357 1327 387 aversatus
1350 356 1424 386 est:
1447 350 1484 384 id
1510 349 1602 394 quod
1617 349 1702 383 satis

997 406 1032 439 hi
1048 407 1120 449 ejus
1132 416 1249 439 versus
1259 406 1458 439 declarant:
1482 403 1529 436 Οὔ
1537 403 1601 445 γὰρ
1611 399 1703 444 ἔργά·

997 470 1046 491 τιν
1059 457 1163 500 τρέφω
1176 457 1240 496 Τὴν
1253 457 1384 497 μοῦσαν,
1402 455 1441 488 ὦς
1456 455 1474 486 ὁ
1494 455 1584 487 Κεῖος
1595 450 1702 486 Ὑλλί-

998 522 1060 552 χου
1074 509 1193 543 νέω-ους.
1238 509 1303 541 Est
1316 504 1407 540 enim
1428 506 1503 539 haec
1518 504 1698 548 periphra-

998 558 1043 590 sis
1074 557 1254 590 Simonidis
1281 556 1356 589 nati
1379 556 1416 589 in
1446 556 1518 589 Ceo
1542 556 1641 598 (non,
1663 556 1702 586 nt

998 607 1129 641 editum
1137 612 1203 650 est,
1214 607 1303 649 Coeo)
1313 607 1435 650 insula,
1445 616 1509 640 avo
1519 605 1695 649 Hyllicho.

998 660 1116 705 (Unde
1140 660 1310 694 Ausonius
1333 659 1440 693 Ceum
1463 657 1581 700 vocat,
1609 656 1695 689 Pro·

997 712 1079 746 fess.
1103 722 1181 746 xiv.
1215 710 1466 752 ‘Can-minibus,
1488 718 1566 752 qun
1590 707 1702 751 prima

998 765 1066 797 tuis
1090 769 1170 797 sunt
1185 763 1326 797 condita
1348 762 1385 795 in
1408 759 1518 803 annis,
1531 757 1704 793 coneedit

998 815 1058 849 Cei
1075 826 1171 848 musa
1190 813 1398 849 Simonidei.’
1439 811 1609 854 Idemque
1621 813 1704 843 at·

998 869 1099 911 bunc,
1112 868 1175 901 sed
1201 871 1307 909 tecte,
1322 866 1509 908 scripsent
1531 861 1706 898 m

998 919 1177 953 Isthmion.
1234 919 1316 952 Non
1345 922 1479 951 tam
1502 918 1622 949 ntem
1642 922 1704 956 pe-

998 971 1110 1004 cuniae
1133 979 1248 1003 amau
1273 973 1313 1002 et
1334 977 1458 1002 avarus
1477 966 1546 1001 fuit
1557 965 1704 1000 Simoni-

997 1022 1059 1055 de·
1070 1033 1085 1063 ς
1103 1022 1167 1055 sed
1181 1014 1219 1056 e‘t
1236 1022 1330 1055 vitae.
1363 1020 1602 1063 Interrogatus
1610 1017 1703 1051 enim

995 1074 1031 1106 in
1045 1078 1225 1106 senectute
1238 1083 1259 1107 a
1271 1073 1420 1116 quodam
1443 1081 1546 1116 quam
1559 1069 1620 1104 diu
1633 1068 1706 1102 vix·

996 1125 1080 1157 isset
1093 1136 1102 1157 2
1119 1124 1238 1158 Annos
1247 1125 1418 1168 equidem,
1434 1121 1706 1167 inquinmultos,

998 1186 1119 1218 parum
1135 1181 1250 1209 tamen
1264 1187 1272 1209 ε
1297 1180 1387 1209 teste
1402 1174 1554 1208 stobaeo.
1570 1171 1658 1205 Rite.

1038 1230 1060 1260 4
1085 1228 1274 1270 Circumire]
1296 1227 1446 1270 Proprie
1459 1225 1504 1258 de
1513 1225 1567 1267 iis,
1580 1221 1703 1266 quiin·

995 1282 1094 1311 certo
1118 1285 1155 1311 et
1177 1277 1329 1312 instabili
1355 1276 1496 1311 vivendi
1521 1283 1648 1318 genere
1663 1282 1700 1306 u-

997 1332 1132 1371 tuntur,
1160 1334 1200 1362 ut
1227 1328 1302 1362 fere
1330 1327 1490 1362 mendici.
1547 1326 1614 1359 Vel
1641 1324 1701 1368 qui

996 1380 1114 1423 quovis
1143 1380 1245 1415 modo
1281 1384 1441 1425 quierunt
1470 1379 1614 1423 aliquid,
1641 1380 1703 1410 aut

996 1433 1182 1475 impetrare
1197 1433 1351 1476 cupiunt.
1396 1433 1454 1465 Sic
1471 1431 1546 1465 Cic.
1562 1429 1608 1463 ad
1622 1427 1700 1462 Att.

993 1483 1002 1501 ‘
1019 1483 1160 1516 Antonii
1174 1484 1317 1517 consilia
1337 1483 1514 1524 narrabat,
1526 1481 1623 1515 inum
1636 1479 1701 1513 cira

996 1534 1127 1567 enmire
1143 1534 1347 1575 veteranos?
1382 1533 1496 1567 Tacit.
1511 1532 1578 1567 hu.
1589 1540 1632 1565 ιι.
1643 1533 1701 1564 ²0.

994 1586 1005 1605 ‘
1014 1587 1102 1620 Libo
1110 1587 1294 1620 circumire
1304 1587 1434 1628 domos,
1442 1596 1543 1620 orare
1551 1585 1693 1619 adfines.
1700 1584 1711 1600 ³

996 1639 1134 1681 Fragm.
1147 1640 1289 1672 Petron.
1305 1649 1339 1682 p.
1352 1642 1406 1672 25.
1420 1639 1431 1657 ‘
1442 1638 1537 1671 Puer
1546 1638 1702 1671 circumi-

994 1691 1054 1723 bat
1078 1691 1153 1732 jam
1182 1691 1313 1724 dudum
1350 1690 1457 1734 pedes
1487 1695 1636 1728 nostros,
1665 1693 1703 1722 et

994 1742 1191 1774 missionem
1214 1741 1384 1785 rogabat!
1429 1739 1707 1774 Circumireurbee

994 1797 1059 1833 est,
1076 1793 1126 1825 ire
1142 1793 1271 1826 circum
1287 1793 1400 1826 urbes.
1423 1787 1564 1831 schel-5

1036 1848 1056 1876 5
1080 1845 1227 1877 Mercede
1240 1845 1383 1888 accepta]
1406 1845 1449 1878 Iu
1463 1855 1536 1878 eam
1549 1853 1622 1878 rem
1635 1843 1703 1877 fes-

994 1895 1160 1928 tivissima
1175 1896 1320 1929 historia
1334 1900 1390 1928 est
1405 1895 1498 1938 apud
1521 1894 1693 1928 Aristote-

995 1946 1062 1979 lem
1088 1947 1149 1980 lib.
1177 1956 1243 1980 1113»
1266 1947 1529 1980 Rhetorieorum
1557 1954 1635 1988 cap.
1660 1947 1693 1978 2,

993 1998 1045 2030 Ea
1074 1997 1123 2030 sic
1150 2008 1185 2030 se
1213 1998 1337 2031 babet:
1372 1977 1553 2030 Retulerai
1577 1997 1696 2029 nescio

993 2049 1068 2092 quis
1083 2050 1261 2083 victoriam
1273 2050 1400 2083 -mnlari
1420 2049 1589 2083 curriculo
1603 2048 1699 2092 (nam

993 2100 1150 2134 mulabus
1182 2111 1320 2145 quoque
1347 2101 1455 2134 decus
1484 2105 1573 2142 erat,
1599 2104 1639 2134 ut
1664 2099 1700 2133 in

994 2151 1236 2185 certaminibus
1252 2152 1357 2185 sacris
1367 2151 1618 2193 decurrerent).
1663 2151 1699 2183 Is

994 2212 1070 2235 cum
1101 2203 1311 2237 Simonidem
1336 2209 1478 2242 orasset,
1503 2208 1543 2237 ut
1565 2204 1696 2246 scripto

993 2254 1112 2287 odario
1136 2255 1291 2288 victoriae
1306 2265 1377 2288 suae
1399 2255 1561 2288 bonorem
1582 2264 1700 2288 conse-

993 2310 1121 2348 craret,
1143 2316 1255 2349 neque
1282 2311 1398 2339 tamen
1422 2316 1567 2348 merces,
1594 2315 1697 2351 quam

994 2355 1175 2397 offerebat,
1200 2358 1284 2390 satis
1300 2358 1416 2400 ampla
1439 2357 1625 2399 videretur,
1640 2366 1700 2390 ne·

994 2407 1090 2448 gavit
1114 2407 1305 2441 Simonides
1329 2418 1431 2451 posse
1458 2417 1494 2440 se
1512 2408 1698 2451 quidquam

993 2458 1028 2490 in
1044 2458 1150 2491 mulas
1173 2459 1340 2501 scribere,
1358 2459 1487 2502 quippe
1510 2469 1588 2502 quae
1615 2458 1698 2491 satis

994 2509 1149 2542 materiae
1165 2510 1346 2543 condendo
1361 2510 1502 2543 carmini
1526 2519 1594 2543 non
1609 2518 1698 2552 prte-

993 2559 1126 2592 berent.
1173 2561 1237 2592 Ille
1247 2561 1420 2594 enimvero
1433 2561 1550 2603 gloriae
1566 2560 1696 2602 avidus,

994 2614 1031 2643 et
1040 2610 1114 2652 jam
1138 2611 1405 2644 immortalitatis
1424 2611 1548 2644 fiducia
1563 2611 1694 2654 plenus,

993 2662 1118 2704 siquid
1146 2662 1190 2694 de
1219 2673 1256 2695 se
1278 2672 1298 2695 a
1324 2662 1499 2696 Simonide
1525 2662 1691 2704 scriptum

991 2713 1093 2754 foret,
1119 2712 1288 2745 hominem
1313 2713 1426 2755 pretio
1454 2713 1612 2746 uberiore
1637 2723 1696 2756 ag-

992 2763 1160 2806 greditur,
1168 2765 1286 2806 instat,
1296 2768 1409 2805 urget,
1420 2773 1499 2796 mox
1516 2764 1625 2806 plura,
1637 2764 1694 2797 de-

992 2816 1025 2849 in
1037 2817 1139 2850 etiam
1155 2817 1263 2858 ptura,
1276 2816 1424 2858 denique
1437 2820 1599 2858 qnantum
1611 2816 1694 2849 satis

993 2872 1096 2911 esset,
1120 2867 1263 2901 addidit.
1307 2869 1391 2900 Tum
1417 2868 1607 2901 Simonides
1636 2879 1692 2902 ca-
