1806 3236
402 212 606 246 ramniu
641 211 748 244 rAn.
781 211 1087 245 AESOPJARUM
1121 212 1221 246 mn.
1253 213 1310 245 11.
1339 204 1383 247 4.

158 306 254 351 apud
273 307 391 341 unt.
406 307 453 340 ad
473 307 567 340 Stat.
581 306 691 340 Theb.
707 315 759 340 tv.
784 310 860 342 190.

156 359 169 378 ‘
184 356 352 393 Ostendit
362 355 492 391 offundi
504 358 613 390 solem
624 362 662 390 et
674 362 861 400 tempesta-

155 406 441 450 tdori'rillegm
466 409 567 451 vulgo
582 408 711 451 offendi.
740 410 861 443 Burm-

196 462 241 493 12
260 459 409 502 Direpit]
431 461 576 494 Colerus
603 465 640 493 et
665 461 862 494 Rittershu-

152 510 234 554 siu,
261 510 408 554 Der-qvir.
451 511 535 544 Sine
564 522 680 545 causa.
726 513 861 555 Dii-epit

151 563 219 602 est,
230 559 313 593 inde
327 561 419 604 repit
433 561 478 594 ab
492 561 619 604 aquila,
635 563 737 596 sicuti
758 564 768 581 ‘
780 564 860 596 Dis-

151 608 272 652 eedit,'
293 611 546 654 ‘Digreditur.'
591 614 649 646 Sic
672 614 734 647 inf.
749 615 810 649 lib.
823 625 860 649 v.

147 664 184 696 6.
220 661 373 695 ‘Scurra
399 662 580 705 digrunnit
605 664 736 706 prior:'
771 666 804 699 11.
829 676 859 700 e.

146 713 231 748 inde
257 724 279 747 a
299 715 388 748 sinn.
432 713 601 758 Apuleius
627 717 686 750 lib.
701 727 752 751 iv.
776 718 860 762 “Ibi

149 774 228 798 cum
256 765 384 808 singuli
422 765 655 809 dii-epissent.5
716 768 860 801 Frustra

148 814 207 848 liic
243 815 402 848 Pricaeus
438 817 599 859 corrigit,
642 818 858 861 direpsissent.

149 865 263 899 senes.
296 866 392 900 Male
404 870 523 900 tuetur
532 868 664 910 Diu-epit
676 869 860 902 Meni-sius.

149 916 284 960 Derepit
298 927 377 952 cum
387 918 515 951 Colero
526 918 721 961 legendum.
742 920 859 953 Heius.

147 967 222 1002 Aut
235 969 404 1002 memoria
415 969 582 1012 imposuit
595 969 784 1014 Scheffero,
799 975 861 1005 aut

145 1019 279 1054 librarii
294 1020 519 1063 aberraruntx
542 1031 620 1054 nam
638 1023 793 1056 Pricaeus
815 1023 859 1055 ad

149 1070 289 1114 Apulei.
318 1081 356 1114 p.
383 1074 458 1105 189.
486 1072 573 1115 legit
600 1073 794 1115 den-epissent
822 1073 859 1105 in

145 1121 290 1165 Apuleii
305 1122 393 1156 loco.
436 1122 506 1155 Sed
521 1123 612 1156 male
627 1133 704 1156 eum
718 1122 861 1156 confuu-

146 1171 231 1206 dere
245 1174 375 1216 erepere*
395 1177 434 1206 et
455 1174 613 1216 derepere,
634 1174 755 1207 docuit
769 1174 858 1207 Gro-

145 1222 266 1256 novius
294 1223 340 1256 ad
366 1223 489 1257 Senec.
520 1224 642 1258 Plioen.
658 1227 733 1258 112.
763 1225 857 1258 Plin.

143 1281 227 1306 vm·
252 1275 308 1307 86.
339 1273 350 1293 ‘
365 1273 614 1318 Ingrediuntur
639 1279 677 1309 et
703 1276 859 1320 bipedes,

143 1319 303 1358 arborem
318 1326 432 1359 aversi
447 1326 640 1370 derepunt.'
661 1328 776 1361 Burm.

163 1368 166 1373 ’
187 1375 338 1419 Dio-epit]
368 1377 437 1412 Mn.
463 1377 606 1421 Diripit.
662 1379 733 1412 Sed
760 1384 857 1413 recte

143 1424 364 1460 nubendum
377 1427 513 1471 derepit,
526 1428 688 1462 viderunt
700 1430 765 1462 viri
776 1429 857 1464 doc-

144 1475 186 1518 ti,
199 1479 240 1509 nt
253 1476 397 1510 Colerus
418 1478 632 1521 conjecerat,
656 1480 761 1523 idque
776 1491 857 1514 con·

143 1525 296 1560 firmavit
310 1527 385 1561 aliis
398 1528 484 1562 locis
505 1529 775 1572 Rittershusius;
797 1541 858 1564 ne-

146 1586 215 1620 que
237 1577 447 1612 audiendum
466 1583 553 1622 puto
568 1581 760 1614 Meursium
776 1591 858 1615 con-

144 1631 200 1661 tra
213 1627 395 1662 nitentem.
425 1629 512 1662 (ἔω.

187 1679 337 1723 Direpit]
373 1680 610 1714 Proculdnbio
643 1691 762 1716 verum
793 1687 859 1727 est,

145 1728 239 1772 quod
263 1729 460 1773 cui-iatoph.
489 1731 633 1764 Colerus
669 1732 858 1776 admonuit,

143 1780 278 1822 derepit.
330 1781 494 1824 Derepere
520 1786 588 1824 est,
613 1783 774 1817 deorsum
803 1795 858 1818 re-

143 1839 244 1873 pere.
285 1831 345 1865 sie
372 1831 571 1876 ‘Degredi'
602 1845 678 1878 pro,
714 1836 857 1871 descen-

142 1882 242 1926 dere,
262 1887 316 1917 est
339 1884 432 1928 apud
451 1885 578 1920 Salust.
591 1887 741 1930 Livium,
755 1889 856 1923 Taci-

79 1952 84 1958 ·
142 1936 232 1976 tum,
245 1938 350 1978 atque
363 1934 566 1970 Ausonium.
598 1938 798 1973 Victorinus
810 1942 855 1975 de

144 1982 422 2026 orthographia:
456 1988 650 2030 ‘Degredi,
680 1989 724 2021 de
753 2000 855 2033 supe-

143 2034 236 2068 riore
250 2036 325 2069 loco
347 2035 587 2070 descendere!
629 2039 687 2071 Sic
713 2041 856 2083 deripere

143 2090 210 2128 est,
222 2086 382 2119 deorsum
397 2097 520 2129 rapere
533 2089 588 2121 vel
602 2090 751 2131 trahere,
762 2092 853 2133 apud

143 2135 309 2168 Plautum
337 2139 375 2169 et
409 2136 594 2179 Tibullum,
619 2139 786 2182 aliosque,
815 2145 856 2174 ut

143 2186 250 2220 docet
262 2187 455 2230 Giphanius
470 2188 506 2220 in
519 2189 660 2223 Lucret.
684 2190 774 2224 Rite.

190 2237 318 2279 cubile]
339 2237 397 2271 Sic
422 2239 564 2271 Lucret.
588 2239 599 2258 ‘
615 2239 771 2274 Instrata
794 2251 855 2275 cu-

143 2287 229 2320 bilia
241 2286 387 2321 nonde!
432 2288 479 2321 Et
500 2288 593 2322 idem
618 2289 675 2323 hie
696 2290 788 2324 iufra
809 2292 855 2325 de

145 2338 335 2372 Panthera.
357 2339 502 2382 Schiopp.
544 2340 704 2383 Proprie.
726 2341 784 2374 Ita
799 2353 853 2375 su-

143 2398 211 2432 pra
227 2389 290 2425 lib.
308 2399 336 2423 1.
360 2393 414 2424 19.
442 2390 486 2423 de
510 2400 617 2424 cane:
649 2392 660 2410 ‘
675 2392 852 2435 Flagitare

143 2438 292 2473 validius
305 2440 428 2474 Cubile
441 2441 573 2483 coepit?
597 2441 700 2482 Schef.

186 2493 228 2524 1⁸
251 2491 416 2534 Pericula]
444 2492 539 2535 Lege
549 2493 668 2535 periclo
682 2503 761 2527 cum
777 2495 853 2529 Rit-

144 2542 327 2580 terslinsio.
345 2543 462 2577 Heins-

186 2594 231 2626 u
252 2593 370 2636 Sir-ul]
382 2594 508 2627 Statim
520 2597 704 2638 postquam
715 2595 851 2630 exieris.

145 2642 287 2676 livius:
310 2644 321 2662 ‘
337 2644 419 2686 Qui,
430 2644 530 2677 simul
542 2645 577 2677 in
585 2649 762 2688 potestate
777 2657 852 2680 ves·

146 2696 204 2726 tra
223 2698 340 2736 erunt,
363 2696 524 2738 exemplo
547 2697 660 2730 omnia
685 2698 850 2733 tradent:

147 2741 253 2783 Sabd.
294 2745 375 2779 Vid.
391 2746 498 2780 Grou.
520 2747 563 2780 ad
579 2747 654 2780 Liv.
669 2757 721 2782 vr.
747 2752 777 2782 1.
803 2755 853 2793 et,

148 2795 177 2828 si
190 2799 301 2840 vacat,
311 2797 417 2832 etiam
428 2799 590 2834 Crenium
601 2798 761 2837 Anima‘l.
771 2801 852 2838 Pbi-

915 309 974 342 lol.
992 312 1018 342 t.
1033 318 1085 342 1¹.
1101 317 1135 351 p.
1150 311 1206 343 68.
1251 308 1310 342 Ita
1321 308 1468 342 Ovidius
1482 311 1625 355 centies,

916 364 954 392 et
968 360 1026 392 alii
1042 360 1180 402 passim.
1203 361 1321 393 Burm-

959 411 1108 453 Pastum]
1128 411 1297 453 Respexit
1313 411 1486 454 Plautum,
1501 413 1560 456 qui
1573 415 1624 447 sic

916 461 951 493 in
976 461 1116 494 Mostel.
1131 470 1183 494 ιν.
1211 471 1258 495 sc.
1275 465 1306 494 1.
1327 463 1338 481 ‘
1355 461 1413 495 Ire
1428 462 1493 505 vis,
1519 465 1624 507 mula,

915 511 1008 545 foras
1025 511 1184 554 pastum!
1208 512 1316 552 Schef.

959 566 1002 595 16
1025 563 1326 605 Complevitlocum]
1349 564 1472 598 Cubile
1493 565 1562 599 suis
1575 566 1628 599 in—

914 613 1054 654 telligit.
1099 613 1155 646 lta
1171 614 1295 647 Cicero
1318 614 1354 646 in
1370 613 1472 648 Orat.
1495 616 1506 634 ‘
1522 617 1627 649 Plan-

914 675 996 708 gore
1008 669 1044 697 et
1055 666 1301 700 lamentatione
1312 668 1487 709 complere
1496 666 1610 702 forum
1618 668 1630 684 '

913 715 1013 748 dixit.
1041 715 1148 755 Schef.

958 768 999 798 17
1022 766 1141 798 Dolosa
1164 766 1249 809 luto]
1286 767 1384 801 Sicut
1411 779 1488 812 sup.
1516 770 1578 803 lib.
1594 779 1623 803 1.

912 819 967 848 29.
988 816 1024 848 in
1051 817 1195 859 priorib.
1223 819 1407 860 legebatur
1430 824 1506 863 toto,
1532 822 1625 855 unde

913 867 959 901 N.
975 867 1143 901 Heinsius
1163 869 1309 910 putabat
1329 874 1414 912 noto,
1439 881 1507 914 quo
1521 872 1624 905 modo

910 929 988 961 cap.
1003 921 1034 952 8.
1068 919 1079 937 ‘
1097 920 1193 952 Nota
1215 921 1436 962 pernicitas?
1472 932 1550 965 eap-
1569 926 1626 959 12.

909 968 919 986 ‘
930 968 1055 1001 Exitus
1069 970 1144 1002 noti
1159 969 1182 1001 :’
1203 970 1227 1003 l.
1239 980 1271 1003 v.
1283 980 1315 1003 e.
1328 974 1361 1003 6.
1377 972 1387 989 ‘
1401 972 1530 1005 Notum
1542 982 1624 1006 cau-

909 1019 1040 1060 ticum,'
1054 1021 1121 1053 &c.
1166 1019 1311 1052 Ursinus
1326 1030 1431 1062 porro
1447 1022 1554 1055 verba
1567 1023 1625 1056 hic

909 1069 1117 1112 transponit,
1132 1070 1301 1113 legitque,
1323 1074 1388 1103 toto
1401 1082 1467 1105 sese
1481 1074 1624 1107 condidit

908 1130 995 1154 cavo,
1028 1119 1143 1153 Schef.
1199 1121 1372 1162 Rigaltius
1400 1122 1513 1155 edidit
1541 1127 1622 1158 tuto.

909 1171 1004 1212 Lege
1019 1171 1137 1203 Dolore
1149 1174 1235 1204 noto.
1258 1171 1381 1204 Heius.

955 1222 1033 1255 Toto
1047 1223 1187 1255 condidit
1210 1233 1278 1255 sese
1297 1223 1388 1265 cavo]
1428 1226 1518 1267 Toto,
1541 1226 1624 1268 imo,

910 1273 1046 1306 ultimo.
1101 1274 1161 1307 Sic
1184 1274 1416 1316 ‘Speluncam
1442 1277 1623 1311 ultimam’

906 1323 1067 1357 draconis
1083 1324 1174 1357 dixit
1187 1325 1245 1357 lib.
1262 1335 1312 1358 lv,
1334 1327 1382 1359 Et
1393 1326 1455 1359 lib.
1469 1337 1512 1361 n.
1529 1329 1539 1347 ‘
1554 1329 1620 1362 To·

906 1374 953 1407 tis
965 1374 1066 1407 avida
1080 1375 1186 1408 traxit
1199 1375 1365 1408 naribus.'
1390 1377 1468 1418 Rig.

952 1426 1120 1467 Condidit]
1144 1426 1187 1458 Id
1205 1430 1271 1469 est,
1296 1427 1528 1462 abscondidit.
1563 1430 1623 1464 Ita

907 1477 980 1512 fab.
1003 1482 1036 1512 6.
1058 1479 1161 1521 hujus
1186 1479 1266 1512 libri
1293 1489 1342 1512 vs.
1358 1483 1390 1513 6.
1412 1481 1584 1515 ‘Condita
1597 1483 1620 1523 ;'

907 1535 945 1563 et
960 1530 1029 1565 fab.
1046 1534 1078 1564 8.
1101 1542 1153 1564 vs.
1168 1535 1200 1565 4.
1235 1533 1245 1551 ‘
1258 1532 1304 1564 Se
1320 1533 1425 1566 bovili
1442 1535 1622 1569 condidit:

911 1582 998 1615 Gud-

964 1633 1066 1675 Cavo]
1111 1633 1195 1676 Sup.
1231 1633 1241 1652 ‘
1259 1634 1472 1667 Cavernam’
1509 1635 1620 1670 dixit:

907 1683 1024 1717 Plaut.
1038 1684 1136 1718 Men.
1157 1682 1240 1717 Act.
1256 1693 1282 1717 1.
1305 1685 1362 1718 Sc.
1377 1688 1409 1718 2.
1430 1686 1440 1703 ‘
1458 1685 1621 1719 Concede

906 1734 1075 1768 audacter
1104 1734 1150 1768 ab
1179 1735 1336 1768 Leonino
1365 1736 1475 1769 cavo!
1511 1737 1622 1776 Schef.

910 1786 1008 1827 Cano,
1021 1785 1157 1818 scilicet
1171 1786 1325 1819 arboris:
1350 1790 1388 1819 ut
1403 1797 1447 1819 ex
1464 1787 1621 1821 Varrone

907 1836 1066 1869 Lutatius
1080 1836 1126 1868 ad
1141 1837 1230 1869 Stat.
1244 1837 1354 1870 Theb.
1370 1846 1422 1870 ιν.
1440 1841 1516 1872 276.
1538 1838 1548 1857 ‘
1565 1839 1621 1872 Fi-

905 1887 970 1919 lios
985 1891 1103 1920 autem
1119 1887 1221 1925 snos,’
1234 1887 1284 1920 ait
1294 1888 1418 1930 Varro,
1433 1889 1444 1907 ‘
1456 1889 1619 1923 arborum

906 1940 1014 1982 cavis,
1039 1945 1100 1973 aut
1123 1941 1285 1973 concavis
1312 1941 1485 1982 specubus
1500 1946 1620 1975 conte-

906 1990 1056 2032 gebaut!
1101 1992 1111 2009 ‘
1130 1991 1243 2024 Cava'
1259 1991 1348 2024 dixit
1360 1992 1529 2025 Columel.
1544 2002 1571 2026 1.
1584 1996 1621 2027 6.

906 2045 944 2073 et
959 2041 1028 2073 alii.
1053 2042 1168 2074 Burm.

950 2095 993 2124 18
1015 2090 1180 2132 Evagata]
1206 2091 1364 2135 Βατεύειν,
1394 2091 1616 2131 tanum-edem.

949 2195 1103 2236 Suspenso
1128 2195 1222 2236 pede]
1252 2195 1353 2227 Locis
1377 2204 1398 2227 a
1421 2195 1616 2230 Rittersbu-

904 2245 953 2277 sio
969 2245 1119 2277 laudatis
1138 2245 1228 2277 addo
1242 2245 1486 2279 Lucretianum
1499 2247 1543 2280 de
1558 2257 1616 2280 ca-

903 2295 1016 2336 nibus,
1027 2304 1214 2338 earumque
1232 2296 1377 2329 catulis:
1393 2297 1405 2315 ⁶
1420 2296 1470 2330 At
1480 2299 1614 2332 catulos

902 2345 1028 2378 blande
1045 2355 1124 2378 eum
1148 2345 1266 2387 lingua
1291 2346 1443 2379 lambere
1459 2351 1613 2390 tentant,

902 2396 975 2429 Aut
988 2396 1047 2430 nbi
1062 2406 1121 2429 eos
1136 2397 1282 2437 lactant,
1302 2396 1459 2440 pedibus,
1483 2408 1615 2432 morsu·

901 2457 970 2490 que
986 2451 1160 2490 petentes,
1187 2447 1370 2490 Suspensis
1385 2452 1523 2482 teneros
1539 2450 1615 2483 imi-

899 2502 1018 2531 tantur
1054 2498 1214 2531 dentibus
1262 2498 1429 2534 haustus:
1483 2500 1613 2544 Schiop.

899 2548 999 2590 Leni,
1013 2548 1143 2589 tacit03
1168 2553 1207 2580 ut
1219 2548 1394 2582 ambulans
1409 2559 1477 2583 non
1493 2556 1614 2593 posset

901 2598 1072 2631 exaudiri.
1115 2598 1174 2631 Sic
1191 2599 1386 2640 Lucretius,
1411 2601 1614 2644 Terentius,

899 2649 1066 2691 Virgilius
1092 2649 1291 2691 loquuntur.
1337 2650 1396 2683 Sic
1432 2655 1470 2684 et
1506 2654 1515 2670 ‘
1530 2652 1612 2685 Sus-

899 2701 997 2742 pensi
1034 2699 1206 2742 poplites'
1242 2701 1335 2744 apud
1372 2702 1535 2745 Statium,
1572 2707 1611 2738 et

900 2752 910 2770 ‘
928 2751 1094 2793 Suspensi
1120 2751 1272 2792 gressus'
1302 2752 1396 2795 apud
1418 2752 1610 2790 Arnobium

898 2803 1074 2846 leguntur.
1096 2802 1205 2842 Schef.

1536 207 1622 250 441
1674 206 1679 213 '
