1806 3236
720 195 940 228 PHAEDRI.
1511 186 1572 229 29

91 291 283 347 primam
321 292 572 341 fabularum
624 291 1041 335 conscribendarum
1077 303 1263 335 causam
1308 305 1397 334 non
1432 292 1572 336 fuisse

91 359 411 413 calamitatem,
446 361 584 404 immo
621 372 727 403 vero
753 359 959 402 homines
993 360 1258 403 emendandi
1287 359 1569 405 desiderium.

89 425 167 471 Ad
183 429 307 485 quod
326 428 570 473 accedebat
588 428 738 472 laudis
766 432 811 472 et
840 429 993 483 gloriae
1015 429 1253 485 cupiditas,
1275 429 1395 472 illius
1423 431 1571 472 maxi-

90 507 182 548 me,
201 510 304 554 quae
338 502 408 540 est
445 510 506 540 ex
535 496 693 548 literis,
724 500 767 539 et
792 497 1142 540 immortalitatis
1163 497 1448 549 desiderium,
1477 511 1568 553 quo

89 564 405 620 inflammatum
423 564 562 608 fuisse
572 563 781 620 poetam,
802 564 920 609 haud
949 579 1066 610 unus
1096 569 1287 611 testatur
1315 566 1571 610 fabularum

88 631 263 678 locuss
291 631 509 689 Namque
525 632 649 677 Ptol.
670 633 774 677 Lib.
797 644 871 676 111.
882 634 963 678 60.
983 635 1056 678 61.
1170 660 1173 663 -

260 701 396 757 Ergo,
415 701 619 759 (inquit‚)
637 702 742 746 hinc
762 703 938 755 abesto,
958 704 1086 756 livor,
1108 717 1166 747 ne
1185 703 1348 747 frustra
1367 717 1547 759 gemas:

153 805 159 813 .
265 769 490 823 Quoniam
510 769 619 812 mihi
637 771 840 819 solennis>
852 771 1045 817 debetur
1063 772 1221 827 gloria.

89 838 168 883 Sic
188 838 308 895 Epil.
333 850 398 881 lv.
418 839 462 881 5.
481 838 526 882 6;

261 906 506 958 Particu10,
527 907 692 951 chartis
711 921 876 951 nomen
895 909 1116 953 victurum
1134 909 1265 962 meis,

259 975 434 1019 Latinis
451 975 559 1018 dum
578 977 779 1020 manebit
798 979 988 1033 pretium
1008 979 1166 1021 literis.

86 1042 204 1096 Quae
234 1043 410 1095 docent,
446 1047 539 1087 tam
567 1042 791 1122 ‘praeclare
821 1045 879 1087 de
915 1039 979 1088 se
997 1046 1197 1088 sensisse
1234 1046 1492 1101 Phaedrum,
1522 1053 1570 1092 ut

86 1116 136 1155 et
155 1111 258 1155 aliis
276 1112 441 1154 famam
460 1111 650 1155 nominis
671 1116 718 1156 et
737 1112 1120 1157 immortalitatem
1150 1113 1255 1158 dare
1273 1122 1408 1171 posse
1430 1119 1569 1173 scrip-

85 1181 146 1224 tis
179 1181 273 1223 suis
307 1179 545 1233 crederet:
573 1184 623 1225 ut
655 1181 862 1224 omittam
884 1182 1012 1235 loca,
1034 1196 1142 1238 quae
1169 1187 1379 1227 nostrum
1402 1187 1569 1240 praedi-

88 1249 182 1292 cari
211 1248 267 1292 de
299 1261 366 1301 se,
399 1253 445 1293 et
473 1249 692 1295 nominari
728 1263 757 1294 a
786 1252 1053 1307 posteritate
1088 1252 1299 1305 voluisse,
1332 1254 1568 1297 manifesto

88 1315 307 1381 proha-»tf
406 1337 544 1351 —
614 1358 624 1368 ,

742 1462 887 1497 NOTAE

129 1551 146 1569 ‘
166 1545 247 1580 Hoc
261 1545 401 1579 nomine
419 1546 669 1589 perstringitur
683 1551 801 1580 noster
852 1557 943 1589 vem,
966 1549 1020 1581 ve!
1044 1549 1260 1592 impudicam
1290 1550 1568 1595 obscoenitatem,

86 1598 131 1632 ab
147 1597 302 1631 Adriano
315 1596 461 1638 namet,
484 1598 520 1630 in
532 1598 721 1640 Jugemens
737 1598 800 1631 des
853 1600 954 1642 cujus
970 1601 1116 1643 vestigia
1138 1602 1173 1634 in
1200 1601 1335 1634 fabellis
1358 1603 1434 1644 ejus
1449 1613 1570 1646 snper-

85 1650 231 1691 Suana,
244 1652 327 1682 tom.
343 1657 395 1681 ιν.
410 1658 447 1691 p.
465 1651 539 1682 148.
575 1649 647 1683 Sed
662 1650 740 1684 vide
755 1650 800 1684 ad
854 1656 948 1694 sunt,
962 1653 1121 1685 excusari
1147 1662 1249 1695 posse
1265 1653 1387 1686 credit.
1432 1655 1501 1687 Sed
1518 1656 1568 1687 in-

86 1696 179 1742 Epa.
193 1702 286 1733 nus.
298 1702 331 1732 6.
350 1692 600 1734 D'esbmonium
614 1701 648 1734 iu
660 1701 762 1746 Disp.
774 1711 799 1736 1.
854 1702 1062 1745 dulgendum
1080 1704 1183 1746 genio
1203 1705 1332 1746 saeculi,
1345 1709 1384 1737 ut
1401 1706 1480 1743 mihi
1496 1707 1566 1750 qui-

85 1750 251 1791 deviem
260 1749 410 1784 Phaedri
427 1760 467 1794 p.
480 1759 561 1787 nv.
584 1753 647 1796 qui
666 1763 734 1787 non
750 1754 801 1788 ita
854 1755 933 1788 dem
949 1755 1098 1790 videtur.
1120 1756 1123 1758 ’
1500 1749 1502 1753 ’

85 1801 235 1844 benigne
261 1811 423 1844 spurcam
445 1812 544 1846 aeque
568 1813 610 1837 ac
625 1804 799 1838 indoctam
843 1845 847 1852 ⁵
897 1805 911 1827 f
931 1806 1021 1840 Vide
1029 1817 1069 1840 e.
1086 1816 1118 1841 c.
1132 1806 1228 1850 Ptol.
1241 1816 1298 1841 m.
1315 1810 1370 1841 32.

87 1851 324 1887 narrationem
339 1851 384 1885 de
399 1851 531 1887 Canum
545 1854 669 1898 legatis
679 1855 723 1888 ad
737 1856 761 1890 J
764 1866 799 1890 ο-
