1806 3236
220 218 375 275 654'

219 338 230 357 ‘
243 341 352 371 totum
364 336 450 370 illud
462 336 506 370 de
515 335 725 380 Tyndaridis
736 334 927 368 fabulosum

218 390 374 430 videtur,
388 398 500 431 neque
523 388 660 421 omnino
675 386 777 429 hujus
793 386 844 419 rei
858 395 928 418 me—

219 439 320 472 minit
346 438 460 480 poeta,
487 448 557 470 non
581 438 750 471 taciturus
772 437 814 470 de
831 441 929 471 tanta

221 500 282 523 sua
298 489 427 532 gloria!
472 489 575 522 Unde
592 488 710 531 igitur,
721 491 757 521 et
769 497 927 531 quorsum

222 544 291 573 tam
305 542 377 572 late
393 540 558 582 divagata
571 540 629 572 illa
642 538 733 572 fama
748 540 826 572 est?
849 549 929 572 nam

221 593 346 634 passim
376 592 450 625 haec
476 592 582 634 legas.
626 591 696 624 Sed
709 592 791 624 heus
803 595 854 632 tu,
869 600 929 623 ne·

220 644 289 676 scis
304 642 388 675 illud
413 643 581 684 Lucretii,
601 642 713 685 nimis,
726 652 747 675 o
761 642 863 675 nimis
874 651 930 675 ve-

219 694 317 726 rum?
343 695 354 713 ‘
369 694 455 727 Ideo
462 694 601 736 jactant
626 693 791 726 miracula
813 692 929 734 dictis,

221 745 294 778 Aut
310 746 422 788 aliqua
445 745 582 778 ratione
599 745 667 777 alia
685 744 870 785 ducuntur,
890 748 930 776 ut

221 806 321 829 omne
351 797 549 830 Humanum
576 806 682 839 genus
710 798 767 828 est
793 795 930 828 avidum

220 848 319 881 nimis
335 847 584 881 auricularum?
608 847 722 880 Faber.
755 846 871 881 Quid?
887 856 931 879 an

221 909 304 941 ergo
329 902 553 932 numerantur
577 902 615 932 et
637 898 777 931 laudes?
807 897 932 939 scribo,

220 950 322 982 laudis
350 951 431 991 duoe,
458 954 497 982 ut
522 950 568 983 sit
592 958 731 982 sensus:
754 949 825 990 Illi,
849 958 933 991 quo*-

222 1011 298 1034 rum
328 1006 408 1034 sunt
433 1001 508 1034 dnae
524 1001 665 1044 reliquae
682 1004 800 1041 partes
817 999 934 1032 lauda-

222 1052 337 1094 tionis,
364 1051 512 1085 reddant
536 1052 613 1094 tibi,
640 1051 733 1095 quod
754 1051 935 1094 postulas3

222 1113 287 1145 ego
303 1103 395 1136 enim
419 1102 511 1146 quod
529 1106 651 1145 pactus
668 1112 755 1142 sum,
781 1111 844 1144 pro
859 1110 938 1134 mea

223 1158 324 1195 parte
339 1154 435 1187 solvi.
479 1153 594 1186 Faber
610 1157 723 1195 putat,
734 1154 807 1195 duo,
827 1157 868 1186 nt
883 1163 938 1186 re·

223 1205 348 1246 spiciat
363 1205 575 1238 antecedens
592 1204 662 1237 Illi.
706 1204 773 1237 Sed
789 1204 938 1237 alterum

224 1256 357 1288 rectius
373 1256 523 1289 videtur.
546 1255 652 1295 Schef.

267 1306 391 1339 Laudes
398 1306 485 1348 ἀπα]
502 1306 732 1339 Soloecismns.
753 1305 821 1339 sed
830 1305 937 1348 scrip-

225 1360 318 1389 serat
334 1356 516 1398 Phaedrus,
530 1361 570 1390 ut
594 1356 772 1390 Scheffero
790 1357 863 1398 jam
886 1357 937 1389 vi-

225 1412 313 1448 sum,
341 1407 445 1440 laudis
478 1409 574 1446 duoe‚·
610 1407 771 1449 subaudi,
793 1411 909 1450 partes
926 1417 937 1448 ς

226 1457 318 1501 qnod
346 1458 424 1491 ideo
452 1459 625 1499 omissum,
651 1460 732 1502 quia
747 1459 821 1501 jam
837 1469 938 1501 prox-

226 1509 295 1541 ime
319 1509 518 1542 antecedat.
562 1510 628 1542 Est
656 1514 772 1543 autem
798 1511 938 1552 elegans

225 1561 357 1602 ellipsis
372 1564 409 1593 et
425 1559 600 1593 veteribus
624 1559 800 1603 frequens,
827 1561 863 1593 in
879 1570 939 1592 nu-

226 1612 412 1645 meralibus
442 1613 605 1645 omittere
641 1616 769 1655 partes.
814 1612 940 1645 Cicero

227 1663 261 1694 in
274 1663 391 1696 Divin.
414 1663 424 1681 ‘
439 1664 551 1698 Quam
567 1663 628 1696 illa
638 1663 826 1706 primarum
841 1663 863 1695 :'
880 1663 940 1695 ubi

228 1712 420 1746 Asconius:
455 1713 465 1732 ‘
481 1713 838 1756 Subaudi,partium.’
883 1712 940 1745 Ad

227 1762 304 1796 Att.
320 1764 386 1805 Ep.
412 1773 437 1796 1.
463 1766 517 1796 14.
541 1763 700 1796 ‘Amoris
725 1764 789 1796 tibi
813 1763 940 1805 primas

226 1813 372 1847 defero!
403 1815 448 1846 Et
464 1814 508 1847 de
526 1815 607 1847 Nat.
623 1815 730 1847 Deor.
747 1815 756 1832 ‘
770 1814 826 1846 Ad
838 1824 939 1857 quem

228 1864 391 1907 Epicurei
407 1865 532 1906 primas
561 1863 790 1898 deferebant.¹
835 1866 882 1898 Et
898 1865 940 1898 de

177 1919 180 1921 ’
230 1916 319 1948 Clar.
333 1915 436 1948 Orat.
460 1916 471 1934 ‘
487 1916 623 1949 Primas
637 1915 673 1949 in
689 1916 801 1949 causis
816 1916 942 1959 agebat

230 1965 465 2000 Hortensius!
510 1968 558 1999 Et
583 1967 626 2000 de
653 1966 755 2000 Orat.
770 1967 941 2009 ‘Ingenio

230 2018 358 2060 primas
375 2017 591 2051 concedere.’
635 2018 695 2051 Sic
708 2022 745 2051 et
756 2018 942 2060 legendum

230 2069 264 2101 in
281 2068 393 2102 Acad.
429 2069 472 2102 In
493 2068 650 2102 omnibus
673 2070 775 2112 vulgo
800 2069 942 2103 additur

227 2124 346 2161 partes.
372 2120 466 2154 Gud.

274 2173 315 2203 14
350 2171 465 2204 Verum
493 2170 549 2212 ne]
592 2171 738 2204 Veteres
769 2170 942 2204 editiones

229 2222 436 2263 habuerunt,
451 2226 486 2255 ut
500 2233 549 2265 ne,
564 2222 654 2265 quod
673 2223 799 2264 probat
813 2223 942 2255 Vlitius

231 2273 265 2304 in
287 2272 498 2306 ⁴doctissimis
520 2273 564 2306 ad
580 2274 747 2315 Cyneget.
763 2275 943 2306 Commen-

232 2323 343 2364 tariis,
368 2324 484 2367 aitque
505 2324 684 2366 eleganter
699 2323 888 2363 abundare,
903 2327 943 2356 ut

231 2374 267 2406 in
283 2374 340 2406 illo
367 2374 482 2407 Gratii
504 2384 554 2407 vs.
577 2377 653 2407 240.
676 2374 687 2392 ‘
704 2375 750 2406 Et
771 2378 886 2407 tamen
904 2378 943 2407 ut

232 2434 276 2456 ne
306 2425 417 2466 prima
445 2424 617 2457 fruentem
631 2425 776 2466 pignora
796 2424 942 2457 fallant)

231 2475 338 2513 Schef.
380 2475 487 2518 Lege,
518 2476 632 2508 Verum
646 2485 685 2508 ne
701 2475 829 2516 ingrate
843 2478 875 2507 te
894 2475 942 2507 di-

230 2526 360 2558 missum
372 2526 499 2558 sentias.
522 2526 647 2559 Heius.

281 2577 326 2608 Ut
342 2577 440 2609 neira
454 2580 485 2609 te
501 2577 661 2609 dimissum
673 2576 821 2618 sentiam]
838 2577 942 2617 Lego,

231 2629 267 2658 ut
284 2637 321 2658 ne
343 2627 463 2659 iratum
477 2631 509 2660 te
531 2628 606 2660 dim.
621 2637 685 2660 sen.
720 2627 878 2659 Pithoeus
892 2631 943 2659 ta-

232 2677 315 2709 merr'
327 2678 361 2709 in
375 2678 550 2710 vetustiss.
567 2687 604 2710 se
628 2678 749 2720 legisse
772 2682 942 2711 testatur:

232 2727 315 2760 irate
327 2731 358 2760 te
373 2728 450 2761 dim.
467 2739 531 2762 sen.
554 2729 644 2762 Ritt.

279 2777 331 2810 Ne
346 2779 444 2820 irate]
469 2780 536 2811 Ms.
554 2780 651 2812 Rem.
666 2783 703 2813 ut
714 2790 762 2812 ne.
806 2780 862 2813 Sic
876 2779 943 2812 Te-

235 2829 366 2862 rentius
384 2829 473 2863 And.
492 2840 539 2863 ιν.
556 2834 587 2864 2.
609 2831 619 2849 ⁶
633 2831 682 2864 Ut
700 2841 741 2864 ne
757 2831 866 2864 Pater
881 2841 944 2874 per

687 240 828 272 NOTAE
860 238 1127 271 VARIORUM
1161 239 1214 270 IN

981 343 1036 366 me
1063 333 1203 367 stetisse
1226 333 1372 367 credat?
1416 332 1532 368 Greci
1555 332 1615 368 zvar
1630 333 1686 375 μή.

1026 435 1130 478 Irate]
1150 435 1257 468 Varie
1275 435 1460 468 emendant
1481 436 1533 469 im
1547 439 1590 476 te,
1604 435 1690 471 &aa

983 490 1027 528 te,
1042 487 1160 519 iratum
1174 489 1216 519 te.
1262 487 1324 520 Nil
1335 487 1454 529 probo,
1464 487 1527 520 sed
1539 486 1692 530 seriptu-

983 548 1056 570 ram
1079 542 1233 571 veterem
1249 538 1404 571 retineo:
1431 541 1554 571 contra
1572 542 1690 571 auten

983 590 1068 623 illud
1079 590 1213 623 sentiam
1223 599 1290 623 non
1301 589 1390 622 bene
1402 598 1576 633 concoqno
1585 600 1597 632 ς
1606 589 1691 632 quid

983 642 1073 674 enim
1088 643 1223 674 sentiam
1243 640 1429 676 dimissum?
1445 651 1512 675 em·
1529 641 1606 685 ipse
1618 649 1692 675 ne·

986 693 1054 726 tuit
1066 692 1109 725 de
1121 703 1159 725 se
1171 702 1214 725 ne
1226 693 1355 726 sentiat
1367 694 1380 725 ἓ
1402 691 1515 726 scribo
1528 699 1692 738 ermm-

985 743 1059 776 tias.
1103 743 1182 776 Hoc
1212 743 1319 776 dicit:
1357 743 1500 776 solvent
1525 742 1580 776 mi
1607 740 1692 785 due,

979 804 1070 841 gnos
1101 795 1233 837 pariter
1263 804 1397 828 mecum
1421 793 1583 836 laudasti,
1613 792 1692 828 rdi-

986 856 1100 889 quum.
1143 846 1200 879 Ne
1226 850 1341 879 tamen
1365 850 1466 889 putes
1490 850 1692 890 propterea,-

985 897 1078 940 quod
1098 906 1218 930 eorum
1234 898 1352 931 laudes
1368 898 1585 932 admiscueris
1598 897 1696 937 meis.

984 958 1060 981 esse
1076 958 1132 982 me
1146 948 1273 983 iratum
1287 949 1363 991 tibi,
1378 959 1461 983 eece
1473 949 1607 992 signnm
1617 959 1692 983 eer-

985 1002 1057 1031 tum
1088 999 1266 1042 amicitiae,
1292 1010 1378 1034 voco
1409 1005 1444 1033 te
1474 1000 1519 1034 ad
1547 1008 1694 1035 conum.

985 1050 1112 1084 Scantias
1122 1054 1187 1092 est,
1201 1051 1387 1092 existimes,
1409 1060 1562 1085 censeas.
1583 1050 1694 1091 sagr.

985 1101 1126 1134 Sentium
1141 1102 1284 1144 probum
1301 1102 1459 1136 videtur:
1490 1111 1571 1136 nan
1583 1102 1613 1136 si
1624 1111 1695 1136 non

986 1152 1208 1195 promitteret
1231 1152 1276 1185 ad
1301 1163 1448 1196 eoennm,
1469 1154 1598 1187 iratum
1614 1153 1695 1190 iada

986 1203 1168 1246 colligeret
1201 1203 1399 1237 Simoniden
1417 1215 1426 1237 ε
1463 1200 1531 1239 nisi
1562 1205 1696 1246 melles,

987 1255 1139 1288 ‘Verum
1169 1259 1208 1288 ut
1230 1265 1274 1288 ne
1300 1256 1438 1298 ingrate
1457 1255 1633 1289 dimissu
1655 1258 1694 1288 te

986 1306 1151 1339 ceuseas.'
1184 1307 1228 1340 Ut
1243 1317 1283 1340 ne
1291 1307 1389 1340 Livio
1399 1305 1529 1348 ademit
1540 1307 1694 1341 Gronov.

985 1356 1046 1389 lib.
1071 1365 1154 1389 xnv.
1179 1359 1232 1390 23.
1256 1357 1371 1389 nescio
1381 1348 1432 1389 ὧι
1441 1356 1534 1399 jore.
1573 1357 1696 1390 senec.

987 1407 1031 1439 de
1044 1406 1166 1440 Benef.
1177 1416 1238 1440 111.
1253 1410 1305 1441 1⁰.
1326 1408 1335 1425 ‘
1349 1406 1405 1440 An
1415 1407 1480 1441 hoc
1491 1407 1695 1448 indicamus,

987 1462 1026 1491 ut
1042 1467 1086 1490 ne
1101 1458 1220 1491 demus
1236 1458 1404 1492 beneficia
1419 1459 1493 1492 sine
1508 1463 1600 1492 teste
1610 1458 1636 1491 Ρ

1032 1512 1071 1541 15
1096 1511 1149 1542 Ad
1162 1519 1280 1542 coenam
1290 1509 1367 1542 mihi
1379 1509 1549 1552 promitte}
1584 1509 1696 1544 Phn-

988 1560 1033 1593 sis
1056 1561 1230 1602 Plautina,
1255 1571 1322 1604 qua
1345 1561 1406 1594 ille
1426 1561 1461 1594 in
1490 1561 1695 1605 Menaechmh.

987 1615 1024 1644 et
1043 1611 1162 1644 Sticho
1173 1612 1296 1645 utitur.
1339 1611 1445 1645 Aliud
1465 1615 1519 1646 est
1546 1611 1697 1647 ‘Condi-

989 1671 1068 1695 cere
1089 1662 1191 1695 alicui
1207 1662 1249 1695 ad
1272 1662 1428 1705 coenam‚'
1451 1663 1508 1696 vel
1529 1662 1540 1681 ⁴
1554 1662 1696 1696 Coennm

990 1713 1197 1755 condicere:
1213 1714 1267 1746 vel
1283 1714 1387 1747 etiam
1404 1714 1570 1752 absolute,
1585 1715 1594 1732 ⁸
1609 1714 1697 1747 eon-

989 1763 1107 1796 dicere
1123 1764 1251 1804 alicui:
1273 1764 1365 1806 apud
1375 1765 1522 1797 eundem
1533 1765 1696 1798 Plautum

988 1814 1121 1856 Sticho,
1143 1819 1179 1846 et
1205 1815 1408 1848 Ciceronem
1427 1826 1467 1848 ac
1483 1816 1696 1848 Suetonium.

994 1864 1162 1897 Promittit
1175 1865 1216 1897 ad
1230 1875 1346 1897 coenam
1361 1865 1546 1898 invitatus:
1580 1865 1697 1898 cmli-

991 1915 1036 1947 cit
1051 1915 1108 1958 qui
1130 1915 1227 1957 prior
1253 1919 1291 1948 et
1313 1916 1405 1949 ultro
1429 1925 1490 1948 seu
1516 1917 1697 1952 invocatus

992 1966 1188 2007 denuntiat,
1211 1976 1249 1999 se
1268 1966 1362 2009 apud
1381 1967 1528 1999 alterum
1541 1971 1698 2000 coenam-

993 2027 1081 2059 rnm,
1096 2017 1188 2060 quod
1209 2027 1276 2050 non
1290 2017 1356 2050 nisi
1366 2016 1618 2051 familiarissimi
1628 2016 1700 2051 fae-

994 2068 1110 2102 titant.
1138 2070 1225 2102 Rite.

1035 2120 1210 2162 Promitte]
1235 2120 1326 2153 Plin.
1351 2121 1417 2162 Ep.
1442 2129 1470 2152 1.
1497 2122 1551 2152 15.
1573 2119 1697 2153 ‘Heus

994 2176 1043 2212 tu,
1066 2171 1240 2214 promittis
1270 2171 1315 2204 ad
1339 2181 1481 2211 caenam,
1500 2179 1566 2204 nec
1580 2169 1701 2204 venis?

994 2223 1078 2255 Neo.
1123 2223 1282 2255 Formula
1306 2222 1525 2255 invitantium
1547 2221 1698 2265 propria,

993 2278 1032 2306 ut
1045 2283 1088 2306 ex
1102 2272 1230 2306 Plauto
1245 2276 1393 2306 constat.
1419 2271 1525 2312 Schef.

1036 2327 1079 2356 16
1102 2325 1150 2357 Es
1178 2325 1213 2356 in
1235 2333 1363 2357 numero
1384 2323 1479 2365 mihi]
1517 2321 1609 2357 Quid
1638 2322 1698 2364 ita,

992 2375 1147 2418 inquies?
1192 2375 1283 2409 Quia
1301 2384 1379 2407 cum
1394 2374 1474 2407 olim
1488 2373 1591 2406 alicui
1605 2373 1700 2406 blau-

993 2426 1192 2467 diebantur,
1214 2428 1223 2443 ⁶
1234 2424 1400 2467 Patrem‚'
1415 2427 1426 2443 ‘
1442 2423 1619 2466 Fratrem‚'
1629 2425 1697 2456 &c-

993 2477 1174 2510 vocabant.
1198 2476 1322 2509 Horat.
1347 2476 1541 2518 Symmach.
1564 2479 1600 2508 et
1628 2474 1700 2511 alii..

993 2528 1080 2560 Inde
1109 2527 1169 2560 ille
1198 2531 1344 2569 nugator
1379 2526 1578 2560 adolescens
1605 2526 1699 2568 apud

992 2578 1203 2618 Terentium,
1241 2579 1416 2610 Lenonem
1450 2577 1628 2619 alloquens
1660 2582 1699 2609 et

993 2638 1070 2660 eum
1096 2628 1237 2670 cupiens
1261 2626 1422 2660 flectere:
1456 2627 1467 2645 ‘
1482 2627 1534 2659 Tu
1549 2626 1700 2668 parens,'

992 2678 1114 2721 inquit.
1138 2678 1250 2710 Faber.
1286 2678 1360 2719 Ego
1376 2681 1412 2709 te
1425 2686 1487 2718 pro
1504 2677 1565 2709 tali
1578 2676 1699 2718 habeo,

993 2738 1058 2770 ego
1080 2732 1115 2760 te
1142 2729 1232 2759 inter
1256 2731 1419 2768 cognatos
1433 2735 1525 2759 meos
1547 2736 1700 2768 numero,

994 2779 1080 2811 adeo
1106 2788 1183 2810 non·
1204 2777 1308 2810 debes
1331 2777 1374 2809 de
1396 2777 1448 2810 ira
1461 2777 1607 2821 quadam
1622 2787 1698 2811 mea

994 2830 1026 2862 iu
1048 2834 1081 2861 te
1098 2828 1277 2871 suspicari.
1321 2828 1378 2860 Ita
1391 2828 1544 2871 loquitur
1556 2838 1600 2862 ex
1617 2839 1696 2862 con-
