1806 3236
213 238 300 283 722
531 247 791 282 REcENsth
826 249 1114 283 ΕοιτιοΝυΜ
1156 250 1378 285 rnfflnm.

214 348 472 388 Luchtmans.
495 348 695 394 4.-Quae
725 348 852 388 editio
867 348 967 388 inter
984 349 1289 390 Burmannianas
1308 351 1494 404 princeps
1517 350 1689 402 habetis·

213 413 266 451 ob
286 424 433 451 novum
453 412 793 459 commentarium,
814 412 968 465 prolixe
987 419 1116 452 tamen
1149 415 1353 466 scriptum,
1372 420 1414 455 et
1445 415 1484 454 in
1504 427 1584 467 quo
1606 415 1690 456 for·

213 490 282 516 san
303 475 464 515 nimium
494 477 567 516 sibi
587 477 746 528 suisque
764 477 1106 518 emendationibus
1140 478 1358 530 indulgens,
1389 493 1414 519 a
1446 480 1587 520 veriori
1614 480 1693 520 cri·

212 541 295 581 tica
313 540 464 580 ratione
483 547 522 580 et
554 541 871 592 interpretatione
901 543 1069 582 aberrat.
1099 544 1281 582 Praefatio
1312 543 1363 583 de
1395 557 1436 584 re
1464 545 1614 592 critica,
1645 551 1690 586 et

211 606 408 646 modestia
429 605 466 644 in
486 619 531 645 ea
552 607 835 654 conservanda,
855 608 1039 659 opposita
1059 609 1217 659 quidem
1237 615 1297 647 est
1313 609 1480 649 Bentleii
1494 610 1690 659 audaciae,

214 671 283 711 sed
303 671 516 722 loquentiae
535 672 702 711 multum
726 686 884 724 quoque
902 673 1046 719 habet;
1077 679 1251 713 ceterum
1271 674 1323 712 ab
1338 674 1689 722 observationibus,

213 748 263 776 ex
281 738 376 778 Nic.
398 738 548 777 Perotti
567 738 736 789 epitome
756 739 990 778 Fabularum
1014 739 1163 791 AEsopi,
1195 738 1347 785 Avieni,
1374 744 1415 777 et
1446 739 1604 778 Phaedri
1629 752 1691 779 re·

210 801 363 854 petitis,
383 803 704 842 commendatior.
737 803 933 842 Librarius
955 803 1125 855 denique
1146 803 1318 854 subjecit
1337 802 1427 842 huic
1455 802 1520 842 ed.
1534 803 1694 856 Episto-

211 865 290 904 lam
309 866 420 905 Harii
437 866 624 906 adversus
645 868 809 906 Bentleii
830 868 1052 907 Phaedrum.

265 953 319 960 -—
333 930 489 970 Phaedri
509 932 744 970 Fabularum
766 933 901 984 AEsop.
922 933 1026 971 Libri
1047 943 1089 970 V.
1111 933 1156 971 P.
1177 932 1265 984 Syri
1281 937 1320 971 et
1331 931 1495 972 aliorum
1514 937 1691 973 veterum

213 996 438 1044 Sententiae,
459 1010 507 1035 ex
522 997 752 1036 recensione
769 1003 810 1036 et
830 1010 921 1036 cum
940 997 1043 1036 notis
1058 997 1175 1035 Rich.
1195 996 1374 1036 Bentleii.
1395 997 1494 1036 Cum
1513 996 1692 1048 ejusdem

211 1060 419 1101 Terentio.
447 1061 746 1108 Amstelodami,
767 1061 876 1113 apud
906 1062 954 1100 R.
977 1067 1017 1099 et
1047 1062 1085 1100 J.
1109 1061 1347 1100 Wetstenios
1366 1067 1408 1100 et
1428 1061 1481 1099 G.
1504 1060 1646 1101 smith.
1665 1067 1694 1102 4

212 1124 290 1175 maj
299 1126 539 1166 .—-Exhibet
552 1126 835 1165 Additamenta
854 1133 894 1166 et
915 1126 1231 1174 Emendafiones,
1252 1139 1371 1165 manu
1385 1126 1508 1178 ipsius
1527 1124 1693 1165 Bentleii

213 1189 379 1241 margini
397 1190 461 1228 ed.
486 1189 602 1237 1726.
625 1191 864 1243 adscriptas,

266 1277 320 1284 —
339 1255 494 1294 Phaedri
508 1256 744 1295 Fabularum
765 1257 909 1308 AEsop..
924 1256 1033 1295 Libri
1054 1267 1096 1295 v,
1117 1269 1207 1295 cum
1221 1255 1470 1308 Appendice.
1485 1253 1696 1295 Recensuit

212 1324 255 1356 et
274 1321 561 1359 commentariis
581 1320 801 1368 illustravit,
829 1333 982 1359 necnon
1003 1319 1161 1358 Indices
1180 1319 1330 1370 adjecit
1346 1320 1409 1359 Jo.
1428 1319 1531 1358 Dav.
1565 1319 1694 1358 Leon-

214 1383 374 1423 hardus.
408 1386 534 1424 Jenae.
567 1384 815 1425 12.—Gudii
834 1390 873 1423 et
894 1384 1079 1423 Schefferi
1101 1384 1268 1422 maxime
1289 1390 1401 1423 notas
1420 1382 1459 1421 in
1480 1394 1572 1422 suos
1600 1396 1694 1423 usus

215 1448 410 1488 convertit
430 1449 572 1488 editor.

267 1536 323 1543 —--
341 1514 485 1552 Daneti
499 1514 654 1553 editio
644 1528 684 1552 m
700 1527 814 1552 usum
834 1514 1025 1564 Delphini
1040 1526 1190 1552 recusa.
1213 1512 1394 1552 Londini.
1412 1518 1450 1552 8.

268 1601 323 1607 -
337 1578 495 1617 Phaedri
512 1579 748 1618 Fabularum
761 1579 898 1629 AEsop.
918 1577 1025 1616 Libri
1045 1588 1088 1615 v.
1109 1588 1156 1614 ex
1176 1575 1273 1614 edit.
1293 1576 1359 1614 Jo.
1379 1575 1548 1627 stirling.
1575 1576 1695 1627 (cum

216 1643 391 1683 versione
410 1643 609 1695 Anglica.)
640 1642 876 1694 Edinburgiz
898 1647 934 1680 8.

268 1731 322 1738 -
336 1708 543 1755 Phaedrus,
561 1722 652 1748 cum
672 1708 775 1747 notis
807 1708 942 1746 Germ.
970 1706 1096 1745 Gabr.
1128 1705 1382 1745 Schumanni.
1414 1705 1542 1745 Halae.
1573 1711 1694 1748 12.—

215 1772 416 1825 Repetitio
436 1773 500 1811 ed.
535 1777 652 1819 1715.

268 1838 407 1876 ——Les
427 1837 569 1877 Fables
582 1837 632 1876 de
651 1835 817 1882 Phedre,
837 1849 884 1874 en
905 1835 1018 1874 Latin
1033 1841 1071 1874 et
1091 1848 1141 1874 en
1158 1835 1187 1872 F
1190 1834 1356 1887 rancois,
1373 1835 1627 1887 augmentees
1643 1834 1695 1876 de

214 1901 408 1954 plusieurs
427 1902 568 1941 Fables
589 1907 629 1941 et
645 1902 714 1941 des
735 1904 949 1941 Sentences
978 1900 1029 1940 de
1061 1899 1226 1938 Publius
1256 1900 1392 1951 Syrus,
1428 1899 1497 1951 qui
1524 1913 1572 1939 ne
1603 1905 1695 1940 sont

216 1979 288 2018 pas
308 1966 406 2006 dans
427 1967 480 2006 les
496 1967 675 2006 Editions
706 1967 975 2020 precedentes.
1007 1965 1253 2004 Traduction
1283 1965 1477 2012 nouvelle,
1498 1977 1594 2004 avec
1622 1965 1694 2005 des

216 2031 345 2071 Notes
365 2032 564 2085 critiques,
592 2033 771 2081 morales,
793 2038 832 2072 et
861 2031 1110 2083 historiques,
1144 2031 1279 2082 quien
1312 2029 1505 2068 facilitent
1531 2029 1697 2070 l’intelli-

219 2110 358 2149 genoe,
377 2103 418 2136 et
451 2098 522 2137 des
542 2098 712 2145 Chiffres
732 2097 801 2148 qui
829 2110 877 2135 en
911 2095 1082 2135 forment
1110 2095 1148 2133 la
1183 2094 1475 2134 construction.
1504 2095 1540 2132 A
1572 2094 1696 2144 Paris,

220 2161 320 2200 chez
356 2162 414 2201 les
435 2163 568 2202 Freres
587 2163 760 2202 Barbou.
785 2161 1044 2203 12.—Editor
1075 2160 1196 2199 libelli
1226 2166 1285 2198 est
1301 2160 1364 2199 Jo.
1385 2159 1527 2197 Claud.
1551 2158 1693 2206 Fabae,

222 2228 396 2266 Oratorii
411 2230 508 2268 Jesu
528 2228 730 2275 sacerdos,
751 2228 856 2266 idem
877 2227 947 2278 qui
960 2227 1111 2278 Fleuryi
1135 2225 1302 2264 Abbatis
1315 2223 1528 2263 Historiam
1547 2225 1693 2266 eccles.

222 2291 476 2333 continuavit.
507 2294 681 2333 Plurima
702 2307 791 2332 vero
811 2292 1018 2344 exscripsit
1033 2306 1055 2330 e
1077 2291 1181 2329 notis
1202 2290 1307 2329 Rob.
1331 2289 1505 2338 Prevost,
1519 2287 1599 2327 vid.
1630 2301 1696 2328 su-

220 2367 294 2406 pra
313 2369 377 2395 an.
403 2363 518 2403 1702.
542 2358 617 2397 Alii
636 2359 735 2396 hanc
757 2357 822 2396 ed.
842 2358 1041 2408 assignant
1056 2369 1160 2394 anno
1180 2356 1299 2400 1728.

281 2425 383 2464 1728
413 2421 571 2460 Phaedri
593 2422 764 2467 Fabulae,
796 2434 885 2459 cum
914 2420 1235 2471 interpretatione
1269 2416 1485 2469 Anglicana
1503 2415 1693 2471 praxique

223 2486 520 2535 grammaticali.
577 2487 710 2538 Opera
729 2485 821 2524 Nic.
845 2485 989 2537 Bailey.
1009 2483 1192 2523 Londini.
1215 2481 1424 2523 s.—-00nf.
1445 2494 1508 2520 an.
1534 2487 1652 2527 1721.

278 2571 331 2579 ·-
349 2550 554 2599 Phaedrus,
575 2565 666 2591 cum
693 2550 793 2590 notis
813 2550 948 2589 Germ.
980 2550 1067 2588 Em.
1090 2548 1252 2588 Sinceri.
1274 2549 1460 2598 Augustae
1479 2545 1597 2586 vind.
1623 2559 1692 2599 ap.

224 2612 352 2653 Merz.
374 2621 411 2654 8.

278 2701 334 2708 -
349 2680 515 2719 Reeueil
532 2680 600 2720 des
618 2681 756 2720 Fables
770 2679 957 2731 d'Esope‚
974 2679 1025 2719 de
1045 2678 1212 2725 Phedre,
1233 2682 1273 2718 et
1291 2677 1388 2718 dela
1410 2675 1691 2727 Fontaine‚qui

226 2749 296 2782 ont
314 2751 481 2797 rapport
499 2746 556 2785 les
576 2759 670 2785 unes
686 2759 762 2785 aux
781 2749 925 2792 autres,
953 2757 1002 2784 en
1023 2745 1145 2790 Grec,
1168 2743 1295 2791 Latin,
1313 2749 1354 2783 et
1372 2740 1566 2795 Francois,
1595 2751 1691 2780 avec

229 2807 277 2847 de
295 2815 449 2850 courtes
466 2812 605 2860 Notes,
625 2824 699 2864 par
716 2812 775 2851 M.
792 2809 995 2863 Gaullyer.
1045 2811 1082 2849 A
1102 2808 1225 2849 Paris.
1237 2813 1283 2848 ,8.
