1806 3236
386 196 589 232 eno-:nni
624 197 733 231 mn.
765 195 1069 230 AEsomARuM
1104 195 1199 228 mn.
1233 194 1262 225 1.
1292 184 1334 226 6.

124 298 229 334 video
243 298 360 343 i'd‘jm
373 300 454 331 unte
467 305 522 330 me
537 295 661 329 fecisse
676 303 720 327 ex
735 299 831 328 vete-

125 360 165 385 re
201 350 292 385 Ιδκῑ
327 348 597 383 eruditis-imum
631 345 832 389 Rigaltium.

167 456 190 487 4
213 451 404 495 emron]
426 451 514 484 Mox
535 447 774 493 ‘convicium’
798 452 834 480 et

123 503 338 549 ‘querolum'
360 503 463 536 dixit.
521 501 581 535 Sic
606 498 835 534 ‘clamorem’

122 554 419 589 et'¹eonvicium'
451 553 635 596 conjunxit
662 552 831 584 Plautus:

121 607 134 627 ‘
146 606 210 640 vis
225 606 289 640 nbi
302 606 472 639 ducentos
493 613 648 637 nummos
667 603 746 645 jam*
757 612 835 645 pro-

122 657 266 700 mittier,
294 662 335 691 ut
362 666 407 690 ne.
432 657 620 690 clamorem
647 655 703 688 hic
726 653 834 687 facias

122 712 210 744 neve
223 708 440 744 convicium!
466 709 553 741 (ἕνα.

148 756 184 794 ‘⁸
206 756 378 803 Ὀοκοίσίο]
399 760 478 794 Vid.
505 759 558 792 cl.
575 757 687 792 Boecl.
713 758 836 792 Chres-

121 817 205 847 tom.
218 813 364 846 Terent.
375 822 449 846 voc.
475 811 669 844 corniciam.
691 809 834 842 Prascb.

118 859 625 908 Proprie'loquitueraedrus:
652 861 836 893 convicium

121 915 215 948 enim
236 923 307 948 non
323 925 344 947 a
366 915 469 954 vitiis,
496 918 535 946 ut
557 911 683 946 alicubi
697 912 835 945 dubitat

122 965 261 1007 Festus,
283 965 416 999 dictum
445 969 520 998 est:
544 973 659 1008 neque
685 973 790 1006 porro
814 973 834 995 a

121 1016 343 1064 concitatione,
367 1021 407 1050 ut
422 1015 571 1048 ridicule
591 1014 755 1048 censebat
769 1015 835 1047 La-

121 1067 191 1101 beo
209 1066 240 1100 1.
263 1067 306 1100 C.
327 1066 390 1100 sed
413 1075 435 1099 a
459 1066 637 1098 conlatione
656 1074 778 1107 uocum,
794 1070 835 1097 ut

123 1118 256 1162 optime
270 1117 330 1150 alii
341 1117 530 1150 Tbemidos
540 1115 728 1159 ἱεροφάνται,
738 1115 835 1159 quasi

119 1167 310 1210 coum,
332 1167 425 1201 unde
457 1171 496 1201 et
522 1167 658 1210 syllaba
682 1166 835 1199 secunda

118 1219 222 1263 longa
236 1223 304 1261 est,
317 1228 430 1262 neque
442 1219 599 1252 hocloco
608 1217 835 1251 maledictum

120 1275 182 1305 aut
210 1271 455 1304 coutumeliam
492 1269 679 1313 significat.
717 1269 835 1303 Faber.

120 1323 329 1366 collatione,
343 1322 589 1366 conJunctIone
605 1331 740 1364 vocum,
756 1331 834 1365 pro-

121 1374 207 1417 prie.
263 1374 313 1407 Et
340 1374 391 1408 sic
418 1374 566 1417 exponit
594 1373 714 1407 Labeo
741 1373 835 1416 apud

119 1426 307 1469 Ulpianum
332 1426 356 1460 1.
371 1434 435 1459 xv.
458 1426 489 1468 ς.
512 1427 546 1458 4.
561 1423 599 1457 ff.
621 1426 632 1444 ‘
646 1424 691 1457 de
713 1424 836 1467 Injur!

119 1477 238 1520 quem,
262 1476 392 1519 neseio,
417 1485 526 1519 quare
552 1475 667 1517 Valla,
691 1479 729 1508 et
755 1479 835 1518 post

119 1536 200 1561 eun
222 1527 352 1570 Faber,
378 1526 525 1560 ridicule
548 1527 606 1559 hic
621 1526 741 1559 dicant
755 1535 836 1558 cen-

119 1588 208 1612 sere.
267 1576 389 1611 Verba
424 1577 596 1610 Labeonis
622 1577 696 1610 bec
727 1581 834 1610 suut:

122 1629 346 1664 ‘convitium
377 1628 506 1662 dicitur
541 1637 563 1661 a
590 1627 838 1670 concitatione,

123 1680 185 1715 vel
203 1689 225 1713 a
252 1679 444 1721 conventu,
466 1680 534 1712 boc
555 1683 625 1718 est,
649 1679 837 1712 collatione

121 1740 259 1766 vocum.
303 1731 392 1764 Cum
413 1730 506 1763 enim
532 1731 568 1763 iu
587 1739 694 1763 unum
719 1731 836 1772 plnres

119 1791 228 1816 voces·
246 1781 490 1824 conferuntur,
511 1781 703 1815 convitium
717 1782 836 1825 appel-

124 1834 232 1875 latur,
255 1833 355 1877 quasi
380 1832 608 1866 convocium!
654 1832 753 1866 Nihil
767 1841 836 1865 me-

124 1885 205 1927 lius,
232 1893 299 1919 nee
323 1884 511 1928 quidquam
538 1884 631 1918 aliud
652 1883 707 1916 liic
735 1882 839 1917 affert

123 1936 252 1970 mn.
296 1935 411 1971 Quodv
426 1940 545 1968 autem
567 1934 652 1967 illud
672 1936 838 1968 concitati-

122 1998 181 2022 one
192 1989 346 2032 sugillat,
360 1990 395 2022 iu
421 1998 477 2031 eo,
499 1989 628 2031 nescio,
653 1998 695 2021 an
717 1997 838 2031 perce-

126 2041 220 2083 perit
233 2041 407 2074 labeonis
422 2045 584 2073 mentem.
631 2041 721 2073 Nam
737 2040 837 2071 eonci-

122 2095 203 2133 tm,
217 2095 254 2124 et
280 2092 393 2134 citare,
415 2096 470 2125 cst
497 2101 518 2124 a
539 2092 651 2132 ciere„
673 2091 728 2123 vel
753 2090 837 2132 cire,

121 2142 214 2185 quod
241 2150 336 2184 soepe
362 2141 456 2184 apud
488 2146 626 2174 veteres
662 2140 837 2183 reperitur

121 2202 199 2236 pro,
214 2195 351 2226 vocare.
383 2193 482 2234 Virg.
499 2191 572 2226 IEn.
589 2201 641 2226 iv.
663 2192 675 2211 ‘
687 2192 837 2225 Noctur-

119 2253 251 2287 nosqne
277 2243 348 2276 ciet
374 2243 518 2277 manes!
561 2243 676 2276 Tacit.
699 2243 836 2276 Histor.

125 2305 183 2331 m.
208 2306 242 2329 c.
269 2298 324 2328 10.
346 2295 421 2328 ‘Ut
446 2305 618 2339 quemque
643 2300 774 2337 notum,
799 2299 837 2328 et

122 2349 236 2391 aliquo
261 2347 406 2380 militari
435 2347 564 2381 decore
589 2347 759 2390 Insignem
789 2357 838 2380 as-

124 2404 285 2442 pexerat,
306 2398 349 2431 ad
377 2397 557 2432 ferendam
581 2409 682 2442 opem
698 2400 837 2432 nomine

123 2448 244 2484 ciens!
290 2450 409 2493 Atque
431 2450 512 2483 binc
536 2451 668 2493 concire,
683 2460 724 2484 ac
739 2451 838 2483 conci·

125 2505 207 2544 ture,
219 2501 244 2534 i.
259 2510 293 2535 e.
307 2511 488 2543 conuocare,
505 2501 596 2544 quod
613 2501 766 2534 Labeoni
779 2512 838 2535 vo·

125 2560 184 2584 ces
204 2551 367 2594 jungere.
414 2550 476 2584 Ait
502 2551 640 2594 quidem
666 2552 780 2585 Faber
803 2552 837 2584 in

126 2601 280 2635 editione
296 2602 440 2635 Phaedri
460 2603 595 2644 ultima,
620 2606 630 2622 ‘
644 2603 838 2636 Labeonem

128 2653 340 2695 persuadere
367 2653 467 2686 nobis
496 2662 638 2696 cupere,
663 2654 840 2687 convicium

125 2706 195 2739 dici
218 2716 239 2738 a
259 2707 469 2740 concitatione
495 2705 634 2739 uocum?
666 2716 730 2749 ego
755 2715 838 2739 vero

124 2757 211 2790 nibil
223 2758 292 2791 tale
305 2759 396 2801 apud
410 2758 606 2791 Labeonem
621 2758 735 2791 video.
758 2757 837 2789 Hoc

127 2811 175 2842 ait
190 2809 318 2852 potins,
340 2811 351 2829 ‘
365 2811 532 2843 convitium
543 2810 724 2852 appellari,
741 2809 836 2851 quasi

1507 183 1595 227 349

882 291 1071 334 conminus,
1093 300 1171 325 cum
1185 290 1220 324 in
1244 298 1351 323 unum
1365 299 1466 323 voces
1482 290 1596 332 plures

884 342 1138 378 conferuntur!
1183 342 1276 377 Quid
1302 341 1354 374 his
1382 341 1499 374 Faber
1523 351 1595 375 me-

884 396 975 429 lius?
995 395 1192 428 ‘convictum
1220 403 1292 427 non
1315 403 1337 426 a
1359 392 1466 434 vitiis,
1480 403 1595 436 neque

886 457 992 490 porro
1006 456 1027 479 a
1049 445 1268 486 concitatione,
1294 443 1357 477 sed
1378 453 1400 477 u
1423 445 1596 477 conlatione

884 509 1005 542 uocum,
1029 499 1126 542 quasi
1149 496 1350 530 concoctum!
1394 497 1510 539 Dicas,
1536 506 1595 529 ex-

884 550 1064 593 scripsisse
1090 549 1299 590 Labeonem,
1319 553 1451 581 et'eum
1474 547 1597 581 nihilo-

886 602 997 635 minus
1024 601 1150 635 ridere.
1216 600 1286 633 Sed
1311 599 1452 641 scripsit
1481 602 1598 631 tamen

886 653 1029 687 ridicule
1055 653 1182 693 Labeo,
1203 650 1397 684 ‘convitium
1424 650 1552 683 dicitur
1576 659 1597 681 a

886 707 1092 740 concitatione
1114 704 1244 739 vocum!
1287 704 1395 740 Quasi
1423 714 1506 737 vero
1532 705 1597 737 La·

885 759 955 793 beo
970 758 1013 791 ab
1036 759 1103 791 hoc
1119 756 1288 790 vocabulo
1309 755 1517 788 concitatione
1541 754 1599 787 de·

885 810 1052 843 rivaverit
1067 808 1271 842 vocabulum
1285 807 1468 840 conuicium.
1491 806 1598 839 Aliud

886 861 1080 903 sequentia,
1109 869 1185 903 qnae
1221 858 1379 901 superius
1407 857 1600 897 attulimus,

885 911 1087 945 ostendunt.
1134 910 1214 943 Hoc
1239 909 1362 950 voluit,
1387 909 1469 951 quia
1483 908 1517 940 in
1532 908 1598 941 hoc

885 967 941 996 est
953 963 1067 996 citatio
1081 962 1240 1006 quaedam
1253 961 1370 1001 juncea
1392 960 1603 1002 collataque,

885 1023 988 1058 quam
1005 1013 1164 1057 appellat
1182 1012 1431 1054 concitationem,
1446 1011 1526 1054 quia
1540 1019 1600 1043 vo·

885 1076 965 1099 cum
981 1066 1091 1099 veluti
1106 1067 1297 1098 conventus
1309 1063 1446 1106 aliquis,
1456 1062 1535 1095 ideo
1546 1072 1600 1095 re-

885 1121 1011 1160 spectu
1031 1117 1106 1160 ejus
1129 1115 1349 1149 concitationis
1363 1114 1495 1146 dictum
1520 1123 1599 1146 esse

884 1168 1078 1201 convicium.-
1110 1171 1167 1200 est
1191 1167 1284 1199 enim
1309 1165 1505 1199 convicium
1526 1175 1598 1197 con-

885 1221 1019 1262 cociam,
1046 1219 1138 1263 quod
1163 1216 1337 1261 significat
1363 1216 1468 1255 idem,
1492 1219 1598 1259 atque

885 1270 1170 1313 concitationem,
1205 1270 1279 1302 sive
1311 1269 1534 1302 collationem
1561 1273 1599 1300 et

885 1328 1097 1358 conventum
1120 1332 1256 1356 vocum.
1300 1321 1402 1354 Facit
1427 1330 1511 1363 ergo
1535 1320 1600 1353 Fa-

884 1375 949 1408 ber
962 1375 1065 1417 longe
1078 1373 1171 1407 aliud
1187 1383 1231 1406 ex
1244 1372 1359 1406 verbis
1374 1373 1482 1413 bisce,
1496 1381 1599 1415 qnam

884 1427 977 1471 quod
991 1427 1110 1461 Labeo
1121 1425 1339 1460 intendebat.
1383 1424 1470 1456 Ideo
1482 1428 1520 1456 et
1529 1433 1602 1456 con-

885 1480 1070 1513 citationem
1083 1489 1191 1512 vocum
1196 1477 1327 1520 junxit,
1339 1486 1418 1509 cum
1434 1475 1601 1508 concitata·-

885 1540 975 1563 onem
1001 1531 1062 1563 ille
1090 1530 1245 1572 posuerit
1274 1527 1494 1571 simpliciter.
1552 1526 1601 1559 Et

886 1574 956 1616 hoc·
974 1587 1063 1623 erat,
1077 1581 1171 1625 quod
1195 1580 1366 1613 volebam.
1389 1580 1431 1612 B.
1450 1579 1601 1621 August.

887 1634 923 1666 in
936 1633 1056 1667 Gram.
1079 1633 1090 1651 ‘
1104 1632 1208 1673 Aeio,
1222 1631 1299 1673 cito,
1310 1629 1401 1674 quod
1417 1628 1602 1672 significat,

887 1683 1091 1727 frequenter
1116 1683 1244 1715 vocito.
1289 1680 1395 1713 Unde
1422 1690 1515 1713 nunc
1538 1680 1601 1712 ali-

890 1744 975 1778 quos
988 1744 1059 1766 voce
1069 1733 1226 1776 praeconis
1252 1731 1367 1764 citatae
1389 1730 1548 1771 dicimus,
1563 1729 1600 1762 id

889 1789 954 1827 est,
984 1783 1188 1828 frequenter
1216 1782 1380 1816 vocatos-¹
1424 1782 1600 1814 Caeterum

886 1838 952 1871 boc
978 1846 1081 1870 sensu
1106 1845 1227 1869 vocem
1257 1834 1391 1868 convicii
1417 1842 1599 1875 usurpasse

889 1891 1039 1930 veteres,
1075 1885 1231 1920 ostendit
1267 1894 1402 1928 quoque
1440 1882 1601 1923 Ovidius,

888 1937 1026 1980 quando
1048 1941 1085 1970 et
1100 1937 1176 1980 ipse
1192 1936 1236 1968 de
1253 1935 1344 1968 ranis
1367 1935 1458 1967 Met.
1472 1934 1534 1966 lib.
1551 1943 1600 1965 vt.

888 1991 964 2021 8⁷8.
985 1988 1156 2020 ‘dilatant
1179 1987 1317 2029 patulos
1345 1984 1503 2018 convicia
1533 1984 1599 2016 ric-

889 2039 970 2072 tus.·
1015 2039 1109 2071 Item
1125 2038 1317 2070 Columella
1332 2035 1471 2079 qnando
1486 2035 1548 2067 lib.
1561 2044 1598 2067 x.

886 2099 919 2122 v.
946 2092 999 2122 12.
1033 2088 1258 2130 ‘Perpetitur
1281 2086 1436 2129 querulae
1463 2095 1600 2128 semper

885 2140 1045 2174 convicia
1068 2139 1186 2172 ranae.'
1240 2137 1342 2170 Adde
1363 2136 1428 2170 inf.
1453 2137 1514 2170 lib.
1542 2146 1600 2170 ιιι.

884 2201 963 2234 cap.
979 2193 1034 2223 lo.
1057 2189 1165 2229 Schcf.

932 2241 1096 2283 Comioio]
1116 2241 1289 2280 Clamore,
1300 2239 1521 2280 coaxatione,
1530 2238 1599 2271 col-

886 2293 1015 2326 latione
1026 2302 1159 2333 vocum,
1174 2298 1212 2325 et
1225 2291 1323 2335 quasi
1335 2290 1510 2324 convocio.
1534 2291 1599 2323 La-

889 2344 955 2378 beo
970 2344 1030 2377 lib.
1047 2353 1110 2376 xv.
1125 2344 1155 2386 §.
1172 2343 1365 2376 Convicium.
1391 2342 1439 2374 D.
1463 2340 1530 2373 ‘de
1542 2342 1599 2373 In-

882 2395 968 2439 jun'
1010 2396 1122 2429 Vetus
1135 2395 1251 2427 Gloss.
1273 2394 1283 2412 ‘
1295 2392 1504 2431 Καταβόησις,
1517 2392 1600 2423 Con-

891 2448 1022 2481 vicium.
1043 2447 1211 2486 Καταβοῶ,
1226 2443 1415 2477 Convicior!
1438 2444 1515 2486 Rig.

933 2502 955 2532 6
972 2498 1133 2540 Quereloe]
1158 2498 1270 2530 Anon.
1285 2495 1357 2528 fab.
1373 2497 1407 2527 7.
1423 2494 1599 2536 querelam

887 2551 977 2584 hanc
994 2555 1098 2584 terrae
1121 2549 1255 2589 tribuit,
1277 2556 1344 2579 non
1373 2545 1487 2578 ranis:
1513 2553 1597 2587 quas

888 2612 956 2635 non
970 2606 1123 2645 questas,
1144 2600 1204 2633 sed
1229 2600 1365 2631 laetatas
1389 2595 1513 2630 scribit
1529 2595 1598 2628 Ga-

889 2653 981 2686 brias
995 2652 1066 2686 fab.
1083 2655 1137 2685 20.
1163 2650 1294 2683 Pru-sch.

932 2704 1051 2746 stagni
1079 2703 1195 2744 incolo]
1234 2701 1360 2734 Cicero
1388 2699 1532 2732 Tuscul.
1565 2707 1597 2731 v.

888 2756 1070 2799 ‘Namque
1097 2754 1181 2786 alias
1206 2752 1331 2784 bestias
1358 2755 1479 2783 nantes
1495 2759 1597 2792 aqua-

888 2817 963 2840 rum
976 2807 1105 2839 incolas
1121 2814 1195 2837 esse
1214 2802 1345 2836 voluit.'
1390 2802 1497 2843 Velit,
1511 2802 1597 2834 nolit
