1806 3236
374 243 576 276 PHAEDRI
612 244 721 276 ΕΑΒ.
755 244 1062 279 AEsomARUM
1099 249 1194 282 mn.
1228 250 1300 282 111.
1335 240 1405 283 16.

153 338 164 358 ‘
179 337 310 372 Prooe-
319 336 446 371 deinde
459 338 669 381 suppliciter
684 337 861 382 admotae,’

150 391 216 423 dte.
239 418 242 421 .
260 388 489 424 Mantem
503 390 540 424 in
551 391 720 434 singulari
733 392 862 435 posuit,

150 442 313 486 exn-pl·
349 443 516 487 Terentii,
555 449 661 488 atque
705 446 863 480 aliorum.

149 492 350 526 laetantiu-
372 493 433 527 lib.
447 504 478 528 ι.
493 505 525 529 e.
539 498 572 529 7.
591 497 603 514 ‘
616 497 707 530 Item
731 508 865 542 rursus,

149 551 229 577 enm
237 551 379 586 precem
387 544 424 577 in
430 544 627 589 Apollinem
638 548 863 592 Smyntheum

148 597 287 637 rogatus
306 597 553 638 expromeret!
597 598 656 632 Sic
671 599 777 642 enim,
792 609 862 634 non

143 654 264 688 pecu,
277 650 319 680 ut
331 650 388 680 est
413 647 449 680 iu
472 648 588 692 editis,
609 650 808 694 legendum,
823 655 863 684 ut

147 697 331 730 ostendam
345 698 382 731 in
398 698 608 733 adversariis
623 701 710 735 meis
725 711 770 735 ex
787 703 862 736 Cae-

149 753 374 791 ungu-uuo
399 750 535 784 codice.
561 751 669 793 Solus.
713 753 759 786 V.
784 763 861 797 sup.

146 798 209 834 nb.
223 809 249 834 ι.
260 799 333 834 fab.
350 803 406 834 1⁹.
417 806 456 835 et
470 802 532 836 lib.
544 812 597 836 ιν.
611 803 683 837 fab.
698 807 753 838 25.

191 853 214 885 8
233 851 390 896 Accensa]
420 853 581 893 Irritata,
609 856 786 889 concitata
815 857 860 890 ad

148 903 358 938 cantandum
371 915 383 938 ε
398 904 566 940 absolute.
589 906 772 942 Quomodo
783 909 861 941 Vir-

147 955 264 998 gilius,
277 966 474 1001 quanquam
485 967 587 992 sensu
599 959 751 1000 diverso,
781 960 860 994 AEu.

145 1006 210 1041 lib.
239 1016 291 1040 tv.
333 1008 401 1042 ‘Et
427 1008 479 1042 sic
501 1019 647 1043 aceensa
675 1011 860 1053 profatur:

189 1107 263 1142 Sibi
277 1109 410 1142 Nullum
423 1120 490 1143 esse
500 1111 673 1154 auxilium]
696 1111 740 1145 In
754 1113 859 1146 orati·

145 1168 212 1192 one
242 1169 317 1202 sua,
343 1164 468 1194 contra
499 1161 685 1195 clamorem
715 1162 858 1198 cicadae.

143 1209 358 1254 Simpliciter
386 1212 517 1255 posuit,
542 1213 579 1246 in
605 1218 770 1256 respectu
788 1214 857 1248 for-

144 1263 247 1297 tassis
261 1264 304 1297 ad
318 1264 404 1298 illud
416 1265 536 1308 Plauti
546 1267 583 1300 in
597 1268 702 1310 Epid.
716 1277 752 1302 v.
764 1278 813 1303 sc.
824 1273 858 1304 2.

141 1317 153 1334 ⁸
166 1314 343 1349 Auxilium
357 1316 440 1350 mihi
453 1321 492 1351 et
514 1319 687 1362 suppetiae
704 1325 783 1354 sunt
797 1321 859 1355 do-

143 1367 217 1402 mi?
239 1368 350 1409 &lte-f.

187 1421 231 1453 12
253 1419 376 1454 Sonare
388 1421 530 1465 citum]
552 1421 610 1456 An
624 1424 858 1468 scribendum,

142 1469 267 1504 snm
278 1471 438 1506 ciem
462 1483 538 1516 quos
558 1478 652 1516 pates
670 1475 858 1518 Apollinis?

142 1522 239 1558 Quid
255 1523 300 1565 si,
325 1523 446 1557 &aare
458 1525 586 1559 cithara
598 1535 674 1568 quos
692 1531 787 1569 pam
808 1528 856 1562 A·

140 1574 290 1617 pollinem
301 1573 321 1609 θ
355 1575 476 1611 Guiet.
531 1577 635 1612 Anne
667 1580 857 1614 scribemus

141 1625 330 1662 mmm?
384 1627 486 1670 Virg.
512 1628 591 1662 AEu.
619 1629 681 1663 lib.
696 1639 724 1663 1.
756 1631 856 1665 ‘Nec

141 1686 210 1711 vox
223 1676 395 1712 hominem
420 1679 544 1714 sonat!
588 1681 691 1716 Quod
706 1683 857 1717 suavita·

141 1731 212 1763 tem
234 1733 366 1763 noctua
390 1729 593 1764 cicadarum
623 1733 769 1766 cannini
794 1734 856 1767 tri-

139 1778 229 1822 buit,
243 1780 406 1815 simulata
419 1781 558 1826 quidem
573 1787 691 1817 mente
707 1784 831 1818 tribuit
843 1795 855 1819 ε

139 1839 211 1866 non
235 1832 348 1866 minus
372 1842 474 1876 quam
490 1834 614 1877 vulpes
639 1835 791 1869 nitorem
817 1841 857 1870 et

139 1881 387 1917 excellentiam
402 1893 522 1927 corvo,
535 1884 606 1919 fab.
623 1889 676 1921 13.
704 1886 855 1922 Interim

137 1938 177 1969 et
191 1934 426 1979 Aristaenetus
451 1936 568 1979 Epist.
593 1946 620 1971 1.
634 1940 667 1978 2.
692 1938 754 1972 ubi
769 1939 855 1973 deli-

140 1986 209 2020 tias
238 1986 422 2021 hortenses
450 1988 549 2021 molli
578 1989 661 2022 stilo
685 1989 856 2034 depingit,

141 2029 342 2072 ele'ada'rum
357 2042 482 2072 cautus
499 2038 670 2073 meminit.
717 2041 855 2075 Prona.

141 2087 348 2122 Buclmerus
362 2089 464 2132 legit,
486 2099 506 2122 e
529 2090 662 2124 cithara.
709 2091 788 2124 Non
803 2092 856 2124 in-

139 2144 237 2184 epte.
280 2140 351 2174 Sed
373 2149 439 2174 nee
466 2141 644 2183 vulgatum
660 2141 856 2184 improbum

139 2197 205 2225 est.
232 2190 356 2225 Frdns.
402 2191 635 2234 Conjectabat
658 2192 716 2225 bic
741 2193 855 2227 Buch-

140 2251 257 2285 nerus,
281 2242 403 2276 Sonare
419 2251 437 2275 e
449 2243 587 2276 cithara.
630 2242 680 2276 At
696 2254 779 2277 vero
794 2255 855 2278 no·

139 2294 233 2327 mine
262 2292 492 2337 doctrinaque
529 2294 596 2327 Ἧι·
625 2295 855 2340 Clarissimus,

139 2345 209 2379 Dn.
226 2345 273 2379 N.
290 2343 457 2379 Heinsius
473 2345 603 2379 Sonari.
636 2347 705 2379 Sed
719 2347 853 2390 ignoro,

139 2405 186 2430 an
200 2405 270 2429 non
287 2395 465 2438 vulgatum
489 2395 599 2438 possit
613 2395 772 2439 defendi,
790 2408 854 2441 per

138 2447 224 2481 illud
252 2447 395 2480 Horatii
421 2447 502 2480 Car.
517 2456 561 2480 ιι.
577 2450 629 2481 13.
661 2449 672 2468 ‘
684 2449 731 2481 Et
747 2453 783 2482 te
799 2459 853 2482 so-

137 2503 279 2532 nantem
306 2499 443 2541 plenius
470 2507 590 2540 aureo‚
611 2497 745 2541 Alcaee,
759 2501 854 2543 plec-

140 2554 196 2583 tro
211 2549 297 2582 dura
313 2548 436 2582 navis!
481 2548 603 2582 Sonare
615 2551 748 2592 plectro,
761 2551 854 2585 sieut

137 2601 194 2635 bie
218 2600 340 2634 Suum
368 2600 504 2633 cithara.
564 2599 637 2634 Aut
673 2611 737 2644 per
766 2602 852 2636 illud

138 2653 288 2696 Virgilii,
302 2663 345 2685 ex
358 2653 433 2687 AEn.
447 2662 473 2687 1.
488 2653 580 2697 quod
603 2654 639 2687 in
666 2656 779 2688 animo
793 2656 852 2689 ha-

140 2705 222 2738 bere
238 2705 372 2748 potuit:
395 2706 406 2724 ‘
422 2706 568 2739 Cithara
583 2706 730 2740 crinitus
746 2707 850 2750 Iopas

139 2755 311 2789 Personat
331 2756 478 2790 sumta?
533 2757 649 2790 Etiam
669 2761 781 2791 cantus
802 2760 851 2792 tui

138 2809 263 2848 mant,
287 2816 363 2849 pro,
383 2807 436 2840 'ru
450 2811 594 2840 cantans
609 2818 734 2849 sonas3
758 2809 849 2843 simi-

139 2867 172 2900 le
187 2866 236 2899 illi
248 2865 339 2909 apud
354 2866 509 2911 Fabium,
529 2868 539 2888 ‘
549 2868 679 2904 Cantus
690 2869 849 2903 hortatur

1541 242 1629 286 589

1139 345 1323 380 Prascliius
1350 347 1500 390 putabat
1528 350 1631 384 cuha-

915 402 996 427 Νη).
1039 395 1172 428 Verum
1183 396 1213 429 si
1226 392 1311 440 qnid
1334 402 1391 431 est
1414 401 1633 445 mutandum,

915 445 1046 478 rectior
1074 448 1234 489 superior
1270 451 1446 485 sententia
1480 452 1631 488 videtur.

916 495 1023 536 Solus.
1067 498 1174 542 Lege,
1204 499 1334 535 sonari.
1366 502 1492 538 Horat.
1515 505 1630 548 Epod.

915 556 1010 582 xvn.
1032 549 1134 582 ‘Sive
1152 551 1312 585 mendaci
1327 553 1406 596 lyra
1417 555 1513 588 voles
1529 566 1630 590 sona.

916 599 970 634 ri.’
1013 602 1112 644 Eleg.
1125 602 1161 635 in
1173 602 1307 637 obitum
1316 605 1448 639 Drusi:
1471 606 1483 626 ‘
1496 606 1630 651 Halcy-

915 660 1018 685 onum
1033 653 1120 686 tales
1136 658 1282 688 ventosa
1294 666 1359 699 per
1371 666 1513 701 aequora
1527 668 1631 702 ques-

914 706 971 736 tus
994 703 1050 737 Ad
1075 705 1196 739 surdas
1222 706 1318 739 tenui
1346 717 1432 742 voce
1461 715 1630 744 sonantur

913 754 1046 798 aquas!
1068 755 1186 791 Heius.

956 805 1073 848 Mes]
1095 807 1178 840 Non
1192 807 1307 852 video,
1317 819 1388 853 qua
1401 811 1539 847 ratione
1552 823 1630 857 pos-

912 855 959 888 sit
970 856 1022 889 ita
1035 857 1130 901 loqui
1145 858 1191 891 ad
1206 859 1363 894 cicadam
1377 862 1505 905 ipsam.
1534 865 1629 899 Num

912 907 1004 940 enim
1019 908 1097 951 ipsa
1110 909 1163 943 sie
1179 915 1304 953 putare
1327 913 1450 947 debuit
1464 915 1510 949 de
1525 921 1630 950 cantu

912 959 1078 1000 proprio?
1122 960 1327 1005 Loquuntur
1350 975 1434 999 sane
1457 966 1511 1000 ita
1525 967 1571 1000 de
1590 978 1630 1002 re

913 1009 1063 1050 diversa,
1078 1014 1116 1044 et
1127 1013 1248 1054 tertia,
1258 1018 1298 1047 ut
1306 1015 1464 1051 Martial.
1479 1017 1538 1052 lib.
1548 1026 1629 1052 xiv.

913 1060 958 1093 de
988 1062 1195 1103 pumilione:
1229 1064 1289 1098 ‘Si
1319 1070 1471 1101 stantem
1497 1069 1629 1112 videas,

912 1112 1120 1148 Astianaeta
1145 1116 1274 1158 putes!
1319 1117 1447 1162 Itaque
1474 1129 1552 1153 cum
1571 1120 1628 1154 hie

913 1174 1029 1198 sermo
1054 1165 1101 1198 sit
1125 1166 1169 1199 de
1193 1171 1300 1201 cantu
1329 1169 1461 1203 cicadae
1477 1171 1522 1204 ad
1538 1171 1630 1205 cica-

912 1216 1006 1258 dam,
1018 1217 1069 1249 sic
1085 1217 1267 1260 scripsisse
1290 1220 1350 1252 vix
1367 1221 1502 1263 opinor.
1546 1223 1630 1256 For-

912 1277 974 1301 san
989 1272 1085 1301 totus
1095 1278 1219 1301 versus
1231 1269 1281 1303 sic
1294 1270 1484 1313 legendus:
1508 1272 1628 1306 Sonari

910 1319 1036 1352 cithara
1049 1319 1119 1362 quis
1143 1323 1234 1362 putet
1258 1320 1432 1365 Apollinis,
1447 1323 1628 1358 includen-

911 1369 1064 1412 dumque
1094 1371 1307 1413 parenthesi,
1335 1376 1376 1405 ut
1404 1373 1452 1406 sit
1481 1383 1627 1408 sensus:

918 342 1087 386 remiges?

911 1421 1006 1456 Quia
1018 1430 1075 1454 me
1100 1425 1224 1455 cantus
1250 1422 1302 1455 tui
1322 1432 1392 1456 non
1415 1424 1535 1458 sinunt
1548 1425 1627 1459 dor-

910 1473 998 1505 mire
1012 1471 1108 1516 (nam
1134 1477 1216 1507 sunt
1231 1477 1305 1507 tam
1326 1476 1471 1519 egregii,
1485 1481 1525 1510 ut
1549 1478 1627 1520 quis

910 1529 1014 1567 putet
1028 1524 1073 1558 ab
1096 1525 1174 1568 ipso
1189 1524 1356 1568 Apolline
1371 1526 1468 1570 cani)
1483 1529 1627 1570 potabo.

910 1576 989 1609 Nisi
1018 1576 1133 1619 potius
1154 1576 1405 1620 existimamus,
1425 1578 1510 1611 illud
1534 1583 1628 1621 putes

909 1637 979 1660 non
1000 1628 1052 1660 sic
1079 1628 1203 1661 stricte
1228 1627 1354 1662 referri
1380 1629 1426 1662 ad
1454 1629 1628 1674 cicadam,

906 1677 970 1711 sed
995 1678 1190 1721 generatim
1215 1679 1267 1712 ita
1293 1680 1390 1722 poni,
1414 1685 1521 1725 atque
1544 1682 1626 1717 ideo

907 1729 1052 1772 vulgata
1079 1730 1195 1763 omnia
1224 1731 1409 1765 retinenda
1435 1742 1526 1768 esse.
1580 1734 1625 1768 In

906 1789 1009 1823 quam
1039 1781 1250 1814 sententiam
1287 1783 1494 1826 propendeo
1530 1795 1624 1819 nunc

905 1832 1027 1874 magis.
1071 1833 1140 1867 Qui
1155 1836 1258 1866 notas
1273 1833 1356 1866 olim
1369 1834 1507 1869 addidit
1516 1837 1624 1870 versi-

905 1883 965 1915 oni
980 1882 1142 1925 Gallieae,
1156 1893 1222 1926 pro
1244 1883 1420 1927 Apollinis,
1443 1887 1623 1929 Apollinem

906 1935 1046 1976 putavit
1060 1935 1328 1969 emendandum.
1350 1936 1460 1977 Schef.

951 1988 992 2018 13
1013 1986 1153 2028 Potare]
1175 1987 1308 2020 Bibere
1331 1988 1474 2031 largius,
1496 2000 1560 2032 per
1574 1991 1624 2023 hi-

906 2035 1080 2068 laritatem
1093 2037 1200 2070 animi
1223 2047 1269 2070 ex
1295 2043 1415 2082 cantu,
1429 2040 1520 2074 sieut
1534 2043 1623 2076 solet

906 2085 995 2119 fieri.
1016 2086 1125 2127 Schef.

952 2137 1078 2171 Nectar
1091 2139 1171 2180 quod
1187 2139 1314 2182 Pullus]
1337 2141 1500 2176 Minerva
1522 2145 1622 2178 nimi-

907 2199 983 2222 rum
997 2190 1053 2222 avi
1065 2200 1152 2232 suae,
1167 2201 1270 2233 quam
1285 2192 1321 2231 in
1333 2194 1446 2227 tutela
1455 2194 1622 2239 habebat,

906 2245 1028 2282 putum
1043 2241 1142 2274 illum
1169 2242 1327 2276 Deorum
1350 2244 1443 2278 dono
1465 2246 1622 2291 miserat,

905 2292 962 2325 die
978 2293 1084 2326 credo
1100 2294 1211 2326 natali
1226 2304 1300 2337 suo,
1323 2305 1394 2339 quo
1416 2307 1454 2330 se
1478 2298 1621 2332 Noctua

904 2343 1072 2378 invitaret
1087 2345 1227 2387 largius.
1249 2346 1337 2380 Ritt.

947 2395 1076 2438 Pallas]
1099 2396 1190 2431 Quia
1214 2402 1344 2430 noctua
1367 2403 1423 2433 est
1447 2401 1521 2433 avis
1535 2401 1617 2435 Pal-

903 2447 1005 2491 ladis,
1025 2453 1066 2481 ut
1082 2449 1197 2492 aquila
1218 2450 1328 2493 jovis,
1350 2460 1439 2494 pavo
1453 2453 1618 2498 Junonis,

901 2501 968 2534 διο.
991 2500 1100 2541 Series.

946 2554 988 2585 14
1011 2553 1087 2585 Non
1103 2552 1256 2596 fastidis]
1275 2553 1336 2587 Sc.
1358 2558 1483 2587 nectar
1498 2555 1609 2591 illud:

901 2602 1052 2636 formula
1060 2604 1285 2636 humanitatis
1295 2609 1332 2637 et
1347 2604 1460 2638 civilis
1473 2607 1613 2651 elegan-

901 2655 972 2688 tiae.
1031 2655 1217 2687 Petronius
1238 2664 1319 2697 cap.
1347 2659 1422 2690 12⁷.
1457 2658 1517 2690 ‘Si
1541 2668 1612 2693 non

900 2704 1037 2738 fastidis
1065 2704 1228 2738 feminam
1264 2711 1434 2751 ornatam,
1467 2710 1614 2744 coneilio

900 2758 964 2790 tibi
979 2756 1157 2790 sororem.’
1177 2757 1286 2797 Schef.

945 2812 984 2841 15
1014 2809 1086 2841 Una
1106 2807 1263 2851 bibamus]
1287 2809 1481 2846 Horatius:
1506 2812 1516 2832 ‘
1533 2812 1611 2847 Una

898 2860 1014 2902 simus,
1031 2859 1101 2893 ait.’
1127 2859 1210 2893 (ἕνα.
