1806 3236
253 218 340 262 610

714 226 858 261 NOTAE
890 227 1158 262 VAmoRUM
1191 227 1241 263 IN

759 551 1018 598 FABULA
1064 553 1212 598 XIII.

297 726 430 761 Fabula
456 727 531 762 boec
555 732 611 762 est
635 728 772 771 integra
787 728 880 772 apud
896 729 964 763 Ro-

253 778 395 810 mulinm
410 777 470 812 lib.
484 787 541 813 111.
557 778 631 813 fab.
646 782 701 812 20.
728 789 770 812 ex
788 789 868 822 qno,
883 789 961 822 qun

252 828 310 860 hic
326 828 464 868 desunt,
478 829 627 871 intelligi
642 834 680 863 et
696 834 871 872 utcunque
882 839 962 872 sup—

253 879 343 921 pleri
358 885 515 922 possunt.
555 881 642 914 Gud-

298 932 316 961 1
343 930 441 963 Recte
466 930 566 972 loqui]
599 931 647 964 H.
666 940 698 963 e.
729 934 866 973 aperte,
892 930 961 964 sin-

254 989 357 1021 εει-ες
379 981 457 1013 ideo
482 982 572 1014 enim
597 982 752 1025 sequitur
773 981 818 1014 de
832 981 960 1015 sinceri·

252 1035 331 1064 tate.
363 1032 575 1074 Oppositum
586 1033 687 1075 hujus
702 1037 767 1075 est,
780 1033 791 1052 ⁴
809 1032 961 1075 Oblique

252 1082 372 1125 loqui‚’
385 1083 476 1126 quod
492 1087 546 1116 est
565 1084 692 1126 passim
715 1085 750 1116 in
772 1094 845 1117 usu.
889 1084 960 1117 Sed

253 1138 291 1167 et
305 1137 389 1167 recte
402 1134 451 1167 sic
466 1135 645 1178 usurpavit
669 1135 815 1169 Plautus
834 1134 962 1178 Amph.

253 1194 311 1218 ιιι.
332 1195 382 1217 sc.
397 1188 430 1218 3.
454 1186 464 1203 ‘
483 1186 596 1219 Recte
623 1187 786 1230 loquere,'
808 1190 846 1220 et
869 1187 960 1230 Cap·

252 1235 364 1268 tiv.v.
390 1245 439 1268 sc.
456 1238 487 1269 2.
514 1236 574 1269 ubi
598 1237 714 1279 Hegio
733 1237 777 1270 ad
801 1247 960 1272 servum:

251 1287 262 1303 ‘
277 1285 315 1318 Si
339 1286 407 1318 eris
432 1296 549 1326 verax,
576 1292 637 1321 tua
662 1298 706 1321 ex
729 1298 768 1322 re
792 1288 899 1322 facies
915 1299 960 1322 ex

252 1336 342 1368 mala
372 1336 619 1372 meliusculam.
671 1339 783 1373 Recta
813 1343 850 1372 et
877 1348 961 1373 vera

253 1386 405 1430 loquere.
460 1388 530 1421 Sed
566 1399 679 1432 neque
716 1399 810 1431 vere,
845 1400 959 1434 neque

253 1443 362 1479 recte,
377 1438 487 1472 adbuc
503 1440 632 1473 Fecisti
647 1440 818 1483 unquam.'
850 1440 958 1481 Schef.

253 1489 353 1522 Recte
375 1491 459 1532 loqui
484 1501 571 1532 esse,
590 1491 662 1524 sine
686 1491 889 1524 circuitione
910 1492 959 1524 lo-

255 1540 325 1582 qui,
341 1540 487 1573 vidimus
510 1541 552 1574 ad
569 1541 710 1576 Quinct.
726 1542 876 1575 Prooem.
898 1541 959 1576 lib.

252 1598 336 1623 vm.
349 1595 386 1624 ut
399 1592 511 1624 solent
523 1592 649 1626 sinceri
659 1593 827 1626 homines.
846 1594 960 1627 Burm.

297 1641 396 1674 Recte
419 1642 518 1684 loqui]
549 1643 592 1675 Id
621 1648 687 1684 est,
717 1645 864 1687 directe,
886 1644 960 1678 sine

254 1691 465 1734 ambagibus.
510 1693 746 1736 Παρῥησιάζειν,
777 1696 961 1729 sinceritate

253 1743 327 1775 uti.-
364 1753 445 1777 mox
472 1745 562 1778 enim
591 1747 755 1789 sequitur,
781 1748 959 1780 sinceritas.

254 1795 345 1829 Ritt.

298 1847 396 1879 Recte
423 1847 524 1890 loqui]
572 1849 676 1882 Recta
702 1851 806 1890 verba,
835 1850 958 1884 Avien.

253 1896 337 1930 rab.
363 1901 416 1932 26.
438 1900 447 1917 ‘
461 1900 550 1932 Nam
575 1900 728 1943 quamvis
753 1901 858 1934 rectis
878 1911 959 1934 con-

253 1953 323 1981 stet
333 1951 507 1982 sententia
518 1950 645 1993 verbis,
656 1951 858 1993 Suspectam
871 1952 959 1984 lianc

254 2000 391 2032 rabidus
428 2001 626 2034 consiliator
660 2001 792 2035 habet!
841 2003 959 2035 Rectus

252 2062 364 2095 sermo,
390 2052 520 2087 Arnob.
536 2062 572 2087 v.
597 2054 607 2073 ‘
623 2055 692 2087 Ubi
718 2056 808 2088 enim
831 2055 959 2088 dicitur

254 2103 290 2136 in
306 2103 404 2136 unius
428 2105 583 2138 materiae
605 2116 749 2147 corpore
776 2116 855 2148 pars
881 2115 958 2139 esse

254 2156 441 2197 allegorice
457 2156 599 2198 scripta,
613 2156 834 2190 indubitabili
849 2158 959 2190 ultera

256 2215 412 2238 sermone
441 2208 624 2250 rectoque!
681 2208 803 2241 Idem:
840 2211 850 2228 ‘
868 2209 958 2241 Nam

256 2256 414 2297 quoniam
449 2261 561 2290 rectas
597 2258 757 2300 accipere
790 2260 959 2292 lectiones

255 2306 391 2347 pudet.’
434 2308 563 2340 Seneca
579 2309 795 2342 Controvers.
812 2310 959 2344 Prooem.

256 2357 268 2375 ‘
284 2357 365 2390 Non
383 2358 543 2400 placebat
564 2359 612 2391 illi
633 2360 823 2392 orationem
843 2359 960 2393 inflec-

257 2411 346 2449 tere,
374 2418 439 2441 nec
467 2419 614 2452 unquam
643 2415 742 2442 recta
764 2410 820 2442 via
848 2411 959 2443 disce-

257 2458 363 2491 dere.’
379 2459 487 2491 Paulo
502 2466 597 2502 post:
613 2461 624 2480 ‘
636 2460 807 2492 Summam
820 2461 958 2502 quidem

258 2518 333 2541 esse
358 2509 564 2543 dementiam
597 2511 802 2553 detorquere
832 2511 959 2543 oratio-

256 2569 348 2601 nem,
372 2561 427 2593 cui
453 2566 582 2593 rectam
603 2571 679 2594 esse
702 2561 845 2593 liceret.¹
881 2561 958 2594 Am.

257 2610 451 2643 Marcellin.
468 2620 560 2643 xvn.

258 2659 381 2701 brutis,
405 2665 503 2694 recto
532 2666 675 2703 pectore
694 2660 801 2704 (quod
816 2659 958 2702 dicitur)

258 2710 545 2754 considerateque
567 2720 766 2752 responsum
786 2714 839 2742 est
850 2709 872 2742 ε’
893 2713 958 2743 διο,

258 2760 356 2792 Recte
376 2762 470 2802 loqui,
494 2762 646 2794 Romana
668 2761 890 2803 simplicitate
912 2762 959 2793 lo·

259 2811 329 2853 qui.
373 2812 550 2847 Floridus:
581 2813 692 2846 ‘Cive
714 2814 867 2846 Romano
897 2823 960 2856 per

1013 724 1131 760 orbem
1160 734 1260 758 nemo
1287 723 1378 763 vivit
1411 722 1559 758 rectius-³
1614 721 1717 760 Recte

1012 776 1129 817 ἅπλῶς,
1141 774 1270 810 ἀδόλως.
1300 775 1453 809 Sincere.
1487 768 1716 808 Sicuutinli

1011 829 1021 848 ‘
1038 829 1149 861 Recta
1162 826 1270 861 fides:
1303 826 1384 868 Εἰς.

1054 879 1153 912 Recte
1166 877 1265 921 loqui]
1291 877 1336 910 Id
1350 880 1417 920 est,
1430 875 1579 918 sincere,
1588 874 1719 918 simpli,

1010 930 1122 972 citer3
1143 934 1243 973 patet
1257 938 1301 963 ex
1315 938 1412 972 seqq.
1433 932 1472 962 et
1490 928 1568 971 ips·
1583 925 1716 960 fabule.

1052 1036 1074 1066 2
1098 1033 1281 1076 Probanda]
1305 1033 1410 1076 nge,
1434 1029 1576 1064 Probet·
1596 1028 1719 1064 euadit

1008 1084 1389 1127 hacquidemoententia.
1422 1082 1543 1116 Heius.

1052 1139 1073 1168 3
1095 1136 1149 1170 Aa
1173 1135 1345 1179 perniciem
1371 1134 1448 1167 solet
1471 1133 1543 1176 agi]
1564 1130 1716 1174 Addunt,

1009 1187 1109 1230 trahi,
1137 1188 1228 1220 solet
1254 1187 1290 1219 in
1319 1185 1464 1225 exitium
1492 1183 1715 1227 pracipitari.

1010 1238 1190 1272 Quomodo
1215 1237 1354 1270 Livius:
1391 1236 1402 1255 ‘
1417 1237 1544 1278 captas
1568 1240 1718 1276 mentes,

1009 1289 1106 1322 velut
1134 1288 1316 1322 furialibus
1350 1286 1511 1328 stimulis,
1539 1284 1585 1319 ud
1613 1294 1715 1318 omne

1009 1339 1121 1372 scelus
1143 1342 1181 1372 et
1202 1347 1338 1373 omnem
1351 1335 1530 1372 libidinem
1546 1334 1714 1380 agerent!

1050 1441 1247 1483 Perniciem]
1269 1441 1336 1474 Me.
1349 1440 1502 1483 pentem.
1533 1437 1630 1473 Gud.

1049 1495 1071 1525 4
1094 1493 1231 1534 Regem]
1254 1493 1325 1527 Ms.
1341 1492 1442 1532 Rege.
1477 1489 1571 1524 Gud.

1050 1545 1071 1576 7
1096 1542 1214 1586 Atque]
1236 1543 1343 1585 Lege,
1361 1542 1476 1583 thue.
1509 1539 1630 1575 Heins-

1051 1597 1073 1627 8
1093 1595 1180 1627 «ἴω-α
1199 1593 1362 1635 reddebat]
1377 1592 1516 1626 Curtius
1531 1601 1615 1626 vm.
1629 1601 1663 1626 e.
1677 1593 1714 1624 9.

1009 1645 1019 1663 ‘
1036 1645 1114 1678 Rex
1129 1654 1207 1677 cum
1223 1643 1386 1687 capillum
1409 1642 1522 1686 pectit
1544 1645 1647 1685 atque
1663 1651 1717 1675 or-

1008 1700 1080 1737 nat,
1108 1700 1191 1728 tunc
1210 1695 1293 1737 jura
1321 1693 1546 1737 popularibus
1575 1690 1716 1726 reddit:

1007 1747 1065 1780 Sic
1081 1747 1182 1788 vulgo
1197 1756 1324 1779 omnes.
1363 1746 1477 1778 Deest
1499 1748 1616 1779 autem
1637 1743 1715 1780 reli·

1009 1806 1112 1839 quum
1138 1797 1237 1838 hujus
1262 1795 1390 1829 fabula
1427 1805 1507 1828 cum
1542 1794 1716 1828 nonnullis

1009 1848 1094 1888 aliis,
1110 1851 1147 1880 et
1160 1847 1258 1880 initio
1273 1846 1504 1889 sequentium,
1514 1846 1620 1890 quod,
1635 1845 1716 1889 quia

1008 1902 1085 1931 erat
1100 1908 1272 1940 spurcum,
1287 1898 1381 1940 pium
1401 1898 1570 1930 lectorem
1585 1896 1715 1940 (mona-

1008 1949 1109 1982 chum
1133 1947 1295 1992 fortasse)
1322 1948 1518 1990 commovit,
1537 1952 1577 1982 ut
1603 1951 1714 1984 totam

1007 2001 1167 2042 paginam
1181 2000 1236 2033 hic
1249 2003 1399 2033 erueret.
1442 1999 1501 2033 lta
1523 2008 1592 2033 non
1612 1998 1715 2034 modo

1008 2061 1132 2094 spurca
1152 2051 1222 2094 illa,
1236 2051 1297 2084 sed
1319 2056 1356 2085 et
1376 2056 1520 2094 caetera,
1542 2060 1610 2084 une
1634 2060 1713 2087 cum

1007 2102 1075 2136 fine
1100 2102 1202 2145 hujus
1228 2102 1366 2136 fabellae
1388 2103 1577 2145 perierunt.
1620 2102 1713 2137 Quin

1009 2154 1099 2186 enim
1114 2163 1182 2186 una
1197 2153 1349 2186 alterave
1363 2153 1499 2199 integra
1518 2152 1636 2186 fabula
1655 2153 1713 2186 hic

1009 2204 1238 2246 desideretur,
1254 2203 1412 2238 dubitare
1426 2213 1568 2247 nequeo.
1600 2203 1714 2238 Quale

1009 2254 1091 2298 quid
1116 2259 1153 2288 et
1177 2255 1262 2288 locis
1283 2255 1357 2288 aliIs
1381 2255 1548 2288 accidisse
1563 2253 1712 2290 videtur.

1054 2355 1219 2389 Reddebat
1233 2356 1319 2400 fide]
1349 2356 1454 2390 Hunc
1477 2359 1516 2391 et
1539 2355 1713 2400 sequentis

1010 2405 1137 2440 fabulae
1166 2408 1315 2449 priorem
1356 2417 1492 2441 versum
1516 2406 1713 2449 ,conjunxit

1009 2458 1185 2500 Rimicius,
1199 2458 1313 2491 nescio
1328 2469 1371 2492 an
1394 2458 1626 2500 manuscripto
1647 2457 1711 2491 du-

1009 2517 1061 2549 ce,
1079 2509 1142 2541 hoc
1166 2509 1285 2544 modo:
1308 2510 1390 2542 Sine
1413 2509 1575 2551 sanguine
1595 2508 1710 2542 cibum

1009 2569 1142 2591 sumere
1155 2565 1305 2592 sanctam
1317 2565 1354 2593 et
1364 2560 1596 2601 incorruptam
1607 2558 1710 2591 fldem

1008 2658 1132 2690 habere
1145 2659 1402 2700 paenitentiam:
1423 2660 1711 2704 persequiturque

1009 2706 1160 2740 fabulam
1176 2708 1269 2741 illam
1291 2709 1335 2741 de
1363 2710 1477 2742 Leone
1497 2715 1651 2753 rogante,
1666 2721 1711 2744 an

1010 2767 1047 2790 os
1062 2757 1198 2791 foeteret
1216 2760 1291 2801 sibi,
1306 2764 1342 2792 et
1357 2760 1473 2799 simio,
1491 2771 1569 2804 quae
1593 2767 1710 2796 exstat

1010 2811 1101 2854 apud
1117 2811 1369 2848 eumen-arium:
1393 2814 1480 2848 adeo
1495 2819 1534 2849 ut
1552 2815 1710 2849 videatur
