1806 3236
246 218 348 266 ,728
583 228 843 262 REGENSUS
875 228 1164 263 ammomum
1198 230 1417 263 rumoni.

319 334 424 375 1757
450 328 605 370 Pbaedri
637 330 875 370 Fabularum
905 332 1040 383 AEsop.
1072 330 1179 371 Libri
1208 341 1252 370 V.
1279 344 1327 371 ex
1357 331 1588 372 recensione
1614 332 1729 373 Alex.

260 394 534 446 Cuninghami.
577 394 795 434 Accedunt
825 395 870 434 P.
906 395 992 448 Syri
1023 400 1064 434 et
1097 395 1260 434 aliorum
1290 400 1468 435 veterum
1505 395 1730 437 Sententia.

259 459 489 510 Edinburgi‚
523 459 628 510 apud
650 459 853 498 Hamilton
874 465 916 499 et
953 461 992 500 J.
1019 459 1192 498 Balfour.
1221 459 1580 513 8.—Cuningbami
1596 460 1732 501 Varias

259 524 450 564 lectiones
470 530 508 563 et
529 524 803 575 Conjecturas‚
831 530 945 564 antea
973 524 1011 564 in
1032 524 1246 564 Germania
1263 524 1389 564 minus
1418 530 1548 572 notas,
1567 525 1732 565 inseruit

259 588 454 627 Schwabe
462 588 567 627 Parti
580 599 654 628 111.
669 588 849 628 editionis
862 588 1018 628 Phaedri
1031 602 1096 628 an.
1113 594 1395 635 1779-1781,
1409 588 1462 628 ab
1477 588 1563 640 ipso
1571 596 1730 629 curatae.

261 653 360 692 Sunt
372 653 475 692 inter
491 666 556 692 eas
577 667 655 692 non
671 667 809 706 paucae
830 654 894 694 vel
907 654 1024 706 justo
1036 654 1283 702 audaciores,
1302 653 1364 697 ,vel
1385 666 1465 693 non
1485 653 1731 693 noeessnriae.

313 718 516 770 —AEsopi
544 725 583 758 et
603 719 758 758 Phaedri
780 719 942 759 Fabulae
959 719 1130 768 selectae,
1155 724 1196 759 et
1210 731 1313 758 novo
1339 717 1476 760 ordine
1504 716 1722 770 dispositae,

268 782 414 823 Graece
433 788 473 821 et
491 784 578 822 Lat.
596 784 780 822 Genevae.
806 790 843 824 8.
942 821 945 829 .

312 868 367 876 ——
386 846 591 894 Phaedrus,
613 861 704 887 cum
723 848 826 887 notis
847 849 984 887 Germ.
1005 849 1093 887 Em.
1113 847 1276 888 Sinceri.
1296 849 1486 899 Augustae
1504 845 1623 886 Vind.
1653 851 1692 887 8.

313 935 368 942 —
381 912 539 952 Phaedri
553 913 728 960 Fabulae,
741 914 827 953 Lat.
841 920 880 952 et
895 913 1001 953 Gall.
1018 913 1227 965 interprete
1247 912 1473 964 Bourgeois.
1485 910 1654 952 Parisiis.
1663 911 1736 974 )2.’

313 1000 369 1008 —-
387 978 473 1016 Lat.
495 983 535 1017 et
554 978 661 1017 Gall.
692 979 823 1026 Metis,
843 978 950 1030 apud
972 979 1057 1018 Jos.
1092 977 1313 1029 Collignon.
1338 983 1360 1017 8
1388 974 1727 1021 mim—Libellus,

259 1041 299 1081 in
312 1055 524 1094 puerorum
545 1057 654 1082 usum
674 1043 818 1090 editus,
841 1050 968 1084 scatet
988 1043 1090 1083 vitiis
1124 1041 1441 1095 typographicis.
1497 1039 1612 1080 Ordo
1638 1051 1733 1081 eon·-

260 1107 487 1147 structionis
507 1121 579 1159 per
597 1121 776 1147 numeros
796 1108 955 1159 singulis
978 1107 1182 1147 vocabulis
1211 1106 1417 1158 impositos
1436 1111 1597 1144 notatus
1615 1110 1686 1144 est.

315 1196 371 1202 --
389 1172 477 1211 Lat.
499 1178 541 1211 et
562 1173 669 1211 Gall.
700 1172 968 1211 Wratislaviae.
993 1178 1029 1212 8.

318 1243 421 1284 1758
450 1237 609 1289 Phaedri
626 1243 664 1275 et
694 1237 752 1276 Fl.
771 1237 910 1276 Aviani
932 1238 1105 1276 Fabulae.
1127 1249 1216 1275 cum
1237 1232 1574 1275 annotationibus.
1603 1233 1732 1271 Acoe-

258 1303 360 1342 dunt
380 1302 537 1340 Fabulae
559 1304 715 1340 Graecae
731 1302 878 1341 Latinis
897 1302 1194 1353 respondentes,
1214 1306 1253 1339 et
1272 1298 1439 1338 Homeri
1453 1296 1734 1347 Batrachomy-

260 1362 454 1407 otnachia.
483 1366 649 1405 Patavii.
672 1373 734 1406 12.

313 1454 369 1461 --
386 1431 714 1478 Phaedrus,cu1n
753 1444 852 1470 nova
891 1431 1068 1471 versione
1102 1429 1211 1469 Gall.
1241 1434 1282 1468 et
1303 1426 1407 1467 notis
1423 1424 1651 1470 Lalleman'ti
1680 1422 1732 1463 de

259 1496 447 1547 Maupas.
469 1495 692 1544 Rotomagi.
716 1501 752 1534 8.
756 1495 902 1534 -Vid.
917 1497 1025 1535 Vers.
1046 1495 1162 1534 Gall.
1175 1494 1213 1532 h.
1233 1506 1272 1533 a.

318 1566 422 1607 1759
450 1552 607 1598 Phaedri
629 1559 803 1607 Fabulae,
824 1558 875 1599 ad
907 1558 1096 1610 optimam
1133 1569 1330 1609 quamque
1358 1526 1572 1594 editionem
1601 1565 1734 1593 emen·

258 1624 381 1664 datae.
412 1626 606 1664 Genevae.
641 1631 678 1664 8.

312 1712 367 1719 -
383 1703 474 1729 eum
494 1689 670 1728 versione
691 1689 796 1728 Gall.
818 1696 858 1729 et
878 1690 1020 1730 fabulis
1055 1687 1235 1729 Fontanii
1265 1682 1607 1739 respondentibus.
1638 1682 1730 1723 Am·

262 1755 484 1795 stelodami.
506 1761 542 1794 8.
561 1754 653 1804 maj.

255 1841 257 1843 -
310 1842 366 1849 —-
386 1832 478 1858 cum
494 1820 598 1859 notis
616 1821 701 1859 Em.
718 1820 883 1860 Sinceri.
902 1820 1090 1869 Augustae
1108 1816 1226 1855 Vind.
1249 1822 1287 1855 8.

319 1882 421 1929 1760
450 1884 609 1924 Phaedri
631 1886 868 1924 Fabularum
890 1883 994 1921 Libri
1013 1893 1054 1920 v.
1091 1878 1312 1919 Latinitatis
1329 1876 1590 1917 studiosorum
1609 1873 1733 1926 gratia

262 1947 300 1986 in
322 1948 495 2000 privatos
515 1962 607 1988 usus
633 1949 728 1989 editi
756 1962 779 1988 a
805 1950 870 1988 Jo.
899 1946 1102 1987 Petschio.
1128 1947 1317 1996 Augustae
1340 1941 1458 1981 Vind.
1497 1937 1731 1979 Lotterianis

259 2012 625 2053 litteris.-—Merum
647 2020 797 2053 textum
819 2013 938 2052 habet
957 2025 1046 2051 cum
1068 2024 1166 2050 varr.
1186 2010 1296 2049 lectt.
1317 2007 1488 2047 delectu.

323 2077 422 2124 1761
455 2080 610 2119 Phaedri
654 2080 827 2125 Fabulae,
859 2091 951 2117 cum
984 2077 1140 2129 Sylloge
1166 2073 1448 2114 vocabulorum
1464 2075 1504 2110 et
1531 2066 1731 2121 phrasinm

264 2154 336 2196 per
349 2143 412 2183 Jo.
432 2145 519 2184 Jac.
540 2146 698 2184 Schatz,
721 2146 845 2192 Jenae,
867 2144 973 2196 apud
995 2142 1165 2183 Croeker.
1189 2137 1400 2180 8.——Conf.
1420 2151 1483 2176 an.
1502 2132 1619 2181 1746.

323 2209 426 2254 1762
446 2209 602 2248 Phaedri
615 2210 848 2248 Fabularum
871 2208 977 2247 Libri
996 2218 1038 2246 v,
1058 2220 1106 2245 ex
1126 2203 1353 2244 recensione
1370 2202 1478 2241 Petr.
1497 2197 1731 2239 Burmanni.

264 2275 471 2328 Glasguae.
492 2274 756 2313 Excudebant
771 2274 876 2312 Rob.
895 2279 935 2311 et
956 2270 1081 2311 Andr.
1098 2269 1243 2309 Foulis.
1264 2274 1325 2308 12.

316 2363 370 2371 —-—-
389 2341 475 2379 Lat.
489 2344 530 2378 et
543 2339 648 2378 Gall.
669 2351 760 2378 cum
773 2335 1088 2376 annotationibus
1103 2340 1142 2373 et
1160 2332 1303 2373 fabulis
1322 2315 1518 2370 Fontanii.
1531 2327 1731 2367 wratisla-

262 2406 349 2445 viae.
373 2411 409 2445 8.

317 2492 370 2500 -
389 2482 480 2508 cum
499 2467 603 2506 notis
622 2468 758 2507 Germ.
780 2466 866 2504 Em.
888 2465 1048 2504 Sinceri.
1070 2466 1260 2515 Augustae
1276 2460 1394 2501 Vind.
1417 2464 1456 2499 8.

317 2558 371 2565 —-
388 2534 544 2573 Phaedri
560 2533 735 2579 Fabulae,
757 2531 939 2570 brevibus
960 2530 1062 2569 notis
1082 2529 1297 2567 illustratae.
1328 2526 1450 2565 Senis.
1473 2531 1510 2566 8.

322 2600 425 2645 1763
454 2598 608 2637 Phaedri
629 2597 861 2637 Fabularum
880 2595 986 2634 Libri
1008 2606 1049 2633 V.
1066 2608 1154 2633 cum
1175 2591 1409 2645 appendice.
1439 2589 1563 2629 Halae.
1583 2593 1645 2627 12.

323 2663 426 2709 1764
467 2663 622 2703 Phaedri
650 2669 692 2702 et
717 2662 773 2701 ΡΙ.
796 2660 933 2700 Aviani
954 2659 1131 2706 Fabulae,
1159 2670 1251 2696 cum
1284 2653 1614 2695 annotationibus.
1642 2654 1724 2692 Ao-

264 2729 415 2769 cedunt
449 2728 601 2767 fabellae
623 2730 781 2768 Graecae
805 2726 949 2766 Latinis
975 2722 1268 2776 respondentes,
1289 2734 1380 2760 cum
1407 2719 1567 2759 Homeri
1586 2717 1724 2758 Batra-

266 2794 604 2847 chomyomachia.
625 2793 787 2834 Patavii.
813 2798 860 2833 12
881 2788 1150 2842 maj.-Conf.
1172 2788 1374 2832 aim-1740.
