1806 3236
242 250 330 294 716
555 251 814 293 REcENSth
850 261 1136 299 ssoirronum
1170 248 1390 297 rumoni.

242 359 492 400 enthaltenen
513 360 791 408 Redensarten,
813 367 912 401 samt
933 362 1193 415 beygeffigter
1211 362 1462 404 lateinischen
1485 359 1701 417 Periphas}

241 424 311 464 des
349 425 476 464 Herm
511 426 654 472 Danet‚
686 425 757 465 der
792 426 945 477 Jugend
977 440 1065 466 zum
1095 427 1239 467 Besten
1271 439 1341 467 ans
1373 427 1489 484 Licht
1509 428 1701 482 gegeben.

243 488 451 528 ankfurt
470 490 549 528 und
570 489 742 541 Leipzig.
762 495 800 530 8.

294 572 348 583 --
365 553 522 592 Phaedri
539 553 712 600 Fabulae,
734 566 824 592 cum
845 554 947 593 notis
968 554 1206 593 Hartnaccii.
1227 554 1412 594 Lubeeae.
1432 561 1473 595 8.

297 616 401 664 1697
429 618 551 656 Jenae.
577 623 639 658 12.
662 630 799 656 recusa
817 617 937 657 editio
958 617 1134 657 Koeberi.
1156 618 1247 658 Vid.
1267 631 1385 671 supra
1404 629 1468 659 an.
1489 618 1610 660 16⁸5.

297 687 351 710 -‘-—-
370 681 528 720 Phaedri
548 681 724 721 Fabulae.
745 682 1012 735 Stuttgardiae.
1043 688 1080 722 8.
1555 678 1558 681 ’

364 798 515 838 AETAS
545 795 619 839 111.
648 799 1268 840 GUDlo-BURMANNIANA
1301 799 1577 847 1698—1810.

293 894 418 945 Cujus
435 896 618 948 princeps
637 897 752 937 etiam
774 905 865 950 post
882 898 1003 938 fatum
1023 898 1146 938 evasit
1166 900 1300 950 Marq.
1334 897 1506 946 Gudius,
1527 897 1596 950 qni
1626 896 1705 936 lec-

240 958 391 998 tionum
420 960 516 999 Mss.
550 960 655 1000 Pith.
686 963 798 1001 Rem.
832 969 872 1002 et
902 963 1005 1001 Dan.
1036 963 1218 1002 varietate
1241 961 1429 1009 adbibita,
1450 967 1541 1014 post
1558 960 1705 1013 priores

241 1022 410 1062 Criticos
430 1024 532 1063 haud
553 1038 681 1077 pauca
693 1027 930 1075 emendavit,
949 1027 1170 1074 illustravit,
1190 1033 1274 1066 tum
1293 1040 1340 1065 ex
1360 1025 1462 1066 Cod.
1482 1025 1708 1066 Divionensi

239 1084 457 1138 descriptas
478 1088 650 1140 quinque
684 1090 838 1130 fabulas
859 1091 1034 1143 reliquit,
1059 1090 1177 1139 haud,
1197 1089 1304 1143 quod
1326 1089 1514 1143 quidam
1510 1087 1707 1130 fastidiosi

238 1153 515 1203 elegantiarum
543 1155 825 1196 existimatores
859 1157 1006 1204 volunt,
1036 1156 1204 1195 Phaedro
1222 1149 1337 1208 plane
1353 1147 1558 1208 indignas:
1598 1153 1710 1193 idenr

239 1217 370 1268 plures
401 1231 447 1256 ex
476 1218 616 1258 eodem
651 1220 801 1259 Codice
833 1219 1055 1272 descripsit,
1089 1219 1234 1271 quibus
1264 1219 1479 1259 etiamnum
1511 1230 1704 1266 caremuS,

240 1281 346 1331 quod
384 1282 581 1321 Gudianae
613 1284 769 1323 schedae
812 1298 990 1336 magnam
1022 1290 1172 1336 partem
1215 1285 1353 1323 lacerae
1395 1283 1570 1322 extitere.
1599 1282 1705 1322 Petr-

240 1345 500 1392 Burmannus,
537 1346 593 1384 his
612 1360 636 1386 a
655 1349 733 1386 Ge.
764 1347 925 1386 Graevio
945 1354 1100 1394 auctus,
1118 1347 1283 1398 primum
1311 1360 1460 1386 novam*
1478 1360 1570 1386 cum
1600 1348 1706 1387 notis

240 1408 445 1460 variorum,
467 1410 582 1449 etiam
599 1411 722 1450 Gudii
749 1418 790 1463 et.
808 1411 958 1451 Heinsii
988 1411 1155 1457 ineditis,
1189 1410 1402 1450 editionem
1422 1409 1606 1450 instruxit
1640 1424 1707 1451 an.

243 1474 359 1520 1698.
391 1487 508 1525 quam
530 1476 745 1515 auctiorem
765 1489 826 1514 an.
851 1482 966 1520 1718.
987 1475 1125 1522 edidit,
1144 1474 1350 1527 aliquoties
1363 1474 1452 1513 dein
1472 1475 1705 1527 repetitam3

242 1547 321 1577 tum
341 1551 390 1576 an
410 1551 493 1590 seq.
519 1544 636 1585 1719.
657 1539 844 1578 minorem
866 1539 946 1578 sine
980 1538 1098 1585 notis,
1131 1538 1199 1578 sed
1234 1552 1323 1589 quae
1354 1544 1502 1578 textum
1535 1539 1587 1578 ab
1619 1539 1707 1592 ipso

238 1601 474 1641 recensitum
495 1602 654 1641 exhibet
671 1616 681 1648 ;
710 1602 869 1641 tandem
890 1615 953 1641 an.
977 1607 1092 1647 1727.
1113 1615 1257 1640 novum
1277 1602 1360 1653 ipse
1375 1602 1706 1643 Commentarium

238 1666 277 1704 in
293 1665 452 1704 Phaedri
470 1665 625 1704 fabulas
642 1666 821 1716 protulit,
842 1666 908 1717 qui
929 1665 1107 1717 quamvis
1128 1665 1267 1705 nimius
1288 1665 1336 1705 sit
1367 1665 1427 1705 vel
1457 1666 1495 1704 in
1532 1659 1611 1705 suis
1640 1667 1708 1707 de-

238 1729 458 1776 fendendis,
481 1730 541 1768 vel
561 1730 599 1768 in
626 1730 791 1768 aliorum
825 1730 927 1768 ausis
951 1729 1218 1777 confutandis,
1236 1730 1352 1769 hodie
1375 1730 1558 1783 princeps
1583 1731 1704 1771 habe-

241 1801 316 1833 tur.
347 1794 494 1832 Praeter
512 1807 602 1832 eum
621 1795 722 1833 Dav.
761 1795 1089 1845 Hoogstratanus,
1118 1796 1183 1833 Jo.
1218 1795 1279 1833 Fr.
1307 1800 1345 1833 et
1376 1796 1464 1835 Jac.
1500 1797 1706 1844 Gronovii,

241 1864 323 1896 tum
360 1858 505 1897 Thom.
524 1858 714 1904 Johnson,
745 1858 918 1909 Anglus;
948 1871 996 1896 ex
1027 1857 1232 1896 Germanis
1253 1871 1345 1897 vero
1378 1859 1443 1898 Jo.
1474 1859 1704 1912 Christoph.

240 1921 419 1970 Wolfius,
440 1924 505 1963 J0.
537 1923 614 1961 Ge.
636 1922 850 1968 walchius‚
887 1923 950 1962 Jo.
989 1921 1078 1960 Nic.
1112 1920 1318 1968 Funccius,
1349 1922 1414 1961 so.
1448 1922 1580 1962 Gottl.
1598 1923 1706 1963 Sam.

241 1988 450 2035 Schwabe,
470 1987 604 2033 ceteri,
626 2001 696 2026 suo
714 1986 879 2038 quisque
899 1985 1017 2024 modo
1038 1986 1138 2025 bene
1157 1986 1294 2024 mereri
1306 1984 1355 2025 de
1370 1985 1536 2025 Phaedro
1551 1986 1707 2027 studue-

240 2058 344 2091 runt.
377 2052 610 2104 Supervenit
630 2058 713 2091 tum
734 2050 922 2090 Richard.
944 2050 1158 2096 Bentleius,
1180 2049 1248 2101 qui
1267 2049 1499 2089 auctoritate
1518 2063 1586 2090 sua
1614 2051 1708 2091 abu-

241 2122 324 2155 tens
344 2117 431 2167 plus
450 2116 592 2163 obfuit,
627 2128 743 2166 quam
759 2114 906 2166 profuit
924 2113 1107 2160 Phaedro,
1143 2119 1263 2165 atque
1282 2113 1337 2152 sic
1357 2113 1409 2153 ab
1430 2113 1552 2152 Hario
1570 2115 1704 2167 Anglo

242 2180 413 2231 gravius,
433 2194 454 2219 a
474 2180 696 2219 Burmanno
716 2179 852 2218 leniori
868 2179 1073 2218 verborum
1096 2178 1225 2230 specie
1244 2183 1436 2230 praetexta
1449 2177 1706 2230 reprehensus

242 2250 305 2283 est
320 2258 331 2290 ;
360 2258 407 2283 ex
427 2244 552 2284 Gallis
570 2244 708 2295 steph.
730 2243 855 2282 Andr.
874 2242 1070 2294 Philippe,
1087 2242 1212 2281 Gabr.
1231 2240 1397 2289 Brotier,
1416 2246 1456 2280 et
1468 2241 1608 2281 Franc.
1621 2242 1705 2289 Jos.

245 2308 487 2358 Desbillons,
508 2309 559 2348 de
580 2309 719 2360 quibus
738 2308 809 2348 erit
830 2308 929 2346 infra
948 2307 1105 2346 dicendi
1122 2306 1249 2345 locus.

302 2373 403 2419 1698
435 2374 640 2412 Burmanni
656 2385 686 2411 1.
703 2372 857 2426 Phaedri
873 2373 974 2424 Aug.
988 2371 1075 2412 Lib.
1092 2370 1324 2410 Fabularum
1338 2368 1524 2421 AEsopiar.
1544 2368 1651 2409 Libri
1664 2381 1705 2409 v.

243 2450 336 2475 cum
355 2438 511 2488 integris
526 2436 811 2477 commentariis
824 2437 954 2488 Marq.
970 2436 1104 2483 Gudii‚
1125 2436 1241 2475 Conr.
1259 2434 1515 2482 Rittershusii,
1534 2433 1623 2473 Nic.
1637 2434 1707 2473 Ri-

246 2501 368 2551 galtii,
387 2502 480 2540 Nic.
499 2502 660 2551 Heinsii,
676 2502 740 2540 Jo.
760 2501 959 2548 Schefferi,
980 2503 1046 2542 Jo.
1072 2500 1225 2542 Ludov.
1248 2498 1438 2546 Praschii,
1457 2505 1496 2538 et
1513 2497 1705 2550 excerptis

245 2564 422 2604 aliorum.
458 2566 629 2605 Curante
669 2566 787 2604 Petro
823 2565 1057 2604 Burmanno.
1099 2563 1399 2609 Amstelodami,
1430 2562 1533 2614 apud
1582 2562 1706 2600 Henr.

246 2630 520 2669 Wetstenium.
543 2636 565 2670 8
579 2629 871 2681 maj.—-Textui
882 2629 1144 2679 subjiciuntur
1158 2628 1316 2678 integrae
1333 2624 1705 2674 Heinsii,Schefferi,

246 2693 420 2732 Praschii
448 2696 578 2743 Notae,
599 2709 687 2734 cum
708 2695 900 2747 excerptis
926 2694 1116 2745 Scioppii,
1147 2691 1320 2738 Meursii‚
1355 2689 1543 2737 Neveleti,
1576 2690 1704 2738 Fabri,

232 2758 411 2810 Guyeti,
439 2758 585 2808 Ursini,
607 2760 871 2807 Freinshemii,
893 2759 1041 2799 Axenii.
1060 2757 1124 2797 Ad
1144 2755 1292 2794 calcem
1312 2754 1494 2806 singulari
1512 2753 1706 2793 volumine

246 2820 394 2871 adjecti
408 2825 682 2864 Commentarii
694 2825 828 2873 Gudii,
842 2823 1101 2872 Rittershusii,
1115 2820 1285 2873 Rigaltii.
1302 2820 1488 2867 Multum,
1502 2823 1543 2858 et
1554 2817 1704 2866 merito,
