<?xml version="1.0" encoding="UTF-8"?>
<!DOCTYPE html PUBLIC "-//W3C//DTD XHTML 1.0 Transitional//EN"
    "http://www.w3.org/TR/xhtml1/DTD/xhtml1-transitional.dtd">
<html xmlns="http://www.w3.org/1999/xhtml" xml:lang="en" lang="en">
 <head>
  <title>
</title>
<meta http-equiv="Content-Type" content="text/html;charset=utf-8" />
  <meta name='ocr-system' content='tesseract 3.04.00' />
  <meta name='ocr-capabilities' content='ocr_page ocr_carea ocr_par ocr_line ocrx_word'/>
</head>
<body>
  <div class='ocr_page' id='page_1' title='image "./fabualeaesopiae00phaeuoft_0449.png"; bbox 0 0 1806 3236; ppageno 0'>
   <div class='ocr_carea' id='block_1_1' title="bbox 410 218 1390 264">
    <p class='ocr_par' dir='ltr' id='par_1_1' title="bbox 410 218 1390 264">
     <span class='ocr_line' id='line_1_1' title="bbox 410 218 1390 264; baseline -0.001 -2"><span class='ocrx_word' id='word_1_1' title='bbox 410 227 613 264; x_wconf 66' lang='lat' dir='ltr'><strong>prmum</strong></span> <span class='ocrx_word' id='word_1_2' title='bbox 646 227 755 261; x_wconf 70' lang='lat' dir='ltr'><strong>ua.</strong></span> <span class='ocrx_word' id='word_1_3' title='bbox 787 226 1094 261; x_wconf 74' lang='lat' dir='ltr'><strong>AEsomARuM</strong></span> <span class='ocrx_word' id='word_1_4' title='bbox 1128 227 1225 261; x_wconf 79' lang='lat' dir='ltr'><strong>mn.</strong></span> <span class='ocrx_word' id='word_1_5' title='bbox 1259 227 1315 260; x_wconf 87' lang='lat'><strong>11.</strong></span> <span class='ocrx_word' id='word_1_6' title='bbox 1346 218 1390 261; x_wconf 87' lang='grc'><strong>3.</strong></span> 
     </span>
    </p>
   </div>
   <div class='ocr_carea' id='block_1_2' title="bbox 144 325 873 2149">
    <p class='ocr_par' dir='ltr' id='par_1_2' title="bbox 155 325 873 927">
     <span class='ocr_line' id='line_1_2' title="bbox 170 325 852 370; baseline -0.006 -8"><span class='ocrx_word' id='word_1_7' title='bbox 170 330 309 362; x_wconf 62' lang='lat' dir='ltr'><strong>tenu</strong></span> <span class='ocrx_word' id='word_1_8' title='bbox 324 326 487 370; x_wconf 74' lang='lat' dir='ltr'><strong>speciem.</strong></span> <span class='ocrx_word' id='word_1_9' title='bbox 530 326 628 369; x_wconf 80' lang='lat' dir='ltr'><strong>virg.</strong></span> <span class='ocrx_word' id='word_1_10' title='bbox 650 325 781 368; x_wconf 84' lang='lat' dir='ltr'><strong>Georg.</strong></span> <span class='ocrx_word' id='word_1_11' title='bbox 799 335 852 358; x_wconf 76' lang='lat' dir='ltr'><strong>iv.</strong></span> 
     </span>
     <span class='ocr_line' id='line_1_3' title="bbox 161 376 849 420; baseline -0.007 -7"><span class='ocrx_word' id='word_1_12' title='bbox 161 378 174 398; x_wconf 81' lang='lat'><em>‘</em></span> <span class='ocrx_word' id='word_1_13' title='bbox 187 378 335 413; x_wconf 64' lang='lat' dir='ltr'><strong>Palam</strong></span> <span class='ocrx_word' id='word_1_14' title='bbox 348 378 414 412; x_wconf 78' lang='lat' dir='ltr'><strong>lita</strong></span> <span class='ocrx_word' id='word_1_15' title='bbox 429 387 579 420; x_wconf 88' lang='lat' dir='ltr'><strong>corpora</strong></span> <span class='ocrx_word' id='word_1_16' title='bbox 591 376 721 420; x_wconf 68' lang='lat' dir='ltr'><strong>guttis!</strong></span> <span class='ocrx_word' id='word_1_17' title='bbox 745 376 849 416; x_wconf 69' lang='lat' dir='ltr'><strong>Scluff.</strong></span> 
     </span>
     <span class='ocr_line' id='line_1_4' title="bbox 203 426 871 472; baseline -0.007 -9"><span class='ocrx_word' id='word_1_18' title='bbox 203 432 227 463; x_wconf 70' lang='lat'><em>⁷</em></span> <span class='ocrx_word' id='word_1_19' title='bbox 250 429 404 472; x_wconf 69' lang='lat' dir='ltr'><strong>Capillos]</strong></span> <span class='ocrx_word' id='word_1_20' title='bbox 438 426 584 461; x_wconf 82' lang='lat' dir='ltr'><strong>Petron.</strong></span> <span class='ocrx_word' id='word_1_21' title='bbox 621 428 632 446; x_wconf 89' lang='lat'>‘</span> <span class='ocrx_word' id='word_1_22' title='bbox 645 427 871 460; x_wconf 83' lang='lat' dir='ltr'><strong>Descenden-</strong></span> 
     </span>
     <span class='ocr_line' id='line_1_5' title="bbox 161 478 871 522; baseline -0.004 -9"><span class='ocrx_word' id='word_1_23' title='bbox 161 483 218 513; x_wconf 59' lang='grc' dir='ltr'><strong>ἴοι</strong></span> <span class='ocrx_word' id='word_1_24' title='bbox 231 479 276 512; x_wconf 76' lang='lat' dir='ltr'><strong>ab</strong></span> <span class='ocrx_word' id='word_1_25' title='bbox 291 489 374 513; x_wconf 82' lang='lat' dir='ltr'><strong>anre</strong></span> <span class='ocrx_word' id='word_1_26' title='bbox 385 479 530 522; x_wconf 80' lang='lat' dir='ltr'><strong>capillos</strong></span> <span class='ocrx_word' id='word_1_27' title='bbox 539 487 633 511; x_wconf 84' lang='lat' dir='ltr'><strong>meos</strong></span> <span class='ocrx_word' id='word_1_28' title='bbox 645 478 789 511; x_wconf 82' lang='lat' dir='ltr'><strong>dentata</strong></span> <span class='ocrx_word' id='word_1_29' title='bbox 804 487 871 511; x_wconf 86' lang='lat' dir='ltr'><strong>ma-</strong></span> 
     </span>
     <span class='ocr_line' id='line_1_6' title="bbox 163 530 461 564; baseline -0.003 0"><span class='ocrx_word' id='word_1_30' title='bbox 163 539 210 564; x_wconf 81' lang='lat' dir='ltr'><strong>nu</strong></span> <span class='ocrx_word' id='word_1_31' title='bbox 226 530 351 564; x_wconf 62' lang='lat' dir='ltr'><strong>duxit?</strong></span> <span class='ocrx_word' id='word_1_32' title='bbox 377 531 461 563; x_wconf 66' lang='grc' dir='ltr'><strong>σιω.</strong></span> 
     </span>
     <span class='ocr_line' id='line_1_7' title="bbox 157 582 871 625; baseline -0.004 -9"><span class='ocrx_word' id='word_1_33' title='bbox 157 597 163 601; x_wconf 88' lang='grc'><em>·</em></span> <span class='ocrx_word' id='word_1_34' title='bbox 202 582 355 625; x_wconf 65' lang='lat' dir='ltr'><strong>Homini]</strong></span> <span class='ocrx_word' id='word_1_35' title='bbox 377 582 497 616; x_wconf 87' lang='lat' dir='ltr'><strong>Habet</strong></span> <span class='ocrx_word' id='word_1_36' title='bbox 512 584 707 625; x_wconf 78' lang='lat' dir='ltr'><strong>elegantem</strong></span> <span class='ocrx_word' id='word_1_37' title='bbox 722 591 871 624; x_wconf 84' lang='lat' dir='ltr'><strong>sensum,</strong></span> 
     </span>
     <span class='ocr_line' id='line_1_8' title="bbox 159 631 873 677; baseline -0.003 -11"><span class='ocrx_word' id='word_1_38' title='bbox 159 635 199 666; x_wconf 68' lang='lat' dir='ltr'><strong>et</strong></span> <span class='ocrx_word' id='word_1_39' title='bbox 211 633 310 677; x_wconf 76' lang='lat' dir='ltr'><strong>qnasi</strong></span> <span class='ocrx_word' id='word_1_40' title='bbox 322 643 401 666; x_wconf 81' lang='lat' dir='ltr'><strong>eum</strong></span> <span class='ocrx_word' id='word_1_41' title='bbox 412 633 713 666; x_wconf 77' lang='lat' dir='ltr'><strong>commiseratione</strong></span> <span class='ocrx_word' id='word_1_42' title='bbox 728 631 873 665; x_wconf 83' lang='lat' dir='ltr'><strong>infortu-</strong></span> 
     </span>
     <span class='ocr_line' id='line_1_9' title="bbox 156 682 870 718; baseline -0.001 -2"><span class='ocrx_word' id='word_1_43' title='bbox 156 683 208 716; x_wconf 76' lang='lat' dir='ltr'><strong>nii</strong></span> <span class='ocrx_word' id='word_1_44' title='bbox 228 683 366 718; x_wconf 86' lang='lat' dir='ltr'><strong>dicitur.</strong></span> <span class='ocrx_word' id='word_1_45' title='bbox 411 683 510 716; x_wconf 90' lang='lat' dir='ltr'><strong>Sicut</strong></span> <span class='ocrx_word' id='word_1_46' title='bbox 533 684 722 717; x_wconf 86' lang='lat' dir='ltr'><strong>Germani:</strong></span> <span class='ocrx_word' id='word_1_47' title='bbox 745 682 802 715; x_wconf 71' lang='lat' dir='ltr'><strong>Sic</strong></span> <span class='ocrx_word' id='word_1_48' title='bbox 815 683 870 716; x_wconf 78' lang='lat' dir='ltr'><strong>ha·</strong></span> 
     </span>
     <span class='ocr_line' id='line_1_10' title="bbox 157 734 869 777; baseline 0 -9"><span class='ocrx_word' id='word_1_49' title='bbox 157 734 219 768; x_wconf 74' lang='lat' dir='ltr'><strong>ben</strong></span> <span class='ocrx_word' id='word_1_50' title='bbox 227 736 298 768; x_wconf 71' lang='lat' dir='ltr'><strong>dem</strong></span> <span class='ocrx_word' id='word_1_51' title='bbox 309 739 409 777; x_wconf 66' lang='lat' dir='ltr'><strong>guden</strong></span> <span class='ocrx_word' id='word_1_52' title='bbox 419 745 515 768; x_wconf 72' lang='lat' dir='ltr'><strong>mnu</strong></span> <span class='ocrx_word' id='word_1_53' title='bbox 525 737 583 769; x_wconf 76' lang='lat' dir='ltr'><strong>das</strong></span> <span class='ocrx_word' id='word_1_54' title='bbox 592 737 657 768; x_wconf 74' lang='lat' dir='ltr'><strong>and</strong></span> <span class='ocrx_word' id='word_1_55' title='bbox 670 737 728 767; x_wconf 76' lang='lat' dir='ltr'><strong>das</strong></span> <span class='ocrx_word' id='word_1_56' title='bbox 739 735 869 776; x_wconf 74' lang='lat' dir='ltr'><strong>gethan.</strong></span> 
     </span>
     <span class='ocr_line' id='line_1_11' title="bbox 156 785 869 829; baseline 0.001 -11"><span class='ocrx_word' id='word_1_57' title='bbox 156 785 216 819; x_wconf 84' lang='lat' dir='ltr'><strong>Ita</strong></span> <span class='ocrx_word' id='word_1_58' title='bbox 230 785 321 819; x_wconf 76' lang='lat' dir='ltr'><strong>infra</strong></span> <span class='ocrx_word' id='word_1_59' title='bbox 333 786 396 819; x_wconf 87' lang='lat' dir='ltr'><strong>lib.</strong></span> <span class='ocrx_word' id='word_1_60' title='bbox 407 796 466 820; x_wconf 87' lang='grc' dir='ltr'><strong>ιιι.</strong></span> <span class='ocrx_word' id='word_1_61' title='bbox 482 796 562 829; x_wconf 90' lang='lat' dir='ltr'><strong>cap.</strong></span> <span class='ocrx_word' id='word_1_62' title='bbox 578 789 612 818; x_wconf 79' lang='lat'><strong>4.</strong></span> <span class='ocrx_word' id='word_1_63' title='bbox 627 787 768 818; x_wconf 81' lang='lat' dir='ltr'>Terent.</span> <span class='ocrx_word' id='word_1_64' title='bbox 780 786 869 820; x_wconf 88' lang='lat' dir='ltr'><strong>Eun.</strong></span> 
     </span>
     <span class='ocr_line' id='line_1_12' title="bbox 155 834 868 880; baseline 0 -11"><span class='ocrx_word' id='word_1_65' title='bbox 155 834 241 869; x_wconf 83' lang='lat' dir='ltr'><strong>Act.</strong></span> <span class='ocrx_word' id='word_1_66' title='bbox 257 845 301 870; x_wconf 83' lang='grc' dir='ltr'><strong>ιι.</strong></span> <span class='ocrx_word' id='word_1_67' title='bbox 322 836 381 870; x_wconf 86' lang='lat' dir='ltr'><strong>Sc.</strong></span> <span class='ocrx_word' id='word_1_68' title='bbox 399 839 433 870; x_wconf 74' lang='lat'><strong>2.</strong></span> <span class='ocrx_word' id='word_1_69' title='bbox 457 836 538 869; x_wconf 87' lang='lat' dir='ltr'><strong>‘Ibi</strong></span> <span class='ocrx_word' id='word_1_70' title='bbox 563 837 665 870; x_wconf 88' lang='lat' dir='ltr'><strong>homo</strong></span> <span class='ocrx_word' id='word_1_71' title='bbox 690 836 798 880; x_wconf 85' lang='lat' dir='ltr'><strong>coepit</strong></span> <span class='ocrx_word' id='word_1_72' title='bbox 812 846 868 870; x_wconf 89' lang='lat' dir='ltr'><strong>me</strong></span> 
     </span>
     <span class='ocr_line' id='line_1_13' title="bbox 157 885 459 927; baseline 0.007 -8"><span class='ocrx_word' id='word_1_73' title='bbox 157 885 242 920; x_wconf 68' lang='lat' dir='ltr'><strong>obs!</strong></span> <span class='ocrx_word' id='word_1_74' title='bbox 256 888 324 919; x_wconf 66' lang='grc' dir='ltr'><strong>ὅτε.</strong></span> <span class='ocrx_word' id='word_1_75' title='bbox 347 886 459 927; x_wconf 64' lang='lat' dir='ltr'><strong>Schts.</strong></span> 
     </span>
    </p>

    <p class='ocr_par' dir='ltr' id='par_1_3' title="bbox 148 935 867 1426">
     <span class='ocr_line' id='line_1_14' title="bbox 197 935 864 980; baseline 0.001 -11"><span class='ocrx_word' id='word_1_76' title='bbox 197 935 336 978; x_wconf 64' lang='lat' dir='ltr'><strong>hgere]</strong></span> <span class='ocrx_word' id='word_1_77' title='bbox 359 937 508 979; x_wconf 82' lang='lat' dir='ltr'><strong>Proprie</strong></span> <span class='ocrx_word' id='word_1_78' title='bbox 532 946 574 971; x_wconf 83' lang='lat' dir='ltr'><strong>ac</strong></span> <span class='ocrx_word' id='word_1_79' title='bbox 595 939 776 980; x_wconf 79' lang='lat' dir='ltr'><strong>eleganter</strong></span> <span class='ocrx_word' id='word_1_80' title='bbox 795 938 864 980; x_wconf 87' lang='lat' dir='ltr'><strong>hic,</strong></span> 
     </span>
     <span class='ocr_line' id='line_1_15' title="bbox 157 986 867 1030; baseline 0.001 -10"><span class='ocrx_word' id='word_1_81' title='bbox 157 987 236 1030; x_wconf 71' lang='lat' dir='ltr'><strong>quin</strong></span> <span class='ocrx_word' id='word_1_82' title='bbox 250 986 443 1030; x_wconf 64' lang='lat' dir='ltr'><strong>:eligebant</strong></span> <span class='ocrx_word' id='word_1_83' title='bbox 465 997 533 1020; x_wconf 91' lang='lat' dir='ltr'><strong>nna</strong></span> <span class='ocrx_word' id='word_1_84' title='bbox 557 998 675 1030; x_wconf 88' lang='lat' dir='ltr'><strong>canos,</strong></span> <span class='ocrx_word' id='word_1_85' title='bbox 693 989 803 1021; x_wconf 85' lang='lat' dir='ltr'><strong>altera</strong></span> <span class='ocrx_word' id='word_1_86' title='bbox 816 989 867 1021; x_wconf 89' lang='lat' dir='ltr'><strong>ni-</strong></span> 
     </span>
     <span class='ocr_line' id='line_1_16' title="bbox 154 1037 865 1081; baseline 0 -10"><span class='ocrx_word' id='word_1_87' title='bbox 154 1046 235 1080; x_wconf 73' lang='lat' dir='ltr'><strong>gros</strong></span> <span class='ocrx_word' id='word_1_88' title='bbox 247 1037 461 1079; x_wconf 78' lang='lat' dir='ltr'><strong>evellendos,</strong></span> <span class='ocrx_word' id='word_1_89' title='bbox 478 1038 649 1081; x_wconf 83' lang='lat' dir='ltr'><strong>quomodo</strong></span> <span class='ocrx_word' id='word_1_90' title='bbox 663 1039 674 1057; x_wconf 88' lang='lat'>‘</span> <span class='ocrx_word' id='word_1_91' title='bbox 686 1039 805 1071; x_wconf 85' lang='lat' dir='ltr'><strong>Flores</strong></span> <span class='ocrx_word' id='word_1_92' title='bbox 816 1039 865 1071; x_wconf 91' lang='lat' dir='ltr'><strong>le-</strong></span> 
     </span>
     <span class='ocr_line' id='line_1_17' title="bbox 153 1087 864 1131; baseline 0.004 -12"><span class='ocrx_word' id='word_1_93' title='bbox 153 1087 208 1130; x_wconf 84' lang='lat' dir='ltr'><strong>gi&#39;</strong></span> <span class='ocrx_word' id='word_1_94' title='bbox 227 1087 376 1131; x_wconf 75' lang='lat' dir='ltr'><strong>Virgilio</strong></span> <span class='ocrx_word' id='word_1_95' title='bbox 391 1087 568 1122; x_wconf 87' lang='lat' dir='ltr'><strong>dicuntur.</strong></span> <span class='ocrx_word' id='word_1_96' title='bbox 614 1089 762 1122; x_wconf 85' lang='lat' dir='ltr'><strong>Ovidius</strong></span> <span class='ocrx_word' id='word_1_97' title='bbox 785 1089 864 1123; x_wconf 86' lang='lat' dir='ltr'><strong>Art.</strong></span> 
     </span>
     <span class='ocr_line' id='line_1_18' title="bbox 151 1138 864 1182; baseline 0.001 -10"><span class='ocrx_word' id='word_1_98' title='bbox 151 1138 196 1172; x_wconf 73' lang='lat'>&#39;11&#39;-</span> <span class='ocrx_word' id='word_1_99' title='bbox 211 1141 290 1172; x_wconf 70' lang='grc'><strong>666.</strong></span> <span class='ocrx_word' id='word_1_100' title='bbox 309 1138 500 1172; x_wconf 86' lang='lat' dir='ltr'><strong>‘Albentes</strong></span> <span class='ocrx_word' id='word_1_101' title='bbox 518 1140 595 1182; x_wconf 86' lang='lat' dir='ltr'><strong>jam</strong></span> <span class='ocrx_word' id='word_1_102' title='bbox 617 1140 702 1182; x_wconf 83' lang='lat' dir='ltr'><strong>legit</strong></span> <span class='ocrx_word' id='word_1_103' title='bbox 723 1140 783 1173; x_wconf 87' lang='lat' dir='ltr'><strong>illa</strong></span> <span class='ocrx_word' id='word_1_104' title='bbox 807 1150 864 1173; x_wconf 89' lang='lat' dir='ltr'><strong>co-</strong></span> 
     </span>
     <span class='ocr_line' id='line_1_19' title="bbox 151 1188 862 1234; baseline 0.004 -13"><span class='ocrx_word' id='word_1_105' title='bbox 151 1188 251 1222; x_wconf 60' lang='lat' dir='ltr'><strong>mas!</strong></span> <span class='ocrx_word' id='word_1_106' title='bbox 294 1189 385 1222; x_wconf 85' lang='lat' dir='ltr'><strong>vide</strong></span> <span class='ocrx_word' id='word_1_107' title='bbox 399 1189 449 1223; x_wconf 90' lang='lat' dir='ltr'><strong>ibi</strong></span> <span class='ocrx_word' id='word_1_108' title='bbox 470 1190 517 1224; x_wconf 89' lang='lat' dir='ltr'><strong>N.</strong></span> <span class='ocrx_word' id='word_1_109' title='bbox 535 1190 730 1233; x_wconf 84' lang='lat' dir='ltr'><strong>Heinsium,</strong></span> <span class='ocrx_word' id='word_1_110' title='bbox 747 1191 862 1234; x_wconf 62' lang='lat' dir='ltr'><strong>poetae</strong></span> 
     </span>
     <span class='ocr_line' id='line_1_20' title="bbox 151 1238 861 1281; baseline 0.004 -10"><span class='ocrx_word' id='word_1_111' title='bbox 151 1238 229 1281; x_wconf 74' lang='lat' dir='ltr'><strong>ejus</strong></span> <span class='ocrx_word' id='word_1_112' title='bbox 263 1239 404 1272; x_wconf 81' lang='lat' dir='ltr'><strong>unicum</strong></span> <span class='ocrx_word' id='word_1_113' title='bbox 433 1244 717 1274; x_wconf 85' lang='lat' dir='ltr'><strong>restauratorem.</strong></span> <span class='ocrx_word' id='word_1_114' title='bbox 754 1241 861 1281; x_wconf 69' lang='lat' dir='ltr'><strong>Schet’.</strong></span> 
     </span>
     <span class='ocr_line' id='line_1_21' title="bbox 149 1289 862 1344; baseline 0.004 -21"><span class='ocrx_word' id='word_1_115' title='bbox 149 1289 304 1344; x_wconf 52' lang='lat' dir='ltr'><strong>Verbum</strong></span> <span class='ocrx_word' id='word_1_116' title='bbox 318 1291 424 1324; x_wconf 86' lang='lat' dir='ltr'><strong>etiam</strong></span> <span class='ocrx_word' id='word_1_117' title='bbox 449 1290 494 1324; x_wconf 82' lang='lat' dir='ltr'><strong>de</strong></span> <span class='ocrx_word' id='word_1_118' title='bbox 519 1291 677 1334; x_wconf 77' lang='lat' dir='ltr'>frugibus</span> <span class='ocrx_word' id='word_1_119' title='bbox 698 1296 735 1325; x_wconf 87' lang='lat' dir='ltr'><strong>et</strong></span> <span class='ocrx_word' id='word_1_120' title='bbox 752 1293 862 1335; x_wconf 85' lang='lat' dir='ltr'><strong>pomis</strong></span> 
     </span>
     <span class='ocr_line' id='line_1_22' title="bbox 149 1341 862 1384; baseline 0.004 -10"><span class='ocrx_word' id='word_1_121' title='bbox 149 1341 278 1384; x_wconf 75' lang='lat' dir='ltr'><strong>passim</strong></span> <span class='ocrx_word' id='word_1_122' title='bbox 289 1341 468 1375; x_wconf 82' lang='lat' dir='ltr'><strong>usitatum.</strong></span> <span class='ocrx_word' id='word_1_123' title='bbox 500 1342 545 1376; x_wconf 92' lang='lat' dir='ltr'><strong>V.</strong></span> <span class='ocrx_word' id='word_1_124' title='bbox 560 1342 683 1376; x_wconf 75' lang='lat' dir='ltr'><strong>Heius.</strong></span> <span class='ocrx_word' id='word_1_125' title='bbox 698 1343 743 1376; x_wconf 85' lang='lat' dir='ltr'><strong>ad</strong></span> <span class='ocrx_word' id='word_1_126' title='bbox 755 1343 862 1378; x_wconf 87' lang='lat' dir='ltr'><strong>Ovid.</strong></span> 
     </span>
     <span class='ocr_line' id='line_1_23' title="bbox 148 1391 490 1426; baseline 0.003 -1"><span class='ocrx_word' id='word_1_127' title='bbox 148 1391 229 1426; x_wconf 79' lang='lat' dir='ltr'><strong>Art.</strong></span> <span class='ocrx_word' id='word_1_128' title='bbox 244 1391 324 1425; x_wconf 84' lang='lat' dir='ltr'><strong>Am.</strong></span> <span class='ocrx_word' id='word_1_129' title='bbox 339 1401 398 1426; x_wconf 85' lang='lat' dir='ltr'><strong>m.</strong></span> <span class='ocrx_word' id='word_1_130' title='bbox 413 1396 490 1426; x_wconf 77' lang='grc'><strong>703.</strong></span> 
     </span>
    </p>

    <p class='ocr_par' dir='ltr' id='par_1_4' title="bbox 148 1441 861 1530">
     <span class='ocr_line' id='line_1_24' title="bbox 191 1441 861 1484; baseline 0.004 -10"><span class='ocrx_word' id='word_1_131' title='bbox 191 1441 327 1484; x_wconf 70' lang='lat' dir='ltr'><strong>Legem]</strong></span> <span class='ocrx_word' id='word_1_132' title='bbox 350 1443 427 1484; x_wconf 86' lang='lat' dir='ltr'><strong>Est,</strong></span> <span class='ocrx_word' id='word_1_133' title='bbox 437 1443 599 1476; x_wconf 84' lang='lat' dir='ltr'><strong>evellere.</strong></span> <span class='ocrx_word' id='word_1_134' title='bbox 622 1444 666 1477; x_wconf 97' lang='lat' dir='ltr'><strong>V.</strong></span> <span class='ocrx_word' id='word_1_135' title='bbox 683 1443 804 1479; x_wconf 83' lang='lat' dir='ltr'><strong>Heius.</strong></span> <span class='ocrx_word' id='word_1_136' title='bbox 816 1444 861 1477; x_wconf 86' lang='lat' dir='ltr'><strong>ad</strong></span> 
     </span>
     <span class='ocr_line' id='line_1_25' title="bbox 148 1493 703 1530; baseline 0.004 -3"><span class='ocrx_word' id='word_1_137' title='bbox 148 1493 254 1528; x_wconf 52' lang='lat' dir='ltr'><strong>Ovids</strong></span> <span class='ocrx_word' id='word_1_138' title='bbox 269 1494 349 1529; x_wconf 85' lang='lat' dir='ltr'><strong>Art.</strong></span> <span class='ocrx_word' id='word_1_139' title='bbox 363 1495 444 1530; x_wconf 84' lang='lat' dir='ltr'><strong>Am.</strong></span> <span class='ocrx_word' id='word_1_140' title='bbox 459 1505 502 1530; x_wconf 81' lang='grc' dir='ltr'><strong>ιι.</strong></span> <span class='ocrx_word' id='word_1_141' title='bbox 516 1499 594 1529; x_wconf 82' lang='grc'><strong>666.</strong></span> <span class='ocrx_word' id='word_1_142' title='bbox 617 1496 703 1529; x_wconf 77' lang='lat' dir='ltr'><strong>Gud.</strong></span> 
     </span>
    </p>

    <p class='ocr_par' dir='ltr' id='par_1_5' title="bbox 144 1545 863 2149">
     <span class='ocr_line' id='line_1_26' title="bbox 189 1545 863 1589; baseline 0.003 -12"><span class='ocrx_word' id='word_1_143' title='bbox 189 1547 213 1577; x_wconf 80' lang='lat'>8</span> <span class='ocrx_word' id='word_1_144' title='bbox 224 1545 341 1588; x_wconf 67' lang='lat' dir='ltr'><strong>Pin-gi]</strong></span> <span class='ocrx_word' id='word_1_145' title='bbox 356 1546 477 1578; x_wconf 77' lang='lat' dir='ltr'><strong>Malim</strong></span> <span class='ocrx_word' id='word_1_146' title='bbox 481 1546 573 1589; x_wconf 75' lang='lat' dir='ltr'><strong>fingi</strong></span> <span class='ocrx_word' id='word_1_147' title='bbox 577 1557 592 1585; x_wconf 88' lang='lat'><em>;</em></span> <span class='ocrx_word' id='word_1_148' title='bbox 606 1546 699 1589; x_wconf 88' lang='lat' dir='ltr'><strong>quod</strong></span> <span class='ocrx_word' id='word_1_149' title='bbox 709 1551 748 1579; x_wconf 86' lang='lat' dir='ltr'><strong>et</strong></span> <span class='ocrx_word' id='word_1_150' title='bbox 757 1546 863 1580; x_wconf 84' lang='lat' dir='ltr'><strong>Plau-</strong></span> 
     </span>
     <span class='ocr_line' id='line_1_27' title="bbox 149 1597 857 1641; baseline 0.004 -11"><span class='ocrx_word' id='word_1_151' title='bbox 149 1601 207 1630; x_wconf 71' lang='lat' dir='ltr'><strong>tus</strong></span> <span class='ocrx_word' id='word_1_152' title='bbox 217 1597 262 1630; x_wconf 83' lang='lat' dir='ltr'><strong>de</strong></span> <span class='ocrx_word' id='word_1_153' title='bbox 271 1602 398 1631; x_wconf 81' lang='lat' dir='ltr'><strong>ornatu</strong></span> <span class='ocrx_word' id='word_1_154' title='bbox 410 1602 568 1640; x_wconf 85' lang='lat' dir='ltr'><strong>usurpat.</strong></span> <span class='ocrx_word' id='word_1_155' title='bbox 612 1598 683 1631; x_wconf 88' lang='lat' dir='ltr'><strong>Sed</strong></span> <span class='ocrx_word' id='word_1_156' title='bbox 694 1599 857 1641; x_wconf 86' lang='lat' dir='ltr'><strong>profecto</strong></span> 
     </span>
     <span class='ocr_line' id='line_1_28' title="bbox 146 1647 857 1693; baseline 0.004 -13"><span class='ocrx_word' id='word_1_157' title='bbox 146 1647 232 1680; x_wconf 82' lang='lat' dir='ltr'><strong>nihil</strong></span> <span class='ocrx_word' id='word_1_158' title='bbox 242 1647 403 1680; x_wconf 78' lang='lat' dir='ltr'><strong>interest.</strong></span> <span class='ocrx_word' id='word_1_159' title='bbox 458 1649 606 1682; x_wconf 83' lang='lat' dir='ltr'><strong>Poenulo</strong></span> <span class='ocrx_word' id='word_1_160' title='bbox 620 1650 776 1693; x_wconf 89' lang='lat' dir='ltr'><strong>loquitur</strong></span> <span class='ocrx_word' id='word_1_161' title='bbox 786 1660 857 1683; x_wconf 89' lang='lat' dir='ltr'><strong>me-</strong></span> 
     </span>
     <span class='ocr_line' id='line_1_29' title="bbox 147 1698 856 1733; baseline 0.003 -2"><span class='ocrx_word' id='word_1_162' title='bbox 147 1698 284 1731; x_wconf 78' lang='lat' dir='ltr'><strong>retrix:</strong></span> <span class='ocrx_word' id='word_1_163' title='bbox 318 1698 330 1716; x_wconf 89' lang='lat'>‘</span> <span class='ocrx_word' id='word_1_164' title='bbox 351 1698 406 1730; x_wconf 86' lang='lat' dir='ltr'><strong>Ex</strong></span> <span class='ocrx_word' id='word_1_165' title='bbox 430 1698 603 1732; x_wconf 82' lang='lat' dir='ltr'><strong>industria</strong></span> <span class='ocrx_word' id='word_1_166' title='bbox 627 1700 738 1732; x_wconf 82' lang='lat' dir='ltr'><strong>ambae</strong></span> <span class='ocrx_word' id='word_1_167' title='bbox 759 1710 856 1733; x_wconf 88' lang='lat' dir='ltr'><strong>num-</strong></span> 
     </span>
     <span class='ocr_line' id='line_1_30' title="bbox 146 1748 858 1792; baseline 0.001 -10"><span class='ocrx_word' id='word_1_168' title='bbox 146 1758 251 1792; x_wconf 71' lang='lat' dir='ltr'><strong>quam</strong></span> <span class='ocrx_word' id='word_1_169' title='bbox 264 1748 540 1782; x_wconf 71' lang='lat' dir='ltr'><strong>concessavimus</strong></span> <span class='ocrx_word' id='word_1_170' title='bbox 559 1749 700 1791; x_wconf 82' lang='lat' dir='ltr'><strong>Lavari,</strong></span> <span class='ocrx_word' id='word_1_171' title='bbox 721 1754 783 1783; x_wconf 86' lang='lat' dir='ltr'><strong>aut</strong></span> <span class='ocrx_word' id='word_1_172' title='bbox 797 1750 858 1783; x_wconf 82' lang='lat' dir='ltr'><strong>fri-</strong></span> 
     </span>
     <span class='ocr_line' id='line_1_31' title="bbox 147 1799 858 1845; baseline 0.004 -13"><span class='ocrx_word' id='word_1_173' title='bbox 147 1799 234 1842; x_wconf 76' lang='lat' dir='ltr'><strong>cari,</strong></span> <span class='ocrx_word' id='word_1_174' title='bbox 252 1803 314 1832; x_wconf 74' lang='lat' dir='ltr'><strong>ant</strong></span> <span class='ocrx_word' id='word_1_175' title='bbox 337 1799 482 1842; x_wconf 76' lang='lat' dir='ltr'><strong>tergeri,</strong></span> <span class='ocrx_word' id='word_1_176' title='bbox 508 1803 569 1832; x_wconf 85' lang='lat' dir='ltr'><strong>aut</strong></span> <span class='ocrx_word' id='word_1_177' title='bbox 586 1801 714 1843; x_wconf 84' lang='lat' dir='ltr'><strong>ornari,</strong></span> <span class='ocrx_word' id='word_1_178' title='bbox 737 1802 858 1845; x_wconf 90' lang='lat' dir='ltr'><strong>Poliri,</strong></span> 
     </span>
     <span class='ocr_line' id='line_1_32' title="bbox 145 1849 857 1893; baseline 0.004 -11"><span class='ocrx_word' id='word_1_179' title='bbox 145 1849 308 1893; x_wconf 80' lang='lat' dir='ltr'><strong>expoliri,</strong></span> <span class='ocrx_word' id='word_1_180' title='bbox 329 1850 439 1892; x_wconf 83' lang='lat' dir='ltr'><strong>pingi,</strong></span> <span class='ocrx_word' id='word_1_181' title='bbox 464 1849 571 1892; x_wconf 74' lang='lat' dir='ltr'><strong>fingi.¹</strong></span> <span class='ocrx_word' id='word_1_182' title='bbox 619 1851 728 1884; x_wconf 80' lang='lat' dir='ltr'><strong>Stich.</strong></span> <span class='ocrx_word' id='word_1_183' title='bbox 753 1853 798 1885; x_wconf 86' lang='lat' dir='ltr'><strong>V.</strong></span> <span class='ocrx_word' id='word_1_184' title='bbox 823 1856 857 1885; x_wconf 82' lang='grc'><strong>5.</strong></span> 
     </span>
     <span class='ocr_line' id='line_1_33' title="bbox 144 1900 857 1946; baseline 0.001 -12"><span class='ocrx_word' id='word_1_185' title='bbox 144 1903 179 1934; x_wconf 77' lang='grc'><strong>4.</strong></span> <span class='ocrx_word' id='word_1_186' title='bbox 199 1900 212 1920; x_wconf 79' lang='lat'><em>⁶</em></span> <span class='ocrx_word' id='word_1_187' title='bbox 223 1901 322 1933; x_wconf 84' lang='lat' dir='ltr'><strong>Bene</strong></span> <span class='ocrx_word' id='word_1_188' title='bbox 331 1910 410 1933; x_wconf 85' lang='lat' dir='ltr'><strong>cnm</strong></span> <span class='ocrx_word' id='word_1_189' title='bbox 419 1901 517 1933; x_wconf 83' lang='lat' dir='ltr'><strong>lauta</strong></span> <span class='ocrx_word' id='word_1_190' title='bbox 526 1903 593 1942; x_wconf 86' lang='lat' dir='ltr'><strong>est,</strong></span> <span class='ocrx_word' id='word_1_191' title='bbox 604 1905 711 1943; x_wconf 84' lang='lat' dir='ltr'><strong>tersa,</strong></span> <span class='ocrx_word' id='word_1_192' title='bbox 721 1907 857 1946; x_wconf 85' lang='lat' dir='ltr'><strong>ornata,</strong></span> 
     </span>
     <span class='ocr_line' id='line_1_34' title="bbox 144 1949 858 1996; baseline 0.003 -11"><span class='ocrx_word' id='word_1_193' title='bbox 144 1950 241 1992; x_wconf 79' lang='lat' dir='ltr'><strong>fieta,</strong></span> <span class='ocrx_word' id='word_1_194' title='bbox 247 1949 368 1984; x_wconf 79' lang='lat' dir='ltr'><strong>inficta</strong></span> <span class='ocrx_word' id='word_1_195' title='bbox 377 1955 429 1984; x_wconf 76' lang='lat' dir='ltr'><strong>est</strong></span> <span class='ocrx_word' id='word_1_196' title='bbox 438 1951 578 1984; x_wconf 68' lang='lat' dir='ltr'><strong>tamen!</strong></span> <span class='ocrx_word' id='word_1_197' title='bbox 585 1951 714 1995; x_wconf 75' lang='lat' dir='ltr'><strong>Schiop.</strong></span> <span class='ocrx_word' id='word_1_198' title='bbox 728 1954 858 1996; x_wconf 82' lang='lat' dir='ltr'><strong>Schop-</strong></span> 
     </span>
     <span class='ocr_line' id='line_1_35' title="bbox 145 2001 853 2046; baseline 0.007 -13"><span class='ocrx_word' id='word_1_199' title='bbox 145 2001 224 2043; x_wconf 73' lang='lat' dir='ltr'><strong>pins</strong></span> <span class='ocrx_word' id='word_1_200' title='bbox 246 2002 323 2034; x_wconf 83' lang='lat' dir='ltr'><strong>vult</strong></span> <span class='ocrx_word' id='word_1_201' title='bbox 336 2001 440 2044; x_wconf 69' lang='lat' dir='ltr'><strong>fingi,</strong></span> <span class='ocrx_word' id='word_1_202' title='bbox 467 2002 560 2044; x_wconf 87' lang='lat' dir='ltr'><strong>quod</strong></span> <span class='ocrx_word' id='word_1_203' title='bbox 583 2011 653 2035; x_wconf 89' lang='lat' dir='ltr'><strong>non</strong></span> <span class='ocrx_word' id='word_1_204' title='bbox 676 2003 853 2046; x_wconf 81' lang='lat' dir='ltr'><strong>displicet.</strong></span> 
     </span>
     <span class='ocr_line' id='line_1_36' title="bbox 146 2051 855 2095; baseline 0.004 -11"><span class='ocrx_word' id='word_1_205' title='bbox 146 2051 248 2085; x_wconf 82' lang='lat' dir='ltr'><strong>Licet</strong></span> <span class='ocrx_word' id='word_1_206' title='bbox 269 2052 533 2094; x_wconf 77' lang='lat' dir='ltr'><strong>Rittersbusius,</strong></span> <span class='ocrx_word' id='word_1_207' title='bbox 547 2056 585 2086; x_wconf 87' lang='lat' dir='ltr'><strong>et</strong></span> <span class='ocrx_word' id='word_1_208' title='bbox 600 2057 680 2095; x_wconf 84' lang='lat' dir='ltr'><strong>post</strong></span> <span class='ocrx_word' id='word_1_209' title='bbox 696 2056 855 2087; x_wconf 69' lang='lat' dir='ltr'><strong>euml-*a-</strong></span> 
     </span>
     <span class='ocr_line' id='line_1_37' title="bbox 145 2101 856 2149; baseline 0.001 -13"><span class='ocrx_word' id='word_1_210' title='bbox 145 2102 221 2145; x_wconf 84' lang='lat' dir='ltr'><strong>ber,</strong></span> <span class='ocrx_word' id='word_1_211' title='bbox 234 2103 380 2136; x_wconf 82' lang='lat' dir='ltr'><strong>alterum</strong></span> <span class='ocrx_word' id='word_1_212' title='bbox 405 2103 594 2146; x_wconf 80' lang='lat' dir='ltr'><strong>retineant,</strong></span> <span class='ocrx_word' id='word_1_213' title='bbox 617 2101 654 2137; x_wconf 85' lang='lat' dir='ltr'><strong>et</strong></span> <span class='ocrx_word' id='word_1_214' title='bbox 669 2109 856 2149; x_wconf 76' lang='lat' dir='ltr'><strong>exponant,</strong></span> 
     </span>
    </p>
   </div>
   <div class='ocr_carea' id='block_1_3' title="bbox 1550 219 1638 263">
    <p class='ocr_par' dir='ltr' id='par_1_6' title="bbox 1550 219 1638 263">
     <span class='ocr_line' id='line_1_38' title="bbox 1550 219 1638 263; baseline 0 0"><span class='ocrx_word' id='word_1_215' title='bbox 1550 219 1638 263; x_wconf 80' lang='lat'><strong>437</strong></span> 
     </span>
    </p>
   </div>
   <div class='ocr_carea' id='block_1_4' title="bbox 912 324 1684 1791">
    <p class='ocr_par' dir='ltr' id='par_1_7' title="bbox 922 324 1684 976">
     <span class='ocr_line' id='line_1_39' title="bbox 927 324 1640 368; baseline 0.004 -10"><span class='ocrx_word' id='word_1_216' title='bbox 927 325 1056 358; x_wconf 83' lang='lat' dir='ltr'><strong>ornari.</strong></span> <span class='ocrx_word' id='word_1_217' title='bbox 1100 325 1223 358; x_wconf 86' lang='lat' dir='ltr'><strong>Senec.</strong></span> <span class='ocrx_word' id='word_1_218' title='bbox 1240 324 1277 357; x_wconf 91' lang='lat' dir='ltr'><strong>in</strong></span> <span class='ocrx_word' id='word_1_219' title='bbox 1291 324 1490 368; x_wconf 82' lang='lat' dir='ltr'><strong>Hippolyto</strong></span> <span class='ocrx_word' id='word_1_220' title='bbox 1500 324 1581 360; x_wconf 79' lang='lat' dir='ltr'><strong>Act.</strong></span> <span class='ocrx_word' id='word_1_221' title='bbox 1595 336 1640 362; x_wconf 87' lang='lat'><strong>11.</strong></span> 
     </span>
     <span class='ocr_line' id='line_1_40' title="bbox 927 377 1639 413; baseline 0.004 -3"><span class='ocrx_word' id='word_1_222' title='bbox 927 387 978 410; x_wconf 88' lang='lat' dir='ltr'><strong>vs.</strong></span> <span class='ocrx_word' id='word_1_223' title='bbox 988 380 1066 411; x_wconf 89' lang='grc'><strong>371.</strong></span> <span class='ocrx_word' id='word_1_224' title='bbox 1081 378 1092 396; x_wconf 88' lang='lat'>‘</span> <span class='ocrx_word' id='word_1_225' title='bbox 1102 377 1213 411; x_wconf 88' lang='lat' dir='ltr'><strong>Jubet</strong></span> <span class='ocrx_word' id='word_1_226' title='bbox 1224 381 1262 411; x_wconf 90' lang='lat' dir='ltr'><strong>et</strong></span> <span class='ocrx_word' id='word_1_227' title='bbox 1277 377 1365 410; x_wconf 85' lang='lat' dir='ltr'><strong>solvi</strong></span> <span class='ocrx_word' id='word_1_228' title='bbox 1375 387 1490 410; x_wconf 90' lang='lat' dir='ltr'><strong>comas</strong></span> <span class='ocrx_word' id='word_1_229' title='bbox 1503 388 1639 413; x_wconf 84' lang='lat' dir='ltr'><strong>rursus·</strong></span> 
     </span>
     <span class='ocr_line' id='line_1_41' title="bbox 925 428 1639 472; baseline 0.004 -12"><span class='ocrx_word' id='word_1_230' title='bbox 925 438 991 471; x_wconf 89' lang='lat' dir='ltr'><strong>que</strong></span> <span class='ocrx_word' id='word_1_231' title='bbox 1005 428 1114 470; x_wconf 86' lang='lat' dir='ltr'><strong>fingi.’</strong></span> <span class='ocrx_word' id='word_1_232' title='bbox 1134 428 1241 468; x_wconf 80' lang='lat' dir='ltr'><strong>Schef.</strong></span> <span class='ocrx_word' id='word_1_233' title='bbox 1280 429 1375 470; x_wconf 88' lang='lat' dir='ltr'><strong>Lege</strong></span> <span class='ocrx_word' id='word_1_234' title='bbox 1379 428 1482 471; x_wconf 79' lang='lat' dir='ltr'><strong>fingi,</strong></span> <span class='ocrx_word' id='word_1_235' title='bbox 1494 438 1562 462; x_wconf 88' lang='lat' dir='ltr'><strong>nou</strong></span> <span class='ocrx_word' id='word_1_236' title='bbox 1578 440 1639 472; x_wconf 89' lang='lat' dir='ltr'><strong>po-</strong></span> 
     </span>
     <span class='ocr_line' id='line_1_42' title="bbox 927 479 1684 528; baseline 0.004 -16"><span class='ocrx_word' id='word_1_237' title='bbox 927 479 997 512; x_wconf 91' lang='lat' dir='ltr'><strong>tuit</strong></span> <span class='ocrx_word' id='word_1_238' title='bbox 1020 480 1111 512; x_wconf 89' lang='lat' dir='ltr'><strong>enim</strong></span> <span class='ocrx_word' id='word_1_239' title='bbox 1131 479 1237 522; x_wconf 73' lang='lat' dir='ltr'><strong>pingi,</strong></span> <span class='ocrx_word' id='word_1_240' title='bbox 1256 479 1323 512; x_wconf 75' lang='lat' dir='ltr'><strong>nisi</strong></span> <span class='ocrx_word' id='word_1_241' title='bbox 1339 480 1510 523; x_wconf 86' lang='lat' dir='ltr'><strong>volumus,</strong></span> <span class='ocrx_word' id='word_1_242' title='bbox 1533 490 1640 515; x_wconf 82' lang='lat' dir='ltr'><strong>unam</strong></span> <span class='ocrx_word' id='word_1_243' title='bbox 1668 483 1684 528; x_wconf 44' lang='grc' dir='ltr'><strong>ᾗ(</strong></span> 
     </span>
     <span class='ocr_line' id='line_1_43' title="bbox 926 530 1636 573; baseline 0.004 -11"><span class='ocrx_word' id='word_1_244' title='bbox 926 530 1108 562; x_wconf 90' lang='lat' dir='ltr'><strong>mulierem</strong></span> <span class='ocrx_word' id='word_1_245' title='bbox 1130 531 1182 562; x_wconf 91' lang='lat' dir='ltr'><strong>illi</strong></span> <span class='ocrx_word' id='word_1_246' title='bbox 1206 540 1310 563; x_wconf 85' lang='lat' dir='ltr'><strong>canos</strong></span> <span class='ocrx_word' id='word_1_247' title='bbox 1334 530 1489 572; x_wconf 80' lang='lat' dir='ltr'><strong>pinxisse</strong></span> <span class='ocrx_word' id='word_1_248' title='bbox 1506 541 1569 573; x_wconf 86' lang='lat' dir='ltr'><strong>pro</strong></span> <span class='ocrx_word' id='word_1_249' title='bbox 1583 533 1636 566; x_wconf 84' lang='lat' dir='ltr'><strong>ni-</strong></span> 
     </span>
     <span class='ocr_line' id='line_1_44' title="bbox 926 581 1640 624; baseline 0.004 -11"><span class='ocrx_word' id='word_1_250' title='bbox 926 581 997 624; x_wconf 85' lang='lat' dir='ltr'><strong>gris</strong></span> <span class='ocrx_word' id='word_1_251' title='bbox 1011 581 1154 624; x_wconf 76' lang='lat' dir='ltr'><strong>capillis.</strong></span> <span class='ocrx_word' id='word_1_252' title='bbox 1197 581 1287 614; x_wconf 87' lang='lat' dir='ltr'><strong>Vide</strong></span> <span class='ocrx_word' id='word_1_253' title='bbox 1298 585 1398 614; x_wconf 86' lang='lat' dir='ltr'><strong>notas</strong></span> <span class='ocrx_word' id='word_1_254' title='bbox 1415 582 1457 614; x_wconf 82' lang='lat' dir='ltr'><strong>ad</strong></span> <span class='ocrx_word' id='word_1_255' title='bbox 1472 581 1640 616; x_wconf 84' lang='lat' dir='ltr'><strong>Ovidium</strong></span> 
     </span>
     <span class='ocr_line' id='line_1_45' title="bbox 926 630 1639 666; baseline 0.004 -3"><span class='ocrx_word' id='word_1_256' title='bbox 926 630 1045 663; x_wconf 89' lang='lat' dir='ltr'><strong>Amor.</strong></span> <span class='ocrx_word' id='word_1_257' title='bbox 1060 640 1086 663; x_wconf 87' lang='lat'><strong>1.</strong></span> <span class='ocrx_word' id='word_1_258' title='bbox 1110 634 1164 663; x_wconf 85' lang='grc'><strong>14.</strong></span> <span class='ocrx_word' id='word_1_259' title='bbox 1178 633 1212 664; x_wconf 82' lang='lat'><strong>2.</strong></span> <span class='ocrx_word' id='word_1_260' title='bbox 1237 635 1381 664; x_wconf 81' lang='lat' dir='ltr'><strong>nostras.</strong></span> <span class='ocrx_word' id='word_1_261' title='bbox 1414 632 1532 665; x_wconf 71' lang='lat' dir='ltr'><strong>Heius.</strong></span> <span class='ocrx_word' id='word_1_262' title='bbox 1576 633 1639 666; x_wconf 85' lang='lat' dir='ltr'><strong>&#39;ri-</strong></span> 
     </span>
     <span class='ocr_line' id='line_1_46' title="bbox 925 681 1638 716; baseline 0.004 -3"><span class='ocrx_word' id='word_1_263' title='bbox 925 681 996 714; x_wconf 85' lang='lat' dir='ltr'><strong>bul.</strong></span> <span class='ocrx_word' id='word_1_264' title='bbox 1012 690 1038 714; x_wconf 91' lang='lat'><strong>1.</strong></span> <span class='ocrx_word' id='word_1_265' title='bbox 1052 685 1087 714; x_wconf 78' lang='lat'><strong>5.</strong></span> <span class='ocrx_word' id='word_1_266' title='bbox 1101 684 1157 714; x_wconf 83' lang='lat'><strong>50.</strong></span> <span class='ocrx_word' id='word_1_267' title='bbox 1180 682 1191 700; x_wconf 83' lang='lat'>‘</span> <span class='ocrx_word' id='word_1_268' title='bbox 1209 682 1256 714; x_wconf 83' lang='lat' dir='ltr'><strong>Et</strong></span> <span class='ocrx_word' id='word_1_269' title='bbox 1277 682 1434 715; x_wconf 89' lang='lat' dir='ltr'><strong>manibus</strong></span> <span class='ocrx_word' id='word_1_270' title='bbox 1449 693 1551 716; x_wconf 82' lang='lat' dir='ltr'><strong>canas</strong></span> <span class='ocrx_word' id='word_1_271' title='bbox 1573 683 1638 716; x_wconf 82' lang='lat' dir='ltr'><strong>fin-</strong></span> 
     </span>
     <span class='ocr_line' id='line_1_47' title="bbox 923 731 1639 776; baseline 0.007 -14"><span class='ocrx_word' id='word_1_272' title='bbox 923 741 1007 773; x_wconf 82' lang='lat' dir='ltr'><strong>gere</strong></span> <span class='ocrx_word' id='word_1_273' title='bbox 1029 732 1119 763; x_wconf 86' lang='lat' dir='ltr'><strong>velle</strong></span> <span class='ocrx_word' id='word_1_274' title='bbox 1141 731 1278 765; x_wconf 60' lang='lat' dir='ltr'><strong>comas?</strong></span> <span class='ocrx_word' id='word_1_275' title='bbox 1323 733 1501 766; x_wconf 84' lang='lat' dir='ltr'><strong>Claudiau.</strong></span> <span class='ocrx_word' id='word_1_276' title='bbox 1518 734 1639 776; x_wconf 78' lang='lat' dir='ltr'><strong>Epith.</strong></span> 
     </span>
     <span class='ocr_line' id='line_1_48' title="bbox 924 782 1636 817; baseline 0.004 -3"><span class='ocrx_word' id='word_1_277' title='bbox 924 782 1058 815; x_wconf 90' lang='lat' dir='ltr'><strong>Honor.</strong></span> <span class='ocrx_word' id='word_1_278' title='bbox 1073 785 1128 815; x_wconf 80' lang='lat'><strong>99.</strong></span> <span class='ocrx_word' id='word_1_279' title='bbox 1151 782 1162 800; x_wconf 84' lang='lat'>‘</span> <span class='ocrx_word' id='word_1_280' title='bbox 1176 782 1363 815; x_wconf 79' lang='lat' dir='ltr'><strong>caesariem</strong></span> <span class='ocrx_word' id='word_1_281' title='bbox 1377 786 1450 815; x_wconf 90' lang='lat' dir='ltr'><strong>tum</strong></span> <span class='ocrx_word' id='word_1_282' title='bbox 1461 782 1556 816; x_wconf 87' lang='lat' dir='ltr'><strong>forte</strong></span> <span class='ocrx_word' id='word_1_283' title='bbox 1565 785 1636 817; x_wconf 91' lang='lat' dir='ltr'><strong>Ve-</strong></span> 
     </span>
     <span class='ocr_line' id='line_1_49' title="bbox 922 833 1637 875; baseline 0.003 -9"><span class='ocrx_word' id='word_1_284' title='bbox 922 843 987 866; x_wconf 88' lang='lat' dir='ltr'><strong>nus</strong></span> <span class='ocrx_word' id='word_1_285' title='bbox 1002 833 1148 866; x_wconf 85' lang='lat' dir='ltr'><strong>subnixa</strong></span> <span class='ocrx_word' id='word_1_286' title='bbox 1167 843 1312 866; x_wconf 87' lang='lat' dir='ltr'><strong>corusco</strong></span> <span class='ocrx_word' id='word_1_287' title='bbox 1335 834 1511 875; x_wconf 81' lang='lat' dir='ltr'><strong>Fingebat</strong></span> <span class='ocrx_word' id='word_1_288' title='bbox 1525 834 1637 868; x_wconf 60' lang='lat' dir='ltr'><strong>solio?</strong></span> 
     </span>
     <span class='ocr_line' id='line_1_50' title="bbox 922 883 1636 925; baseline 0.003 -9"><span class='ocrx_word' id='word_1_289' title='bbox 922 883 1027 925; x_wconf 75' lang='lat' dir='ltr'><strong>Pingi</strong></span> <span class='ocrx_word' id='word_1_290' title='bbox 1038 884 1130 916; x_wconf 88' lang='lat' dir='ltr'><strong>tueri</strong></span> <span class='ocrx_word' id='word_1_291' title='bbox 1142 884 1333 916; x_wconf 86' lang='lat' dir='ltr'><strong>Gruterum</strong></span> <span class='ocrx_word' id='word_1_292' title='bbox 1343 883 1387 916; x_wconf 86' lang='lat' dir='ltr'><strong>ad</strong></span> <span class='ocrx_word' id='word_1_293' title='bbox 1398 884 1556 918; x_wconf 83' lang='lat' dir='ltr'><strong>Martial.</strong></span> <span class='ocrx_word' id='word_1_294' title='bbox 1566 894 1636 919; x_wconf 84' lang='lat' dir='ltr'><strong>vn.</strong></span> 
     </span>
     <span class='ocr_line' id='line_1_51' title="bbox 922 934 1578 976; baseline 0.003 -10"><span class='ocrx_word' id='word_1_295' title='bbox 922 936 976 967; x_wconf 88' lang='grc'><strong>83.</strong></span> <span class='ocrx_word' id='word_1_296' title='bbox 991 934 1125 967; x_wconf 86' lang='lat' dir='ltr'><strong>notavit</strong></span> <span class='ocrx_word' id='word_1_297' title='bbox 1141 935 1434 976; x_wconf 84' lang='lat' dir='ltr'><strong>Hoogstratanus.</strong></span> <span class='ocrx_word' id='word_1_298' title='bbox 1456 935 1578 968; x_wconf 82' lang='lat' dir='ltr'><strong>Burm.</strong></span> 
     </span>
    </p>

    <p class='ocr_par' dir='ltr' id='par_1_8' title="bbox 918 984 1637 1120">
     <span class='ocr_line' id='line_1_52' title="bbox 963 984 1637 1029; baseline 0.004 -12"><span class='ocrx_word' id='word_1_299' title='bbox 963 985 1082 1026; x_wconf 77' lang='lat' dir='ltr'><strong>Pingi]</strong></span> <span class='ocrx_word' id='word_1_300' title='bbox 1105 984 1150 1018; x_wconf 88' lang='lat' dir='ltr'><strong>Id</strong></span> <span class='ocrx_word' id='word_1_301' title='bbox 1173 989 1240 1026; x_wconf 87' lang='lat' dir='ltr'><strong>est,</strong></span> <span class='ocrx_word' id='word_1_302' title='bbox 1266 984 1393 1018; x_wconf 87' lang='lat' dir='ltr'><strong>ornari.</strong></span> <span class='ocrx_word' id='word_1_303' title='bbox 1447 984 1508 1017; x_wconf 91' lang='lat' dir='ltr'><strong>Sic</strong></span> <span class='ocrx_word' id='word_1_304' title='bbox 1534 985 1637 1029; x_wconf 83' lang='lat' dir='ltr'><strong>infra,</strong></span> 
     </span>
     <span class='ocr_line' id='line_1_53' title="bbox 921 1034 1635 1076; baseline 0.001 -8"><span class='ocrx_word' id='word_1_305' title='bbox 921 1035 931 1053; x_wconf 91' lang='lat'>‘</span> <span class='ocrx_word' id='word_1_306' title='bbox 946 1036 1051 1068; x_wconf 88' lang='lat' dir='ltr'><strong>Picte</strong></span> <span class='ocrx_word' id='word_1_307' title='bbox 1082 1034 1261 1076; x_wconf 66' lang='lat' dir='ltr'><strong>scribere:</strong></span> <span class='ocrx_word' id='word_1_308' title='bbox 1292 1038 1358 1076; x_wconf 88' lang='lat' dir='ltr'><strong>est,</strong></span> <span class='ocrx_word' id='word_1_309' title='bbox 1385 1034 1521 1068; x_wconf 83' lang='lat' dir='ltr'><strong>Ornate</strong></span> <span class='ocrx_word' id='word_1_310' title='bbox 1550 1036 1635 1069; x_wconf 86' lang='lat' dir='ltr'><strong>scri-</strong></span> 
     </span>
     <span class='ocr_line' id='line_1_54' title="bbox 918 1085 1110 1120; baseline 0 -2"><span class='ocrx_word' id='word_1_311' title='bbox 918 1085 1013 1120; x_wconf 88' lang='lat' dir='ltr'><strong>bere.</strong></span> <span class='ocrx_word' id='word_1_312' title='bbox 1038 1086 1110 1119; x_wconf 76' lang='lat' dir='ltr'><strong>Rit.</strong></span> 
     </span>
    </p>

    <p class='ocr_par' dir='ltr' id='par_1_9' title="bbox 917 1136 1634 1329">
     <span class='ocr_line' id='line_1_55' title="bbox 965 1136 1633 1179; baseline 0.004 -10"><span class='ocrx_word' id='word_1_313' title='bbox 965 1136 1068 1178; x_wconf 79' lang='lat' dir='ltr'><strong>Cura]</strong></span> <span class='ocrx_word' id='word_1_314' title='bbox 1093 1136 1242 1179; x_wconf 88' lang='lat' dir='ltr'><strong>Proprie</strong></span> <span class='ocrx_word' id='word_1_315' title='bbox 1253 1137 1298 1170; x_wconf 83' lang='lat' dir='ltr'><strong>de</strong></span> <span class='ocrx_word' id='word_1_316' title='bbox 1309 1137 1406 1170; x_wconf 87' lang='lat' dir='ltr'><strong>cultu</strong></span> <span class='ocrx_word' id='word_1_317' title='bbox 1417 1137 1633 1179; x_wconf 84' lang='lat' dir='ltr'><strong>capillorum.</strong></span> 
     </span>
     <span class='ocr_line' id='line_1_56' title="bbox 920 1187 1634 1230; baseline 0.003 -10"><span class='ocrx_word' id='word_1_318' title='bbox 920 1188 1052 1220; x_wconf 88' lang='lat' dir='ltr'><strong>Docuit</strong></span> <span class='ocrx_word' id='word_1_319' title='bbox 1071 1187 1205 1230; x_wconf 81' lang='lat' dir='ltr'><strong>prolixe</strong></span> <span class='ocrx_word' id='word_1_320' title='bbox 1228 1197 1379 1220; x_wconf 82' lang='lat' dir='ltr'><strong>summus</strong></span> <span class='ocrx_word' id='word_1_321' title='bbox 1393 1187 1459 1229; x_wconf 86' lang='lat' dir='ltr'><strong>vir,</strong></span> <span class='ocrx_word' id='word_1_322' title='bbox 1478 1188 1513 1221; x_wconf 85' lang='lat' dir='ltr'><strong>J.</strong></span> <span class='ocrx_word' id='word_1_323' title='bbox 1529 1189 1634 1223; x_wconf 87' lang='lat' dir='ltr'><strong>Fred.</strong></span> 
     </span>
     <span class='ocr_line' id='line_1_57' title="bbox 918 1238 1634 1281; baseline 0.003 -10"><span class='ocrx_word' id='word_1_324' title='bbox 918 1239 1119 1272; x_wconf 80' lang='lat' dir='ltr'><strong>Gronovius</strong></span> <span class='ocrx_word' id='word_1_325' title='bbox 1136 1238 1225 1272; x_wconf 82' lang='lat' dir='ltr'><strong>Obs.</strong></span> <span class='ocrx_word' id='word_1_326' title='bbox 1240 1238 1299 1271; x_wconf 88' lang='lat' dir='ltr'><strong>lib.</strong></span> <span class='ocrx_word' id='word_1_327' title='bbox 1313 1247 1340 1271; x_wconf 90' lang='lat'><strong>1.</strong></span> <span class='ocrx_word' id='word_1_328' title='bbox 1361 1241 1416 1270; x_wconf 85' lang='grc'><strong>23.</strong></span> <span class='ocrx_word' id='word_1_329' title='bbox 1433 1248 1538 1281; x_wconf 89' lang='lat' dir='ltr'><strong>quem</strong></span> <span class='ocrx_word' id='word_1_330' title='bbox 1553 1249 1634 1273; x_wconf 87' lang='lat' dir='ltr'><strong>con·</strong></span> 
     </span>
     <span class='ocr_line' id='line_1_58' title="bbox 917 1289 1131 1329; baseline 0 -7"><span class='ocrx_word' id='word_1_331' title='bbox 917 1290 1003 1323; x_wconf 77' lang='lat' dir='ltr'><strong>sule.</strong></span> <span class='ocrx_word' id='word_1_332' title='bbox 1025 1289 1131 1329; x_wconf 73' lang='lat' dir='ltr'><strong>Schef.</strong></span> 
     </span>
    </p>

    <p class='ocr_par' dir='ltr' id='par_1_10' title="bbox 914 1341 1630 1435">
     <span class='ocr_line' id='line_1_59' title="bbox 960 1341 1630 1383; baseline 0.003 -10"><span class='ocrx_word' id='word_1_333' title='bbox 960 1343 982 1372; x_wconf 90' lang='grc'>9</span> <span class='ocrx_word' id='word_1_334' title='bbox 1007 1341 1123 1374; x_wconf 78' lang='lat' dir='ltr'><strong>Calvus</strong></span> <span class='ocrx_word' id='word_1_335' title='bbox 1130 1341 1372 1383; x_wconf 75' lang='lat' dir='ltr'><strong>repentefactus</strong></span> <span class='ocrx_word' id='word_1_336' title='bbox 1381 1341 1609 1383; x_wconf 57' lang='lat' dir='ltr'><strong>estJBabrius</strong></span> <span class='ocrx_word' id='word_1_337' title='bbox 1621 1352 1630 1374; x_wconf 90' lang='lat'><strong>:</strong></span> 
     </span>
     <span class='ocr_line' id='line_1_60' title="bbox 914 1391 1512 1435; baseline 0 -10"><span class='ocrx_word' id='word_1_338' title='bbox 914 1392 1058 1425; x_wconf 76' lang='grc' dir='ltr'><strong>Ψιλοθεὶς</strong></span> <span class='ocrx_word' id='word_1_339' title='bbox 1071 1393 1167 1425; x_wconf 78' lang='grc' dir='ltr'><strong>πᾶσιν</strong></span> <span class='ocrx_word' id='word_1_340' title='bbox 1180 1391 1281 1435; x_wconf 80' lang='grc' dir='ltr'>ὡράθη</span> <span class='ocrx_word' id='word_1_341' title='bbox 1294 1392 1410 1433; x_wconf 77' lang='grc' dir='ltr'><strong>γέλως.</strong></span> <span class='ocrx_word' id='word_1_342' title='bbox 1432 1393 1512 1433; x_wconf 81' lang='lat' dir='ltr'><strong>Rig.</strong></span> 
     </span>
    </p>

    <p class='ocr_par' dir='ltr' id='par_1_11' title="bbox 912 1444 1632 1791">
     <span class='ocr_line' id='line_1_61' title="bbox 961 1444 1632 1486; baseline 0.003 -11"><span class='ocrx_word' id='word_1_343' title='bbox 961 1446 1002 1476; x_wconf 90' lang='lat'><strong>10</strong></span> <span class='ocrx_word' id='word_1_344' title='bbox 1039 1444 1142 1476; x_wconf 75' lang='lat' dir='ltr'><strong>Canos</strong></span> <span class='ocrx_word' id='word_1_345' title='bbox 1181 1444 1343 1486; x_wconf 70' lang='lat' dir='ltr'><strong>evelleret]</strong></span> <span class='ocrx_word' id='word_1_346' title='bbox 1388 1445 1538 1482; x_wconf 82' lang='lat' dir='ltr'><strong>Veteres</strong></span> <span class='ocrx_word' id='word_1_347' title='bbox 1576 1454 1632 1477; x_wconf 88' lang='lat' dir='ltr'><strong>ca-</strong></span> 
     </span>
     <span class='ocr_line' id='line_1_62' title="bbox 916 1494 1628 1528; baseline 0.003 -2"><span class='ocrx_word' id='word_1_348' title='bbox 916 1503 978 1526; x_wconf 85' lang='lat' dir='ltr'><strong>nos</strong></span> <span class='ocrx_word' id='word_1_349' title='bbox 1006 1494 1166 1527; x_wconf 84' lang='lat' dir='ltr'><strong>solebant</strong></span> <span class='ocrx_word' id='word_1_350' title='bbox 1195 1495 1367 1528; x_wconf 85' lang='lat' dir='ltr'><strong>colorare.</strong></span> <span class='ocrx_word' id='word_1_351' title='bbox 1425 1495 1508 1528; x_wconf 91' lang='lat' dir='ltr'><strong>Vid.</strong></span> <span class='ocrx_word' id='word_1_352' title='bbox 1533 1496 1628 1528; x_wconf 82' lang='lat' dir='ltr'><strong>Mar-</strong></span> 
     </span>
     <span class='ocr_line' id='line_1_63' title="bbox 916 1546 1630 1588; baseline 0.001 -9"><span class='ocrx_word' id='word_1_353' title='bbox 916 1546 990 1579; x_wconf 90' lang='lat' dir='ltr'><strong>tial.</strong></span> <span class='ocrx_word' id='word_1_354' title='bbox 1007 1547 1126 1588; x_wconf 84' lang='lat' dir='ltr'><strong>Epigr.</strong></span> <span class='ocrx_word' id='word_1_355' title='bbox 1142 1556 1169 1579; x_wconf 88' lang='grc' dir='ltr'><strong>ι.</strong></span> <span class='ocrx_word' id='word_1_356' title='bbox 1190 1550 1245 1579; x_wconf 80' lang='grc'><strong>32.</strong></span> <span class='ocrx_word' id='word_1_357' title='bbox 1262 1556 1312 1580; x_wconf 88' lang='lat' dir='ltr'><strong>v1.</strong></span> <span class='ocrx_word' id='word_1_358' title='bbox 1328 1550 1383 1579; x_wconf 78' lang='lat'><strong>38.</strong></span> <span class='ocrx_word' id='word_1_359' title='bbox 1427 1548 1568 1581; x_wconf 83' lang='lat' dir='ltr'><strong>Junium</strong></span> <span class='ocrx_word' id='word_1_360' title='bbox 1583 1548 1630 1580; x_wconf 89' lang='lat' dir='ltr'><strong>de</strong></span> 
     </span>
     <span class='ocr_line' id='line_1_64' title="bbox 917 1597 1630 1641; baseline 0.004 -12"><span class='ocrx_word' id='word_1_361' title='bbox 917 1597 1026 1630; x_wconf 89' lang='lat' dir='ltr'><strong>Coma</strong></span> <span class='ocrx_word' id='word_1_362' title='bbox 1039 1607 1118 1639; x_wconf 87' lang='lat' dir='ltr'><strong>cap.</strong></span> <span class='ocrx_word' id='word_1_363' title='bbox 1133 1601 1166 1630; x_wconf 85' lang='grc'><strong>7.</strong></span> <span class='ocrx_word' id='word_1_364' title='bbox 1183 1598 1332 1630; x_wconf 79' lang='lat' dir='ltr'><strong>Casaub.</strong></span> <span class='ocrx_word' id='word_1_365' title='bbox 1345 1598 1388 1630; x_wconf 89' lang='lat' dir='ltr'><strong>ad</strong></span> <span class='ocrx_word' id='word_1_366' title='bbox 1400 1598 1630 1641; x_wconf 86' lang='lat' dir='ltr'><strong>Theophrasti</strong></span> 
     </span>
     <span class='ocr_line' id='line_1_65' title="bbox 912 1647 1627 1690; baseline 0.003 -9"><span class='ocrx_word' id='word_1_367' title='bbox 912 1648 1113 1681; x_wconf 78' lang='lat' dir='ltr'><strong>character.</strong></span> <span class='ocrx_word' id='word_1_368' title='bbox 1125 1658 1204 1690; x_wconf 84' lang='lat' dir='ltr'><strong>cap.</strong></span> <span class='ocrx_word' id='word_1_369' title='bbox 1218 1647 1293 1690; x_wconf 80' lang='grc' dir='ltr'>Περὶ</span> <span class='ocrx_word' id='word_1_370' title='bbox 1305 1648 1488 1682; x_wconf 80' lang='grc' dir='ltr'><strong>Κολακείας.</strong></span> <span class='ocrx_word' id='word_1_371' title='bbox 1498 1650 1627 1684; x_wconf 86' lang='lat' dir='ltr'><strong>Tibull.</strong></span> 
     </span>
     <span class='ocr_line' id='line_1_66' title="bbox 914 1699 1628 1742; baseline 0.003 -10"><span class='ocrx_word' id='word_1_372' title='bbox 914 1709 940 1732; x_wconf 92' lang='lat'><strong>1.</strong></span> <span class='ocrx_word' id='word_1_373' title='bbox 954 1702 986 1732; x_wconf 85' lang='lat'><strong>9.</strong></span> <span class='ocrx_word' id='word_1_374' title='bbox 1008 1699 1134 1732; x_wconf 76' lang='lat' dir='ltr'><strong>Buchn.</strong></span> <span class='ocrx_word' id='word_1_375' title='bbox 1178 1699 1329 1733; x_wconf 83' lang='lat' dir='ltr'><strong>Quidam</strong></span> <span class='ocrx_word' id='word_1_376' title='bbox 1356 1700 1400 1732; x_wconf 87' lang='lat' dir='ltr'><strong>ad</strong></span> <span class='ocrx_word' id='word_1_377' title='bbox 1426 1701 1490 1733; x_wconf 88' lang='lat' dir='ltr'><strong>boc</strong></span> <span class='ocrx_word' id='word_1_378' title='bbox 1518 1701 1628 1742; x_wconf 90' lang='lat' dir='ltr'><strong>plum-</strong></span> 
     </span>
     <span class='ocr_line' id='line_1_67' title="bbox 914 1749 1627 1791; baseline 0.004 -10"><span class='ocrx_word' id='word_1_379' title='bbox 914 1749 987 1782; x_wconf 80' lang='lat' dir='ltr'><strong>beis</strong></span> <span class='ocrx_word' id='word_1_380' title='bbox 1011 1753 1158 1782; x_wconf 89' lang='lat' dir='ltr'><strong>utuntur</strong></span> <span class='ocrx_word' id='word_1_381' title='bbox 1183 1749 1393 1791; x_wconf 86' lang='lat' dir='ltr'><strong>pectinibus.</strong></span> <span class='ocrx_word' id='word_1_382' title='bbox 1429 1750 1627 1784; x_wconf 73' lang='lat' dir='ltr'><strong>Freinshem.</strong></span> 
     </span>
    </p>
   </div>
   <div class='ocr_carea' id='block_1_5' title="bbox 894 1792 1628 1843">
    <p class='ocr_par' dir='ltr' id='par_1_12' title="bbox 894 1792 1628 1843">
     <span class='ocr_line' id='line_1_68' title="bbox 894 1792 1628 1843; baseline 0.004 -11"><span class='ocrx_word' id='word_1_383' title='bbox 894 1792 1078 1843; x_wconf 51' lang='lat' dir='ltr'><strong>&#39;Propera</strong></span> <span class='ocrx_word' id='word_1_384' title='bbox 1090 1800 1189 1841; x_wconf 76' lang='lat' dir='ltr'><strong>Eleg.</strong></span> <span class='ocrx_word' id='word_1_385' title='bbox 1204 1810 1262 1833; x_wconf 86' lang='grc' dir='ltr'><strong>ιιι.</strong></span> <span class='ocrx_word' id='word_1_386' title='bbox 1277 1801 1342 1834; x_wconf 86' lang='lat' dir='ltr'><strong>ult.</strong></span> <span class='ocrx_word' id='word_1_387' title='bbox 1364 1802 1374 1819; x_wconf 91' lang='lat'>‘</span> <span class='ocrx_word' id='word_1_388' title='bbox 1391 1801 1532 1834; x_wconf 86' lang='lat' dir='ltr'><strong>Vellere</strong></span> <span class='ocrx_word' id='word_1_389' title='bbox 1547 1812 1628 1835; x_wconf 89' lang='lat' dir='ltr'><strong>cum</strong></span> 
     </span>
    </p>
   </div>
   <div class='ocr_carea' id='block_1_6' title="bbox 910 1851 1627 2141">
    <p class='ocr_par' dir='ltr' id='par_1_13' title="bbox 913 1851 1627 1936">
     <span class='ocr_line' id='line_1_69' title="bbox 914 1851 1627 1896; baseline 0.003 -12"><span class='ocrx_word' id='word_1_390' title='bbox 914 1852 1035 1893; x_wconf 85' lang='lat' dir='ltr'><strong>cupias</strong></span> <span class='ocrx_word' id='word_1_391' title='bbox 1060 1851 1153 1884; x_wconf 88' lang='lat' dir='ltr'><strong>albos</strong></span> <span class='ocrx_word' id='word_1_392' title='bbox 1181 1862 1201 1884; x_wconf 87' lang='lat' dir='ltr'><strong>a</strong></span> <span class='ocrx_word' id='word_1_393' title='bbox 1226 1851 1335 1894; x_wconf 84' lang='lat' dir='ltr'><strong>stirpe</strong></span> <span class='ocrx_word' id='word_1_394' title='bbox 1359 1852 1504 1894; x_wconf 85' lang='lat' dir='ltr'><strong>capillos</strong></span> <span class='ocrx_word' id='word_1_395' title='bbox 1517 1855 1549 1896; x_wconf 56' lang='grc' dir='ltr'><strong>τ’,</strong></span> <span class='ocrx_word' id='word_1_396' title='bbox 1564 1853 1627 1886; x_wconf 86' lang='lat' dir='ltr'><strong>nbi</strong></span> 
     </span>
     <span class='ocr_line' id='line_1_70' title="bbox 913 1902 1392 1936; baseline 0 -1"><span class='ocrx_word' id='word_1_397' title='bbox 913 1902 993 1935; x_wconf 87' lang='lat' dir='ltr'><strong>vide</strong></span> <span class='ocrx_word' id='word_1_398' title='bbox 1007 1903 1254 1936; x_wconf 81' lang='lat' dir='ltr'><strong>Passeratinm.</strong></span> <span class='ocrx_word' id='word_1_399' title='bbox 1277 1903 1392 1936; x_wconf 82' lang='lat' dir='ltr'><strong>Burm.</strong></span> 
     </span>
    </p>

    <p class='ocr_par' dir='ltr' id='par_1_14' title="bbox 910 1954 1627 2141">
     <span class='ocr_line' id='line_1_71' title="bbox 919 1954 1626 1996; baseline 0.006 -11"><span class='ocrx_word' id='word_1_400' title='bbox 919 1975 923 1980; x_wconf 81' lang='lat'><strong>·</strong></span> <span class='ocrx_word' id='word_1_401' title='bbox 958 1954 1064 1986; x_wconf 78' lang='lat' dir='ltr'><strong>Canos</strong></span> <span class='ocrx_word' id='word_1_402' title='bbox 1086 1954 1250 1995; x_wconf 72' lang='lat' dir='ltr'><strong>evelleret]</strong></span> <span class='ocrx_word' id='word_1_403' title='bbox 1283 1954 1453 1996; x_wconf 84' lang='lat' dir='ltr'><strong>Congruit</strong></span> <span class='ocrx_word' id='word_1_404' title='bbox 1482 1955 1626 1990; x_wconf 79' lang='lat' dir='ltr'><strong>historia</strong></span> 
     </span>
     <span class='ocr_line' id='line_1_72' title="bbox 910 2003 1627 2047; baseline 0.004 -11"><span class='ocrx_word' id='word_1_405' title='bbox 910 2003 1016 2037; x_wconf 89' lang='lat' dir='ltr'><strong>Juliae</strong></span> <span class='ocrx_word' id='word_1_406' title='bbox 1032 2004 1136 2036; x_wconf 86' lang='lat' dir='ltr'><strong>evelli</strong></span> <span class='ocrx_word' id='word_1_407' title='bbox 1158 2004 1223 2036; x_wconf 85' lang='lat' dir='ltr'><strong>sibi</strong></span> <span class='ocrx_word' id='word_1_408' title='bbox 1245 2013 1349 2037; x_wconf 86' lang='lat' dir='ltr'><strong>canos</strong></span> <span class='ocrx_word' id='word_1_409' title='bbox 1373 2005 1542 2047; x_wconf 84' lang='lat' dir='ltr'><strong>curantis,</strong></span> <span class='ocrx_word' id='word_1_410' title='bbox 1569 2007 1627 2040; x_wconf 86' lang='lat' dir='ltr'><strong>cui</strong></span> 
     </span>
     <span class='ocr_line' id='line_1_73' title="bbox 910 2054 1622 2102; baseline 0.01 -17"><span class='ocrx_word' id='word_1_411' title='bbox 910 2054 1115 2096; x_wconf 85' lang='lat' dir='ltr'><strong>supervenit</strong></span> <span class='ocrx_word' id='word_1_412' title='bbox 1142 2054 1344 2096; x_wconf 81' lang='lat' dir='ltr'><strong>Angustus:</strong></span> <span class='ocrx_word' id='word_1_413' title='bbox 1381 2060 1422 2091; x_wconf 91' lang='lat' dir='ltr'><strong>ut</strong></span> <span class='ocrx_word' id='word_1_414' title='bbox 1448 2060 1503 2090; x_wconf 85' lang='lat' dir='ltr'><strong>est</strong></span> <span class='ocrx_word' id='word_1_415' title='bbox 1530 2057 1622 2102; x_wconf 84' lang='lat' dir='ltr'><strong>apud</strong></span> 
     </span>
     <span class='ocr_line' id='line_1_74' title="bbox 913 2106 1242 2141; baseline 0.006 -2"><span class='ocrx_word' id='word_1_416' title='bbox 913 2106 1143 2140; x_wconf 87' lang='lat' dir='ltr'><strong>Macrobium.</strong></span> <span class='ocrx_word' id='word_1_417' title='bbox 1170 2107 1242 2141; x_wconf 79' lang='lat' dir='ltr'><strong>Ric.</strong></span> 
     </span>
    </p>
   </div>
   <div class='ocr_carea' id='block_1_7' title="bbox 683 2366 1087 2413">
    <p class='ocr_par' dir='ltr' id='par_1_15' title="bbox 683 2366 1087 2413">
     <span class='ocr_line' id='line_1_75' title="bbox 683 2366 1087 2413; baseline 0.007 -4"><span class='ocrx_word' id='word_1_418' title='bbox 683 2366 943 2412; x_wconf 89' lang='lat' dir='ltr'><strong>FABULA</strong></span> <span class='ocrx_word' id='word_1_419' title='bbox 992 2369 1087 2413; x_wconf 87' lang='grc' dir='ltr'><strong>ΙΙΙ,</strong></span> 
     </span>
    </p>
   </div>
   <div class='ocr_carea' id='block_1_8' title="bbox 145 2508 856 2861">
    <p class='ocr_par' dir='ltr' id='par_1_16' title="bbox 145 2508 855 2604">
     <span class='ocr_line' id='line_1_76' title="bbox 154 2508 855 2553; baseline 0.003 -11"><span class='ocrx_word' id='word_1_420' title='bbox 154 2522 159 2527; x_wconf 91' lang='grc'><em>·</em></span> <span class='ocrx_word' id='word_1_421' title='bbox 190 2511 209 2542; x_wconf 81' lang='lat' dir='ltr'><strong>l</strong></span> <span class='ocrx_word' id='word_1_422' title='bbox 232 2508 421 2552; x_wconf 69' lang='lat' dir='ltr'><strong>Laceratus]</strong></span> <span class='ocrx_word' id='word_1_423' title='bbox 443 2509 481 2542; x_wconf 87' lang='lat' dir='ltr'><strong>Si</strong></span> <span class='ocrx_word' id='word_1_424' title='bbox 497 2509 627 2553; x_wconf 87' lang='lat' dir='ltr'><strong>placet,</strong></span> <span class='ocrx_word' id='word_1_425' title='bbox 648 2509 770 2543; x_wconf 80' lang='lat' dir='ltr'><strong>confer</strong></span> <span class='ocrx_word' id='word_1_426' title='bbox 785 2510 855 2545; x_wconf 81' lang='lat' dir='ltr'><strong>fab.</strong></span> 
     </span>
     <span class='ocr_line' id='line_1_77' title="bbox 145 2561 498 2604; baseline 0 -8"><span class='ocrx_word' id='word_1_427' title='bbox 145 2563 201 2596; x_wconf 73' lang='lat'><strong>2³.</strong></span> <span class='ocrx_word' id='word_1_428' title='bbox 222 2561 342 2604; x_wconf 79' lang='lat' dir='ltr'><strong>AEsop.</strong></span> <span class='ocrx_word' id='word_1_429' title='bbox 365 2563 498 2596; x_wconf 75' lang='lat' dir='ltr'><strong>Praxh.</strong></span> 
     </span>
    </p>

    <p class='ocr_par' dir='ltr' id='par_1_17' title="bbox 145 2611 856 2704">
     <span class='ocr_line' id='line_1_78' title="bbox 187 2611 856 2656; baseline 0.007 -11"><span class='ocrx_word' id='word_1_430' title='bbox 187 2611 362 2646; x_wconf 68' lang='lat' dir='ltr'><strong>laceram</strong></span> <span class='ocrx_word' id='word_1_431' title='bbox 371 2613 515 2656; x_wconf 76' lang='lat' dir='ltr'><strong>quidam]</strong></span> <span class='ocrx_word' id='word_1_432' title='bbox 538 2613 687 2649; x_wconf 86' lang='lat' dir='ltr'><strong>Plauud.</strong></span> <span class='ocrx_word' id='word_1_433' title='bbox 701 2614 856 2656; x_wconf 76' lang='grc' dir='ltr'><strong><em>Κυνόδηκ-</em></strong></span> 
     </span>
     <span class='ocr_line' id='line_1_79' title="bbox 145 2663 312 2704; baseline 0.012 -10"><span class='ocrx_word' id='word_1_434' title='bbox 145 2672 210 2695; x_wconf 64' lang='grc' dir='ltr'><strong>τοι.</strong></span> <span class='ocrx_word' id='word_1_435' title='bbox 232 2663 312 2704; x_wconf 78' lang='lat' dir='ltr'><strong>Rig.</strong></span> 
     </span>
    </p>

    <p class='ocr_par' dir='ltr' id='par_1_18' title="bbox 146 2712 853 2861">
     <span class='ocr_line' id='line_1_80' title="bbox 194 2712 853 2761; baseline 0.011 -16"><span class='ocrx_word' id='word_1_436' title='bbox 194 2712 406 2756; x_wconf 59' lang='lat' dir='ltr'><strong>renuentia]</strong></span> <span class='ocrx_word' id='word_1_437' title='bbox 438 2714 566 2748; x_wconf 86' lang='lat' dir='ltr'><strong>Scribit</strong></span> <span class='ocrx_word' id='word_1_438' title='bbox 590 2716 853 2761; x_wconf 79' lang='lat' dir='ltr'><strong>Rittershusius,</strong></span> 
     </span>
     <span class='ocr_line' id='line_1_81' title="bbox 147 2760 851 2808; baseline 0.014 -15"><span class='ocrx_word' id='word_1_439' title='bbox 147 2760 333 2806; x_wconf 59' lang='lat' dir='ltr'><strong>mxi,</strong></span> <span class='ocrx_word' id='word_1_440' title='bbox 378 2764 560 2808; x_wconf 86' lang='lat' dir='ltr'><strong>refertque</strong></span> <span class='ocrx_word' id='word_1_441' title='bbox 605 2767 650 2800; x_wconf 83' lang='lat' dir='ltr'><strong>ad</strong></span> <span class='ocrx_word' id='word_1_442' title='bbox 686 2778 851 2803; x_wconf 86' lang='lat' dir='ltr'><strong>morsum.</strong></span> 
     </span>
     <span class='ocr_line' id='line_1_82' title="bbox 146 2810 852 2861; baseline 0.014 -17"><span class='ocrx_word' id='word_1_443' title='bbox 146 2810 309 2848; x_wconf 76' lang='lat' dir='ltr'><strong>Frustra:</strong></span> <span class='ocrx_word' id='word_1_444' title='bbox 332 2815 492 2849; x_wconf 78' lang='lat' dir='ltr'><strong>vehemens</strong></span> <span class='ocrx_word' id='word_1_445' title='bbox 502 2820 568 2861; x_wconf 84' lang='lat' dir='ltr'><strong>est,</strong></span> <span class='ocrx_word' id='word_1_446' title='bbox 579 2818 774 2854; x_wconf 82' lang='lat' dir='ltr'><strong>concitatus</strong></span> <span class='ocrx_word' id='word_1_447' title='bbox 789 2819 852 2854; x_wconf 86' lang='lat' dir='ltr'><strong>ira.</strong></span> 
     </span>
    </p>
   </div>
   <div class='ocr_carea' id='block_1_9' title="bbox 906 2510 1620 2861">
    <p class='ocr_par' dir='ltr' id='par_1_19' title="bbox 906 2510 1620 2861">
     <span class='ocr_line' id='line_1_83' title="bbox 911 2510 1620 2554; baseline 0.001 -8"><span class='ocrx_word' id='word_1_448' title='bbox 911 2512 1039 2546; x_wconf 86' lang='lat' dir='ltr'><strong>Horat.</strong></span> <span class='ocrx_word' id='word_1_449' title='bbox 1066 2513 1132 2554; x_wconf 90' lang='lat' dir='ltr'><strong>Ep.</strong></span> <span class='ocrx_word' id='word_1_450' title='bbox 1148 2520 1190 2544; x_wconf 87' lang='grc' dir='ltr'><strong>ιι.</strong></span> <span class='ocrx_word' id='word_1_451' title='bbox 1217 2515 1250 2544; x_wconf 82' lang='grc'><strong>2.</strong></span> <span class='ocrx_word' id='word_1_452' title='bbox 1283 2510 1395 2545; x_wconf 87' lang='lat' dir='ltr'><strong>‘Post</strong></span> <span class='ocrx_word' id='word_1_453' title='bbox 1419 2511 1492 2545; x_wconf 84' lang='lat' dir='ltr'><strong>haec</strong></span> <span class='ocrx_word' id='word_1_454' title='bbox 1519 2512 1620 2547; x_wconf 85' lang='lat' dir='ltr'><strong>vehe-</strong></span> 
     </span>
     <span class='ocr_line' id='line_1_84' title="bbox 909 2562 1619 2606; baseline 0 -10"><span class='ocrx_word' id='word_1_455' title='bbox 909 2573 1005 2597; x_wconf 86' lang='lat' dir='ltr'><strong>mens</strong></span> <span class='ocrx_word' id='word_1_456' title='bbox 1033 2564 1148 2606; x_wconf 87' lang='lat' dir='ltr'><strong>lupus,</strong></span> <span class='ocrx_word' id='word_1_457' title='bbox 1175 2567 1212 2596; x_wconf 87' lang='lat' dir='ltr'><strong>et</strong></span> <span class='ocrx_word' id='word_1_458' title='bbox 1235 2562 1302 2595; x_wconf 91' lang='lat' dir='ltr'><strong>sibi</strong></span> <span class='ocrx_word' id='word_1_459' title='bbox 1328 2566 1366 2595; x_wconf 89' lang='lat' dir='ltr'><strong>et</strong></span> <span class='ocrx_word' id='word_1_460' title='bbox 1389 2563 1479 2595; x_wconf 84' lang='lat' dir='ltr'><strong>hosti</strong></span> <span class='ocrx_word' id='word_1_461' title='bbox 1501 2563 1619 2596; x_wconf 79' lang='lat' dir='ltr'><strong>Iratus</strong></span> 
     </span>
     <span class='ocr_line' id='line_1_85' title="bbox 909 2613 1619 2656; baseline 0.001 -9"><span class='ocrx_word' id='word_1_462' title='bbox 909 2615 1054 2656; x_wconf 86' lang='lat' dir='ltr'><strong>pariter,</strong></span> <span class='ocrx_word' id='word_1_463' title='bbox 1061 2614 1189 2656; x_wconf 88' lang='lat' dir='ltr'><strong>jejunis</strong></span> <span class='ocrx_word' id='word_1_464' title='bbox 1205 2613 1368 2646; x_wconf 88' lang='lat' dir='ltr'><strong>dentibus</strong></span> <span class='ocrx_word' id='word_1_465' title='bbox 1384 2613 1488 2646; x_wconf 86' lang='lat' dir='ltr'><strong>acer.’</strong></span> <span class='ocrx_word' id='word_1_466' title='bbox 1510 2613 1619 2654; x_wconf 78' lang='lat' dir='ltr'><strong>Schef.</strong></span> 
     </span>
     <span class='ocr_line' id='line_1_86' title="bbox 909 2665 1619 2707; baseline 0.003 -10"><span class='ocrx_word' id='word_1_467' title='bbox 909 2665 1076 2698; x_wconf 87' lang='lat' dir='ltr'><strong>Heinsius</strong></span> <span class='ocrx_word' id='word_1_468' title='bbox 1101 2669 1218 2697; x_wconf 88' lang='lat' dir='ltr'><strong>tamen</strong></span> <span class='ocrx_word' id='word_1_469' title='bbox 1239 2665 1412 2698; x_wconf 78' lang='lat' dir='ltr'><strong>vehementi</strong></span> <span class='ocrx_word' id='word_1_470' title='bbox 1433 2665 1619 2707; x_wconf 81' lang='lat' dir='ltr'><strong>legendum</strong></span> 
     </span>
     <span class='ocr_line' id='line_1_87' title="bbox 908 2716 1619 2758; baseline 0 -9"><span class='ocrx_word' id='word_1_471' title='bbox 908 2717 1043 2749; x_wconf 85' lang='lat' dir='ltr'><strong>notavit</strong></span> <span class='ocrx_word' id='word_1_472' title='bbox 1069 2716 1113 2749; x_wconf 84' lang='lat' dir='ltr'><strong>ad</strong></span> <span class='ocrx_word' id='word_1_473' title='bbox 1139 2716 1340 2758; x_wconf 84' lang='lat' dir='ltr'><strong>marginem,</strong></span> <span class='ocrx_word' id='word_1_474' title='bbox 1376 2720 1413 2749; x_wconf 88' lang='lat' dir='ltr'><strong>et</strong></span> <span class='ocrx_word' id='word_1_475' title='bbox 1439 2716 1548 2750; x_wconf 88' lang='lat' dir='ltr'><strong>Grou.</strong></span> <span class='ocrx_word' id='word_1_476' title='bbox 1571 2717 1619 2750; x_wconf 80' lang='lat' dir='ltr'><strong>ad</strong></span> 
     </span>
     <span class='ocr_line' id='line_1_88' title="bbox 906 2767 1617 2809; baseline 0.001 -10"><span class='ocrx_word' id='word_1_477' title='bbox 906 2767 1029 2800; x_wconf 89' lang='lat' dir='ltr'><strong>Senec.</strong></span> <span class='ocrx_word' id='word_1_478' title='bbox 1055 2768 1158 2801; x_wconf 88' lang='lat' dir='ltr'><strong>Cons.</strong></span> <span class='ocrx_word' id='word_1_479' title='bbox 1186 2767 1230 2800; x_wconf 85' lang='lat' dir='ltr'><strong>ad</strong></span> <span class='ocrx_word' id='word_1_480' title='bbox 1255 2767 1366 2800; x_wconf 84' lang='lat' dir='ltr'><strong>Marc.</strong></span> <span class='ocrx_word' id='word_1_481' title='bbox 1394 2776 1473 2809; x_wconf 83' lang='lat' dir='ltr'><strong>cap.</strong></span> <span class='ocrx_word' id='word_1_482' title='bbox 1495 2771 1528 2799; x_wconf 83' lang='grc'><strong>5.</strong></span> <span class='ocrx_word' id='word_1_483' title='bbox 1555 2767 1617 2800; x_wconf 82' lang='lat' dir='ltr'><strong>sed</strong></span> 
     </span>
     <span class='ocr_line' id='line_1_89' title="bbox 907 2817 1619 2861; baseline -0.001 -10"><span class='ocrx_word' id='word_1_484' title='bbox 907 2818 1035 2852; x_wconf 81' lang='lat' dir='ltr'><strong>rectius</strong></span> <span class='ocrx_word' id='word_1_485' title='bbox 1062 2823 1148 2861; x_wconf 88' lang='lat' dir='ltr'><strong>puto</strong></span> <span class='ocrx_word' id='word_1_486' title='bbox 1173 2828 1278 2852; x_wconf 82' lang='lat' dir='ltr'><strong>canem</strong></span> <span class='ocrx_word' id='word_1_487' title='bbox 1302 2818 1511 2852; x_wconf 75' lang='lat' dir='ltr'><strong>vehementem</strong></span> <span class='ocrx_word' id='word_1_488' title='bbox 1534 2817 1619 2859; x_wconf 90' lang='lat' dir='ltr'><strong>dici,</strong></span> 
     </span>
    </p>
   </div>
  </div>
 </body>
</html>
