1806 3236
197 197 209 201 ’
254 209 341 252 628

729 222 871 255 NOTAE
907 223 1169 257 VARIORUM
1203 225 1256 257 IN

736 543 994 589 FABULA
1044 546 1239 593 XVIII.

296 672 445 718 Serpens]
481 675 594 718 AEsop.
608 676 825 711 Camerarius
841 688 875 721 p.
886 682 962 713 200.

298 781 316 810 1
342 778 407 814 Qui
413 778 485 818 fert
499 779 591 811 malis
605 781 776 823 auxilium]
815 782 963 815 Basilius

253 827 345 870 Imp.
363 829 406 861 ad
415 830 569 863 Leonem
580 831 620 863 F.
636 831 676 864 Ὅ
689 834 757 865 τοῖς
768 835 873 866 κακοῖς
884 834 965 875 εὐερ-

252 880 355 918 γετῶν
370 879 539 920 ἐγκόλπιον
562 880 630 922 ἔχει
651 883 708 915 τὸν
722 883 803 925 ὄφιν,
824 885 858 916 ἐν
871 897 965 927 καιρῳ

251 927 309 968 μὲν
330 929 537 973 θαλπόμενον,
559 933 593 965 ἐν
617 936 711 977 καιρῷ
725 933 758 967 δὲ
771 935 828 967 τὸν
843 934 964 979 εὐεργέ·

252 992 312 1017 την
327 979 443 1023 ιὀβόλφ
458 982 593 1024 δήγματι
607 984 804 1025 ἀμυνόμενον.
829 987 910 1028 Rig.
957 996 959 998 '

296 1032 376 1064 Post
397 1034 532 1075 tempus]
575 1034 647 1068 Jul.
663 1035 791 1079 Obseq.
817 1047 894 1079 cap.
910 1040 964 1071 2⁷.

252 1083 262 1101 ‘
282 1082 368 1115 Post
384 1088 542 1126 tempora
557 1086 691 1127 potuit!
714 1088 828 1120 Heius.
875 1089 963 1121 Vide

252 1135 297 1167 ad
313 1136 453 1170 Quinct.
470 1146 539 1170 xn.
563 1140 595 1170 3.
621 1142 658 1170 et
676 1139 776 1172 Decl.
793 1148 962 1173 chxxxx.

251 1187 352 1220 Idem
376 1192 430 1221 est
450 1198 491 1221 ac
511 1189 521 1207 ⁴
537 1189 625 1222 Post
640 1190 777 1233 aliquod
793 1191 961 1234 tempus;’

253 1243 293 1271 ut
308 1238 377 1271 fab.
393 1239 546 1281 praeced.
569 1241 683 1273 Burm.

295 1292 317 1321 2
342 1289 426 1322 Gelu
438 1289 593 1330 rigentem
608 1290 750 1332 quidam]
785 1292 960 1325 Theocrit.

253 1339 344 1382 Idyl.
361 1338 397 1374 ε’.
421 1339 478 1372 Ἴδ’
493 1339 513 1372 ἆ
527 1339 617 1383 χάρις
632 1341 664 1374 ἐς
674 1340 707 1373 τὶ
716 1340 870 1384 ποθέρπει.
886 1341 962 1385 Θρέ-

252 1393 308 1432 ψαι
322 1390 380 1431 μὲν
394 1393 538 1430 λυκιδεῖς,
551 1391 658 1434 θρέψαι
672 1392 765 1426 κύνας
780 1393 820 1426 ὥς
841 1406 880 1426 τυ
901 1392 961 1436 φά-

252 1452 360 1481 γωντι.
403 1442 577 1476 Isocrates
604 1444 648 1476 ad
671 1446 776 1477 Dem.
791 1444 913 1477 Κακοὺς
927 1443 962 1478 εὖ

253 1494 358 1535 ποιῶν,
380 1492 470 1534 ὅμοια
492 1493 585 1538 πείσῃ
608 1494 667 1528 τὰς
686 1495 855 1538 ἀλλοτρίας
869 1495 962 1529 κύνας

253 1543 439 1585 σιτίζουσιν,
461 1544 574 1577 ἐκεῖναί
597 1558 635 1578 τε
647 1545 710 1588 ’γὰρ
729 1545 803 1579 τοὺς
823 1546 963 1579 διδόντας

254 1593 357 1636 ὥσπερ
376 1593 451 1627 τοὺς
472 1594 630 1636 τυχόντας
657 1596 852 1638 ὑλακτοῦσιν,
876 1597 908 1629 οἵ
924 1609 962 1629 τε

254 1645 357 1688 κακοὶ,
393 1645 466 1679 τοὺς
501 1646 714 1689 ὠφελοῦντας,
751 1648 855 1690 ὥσπερ
889 1648 963 1682 τοὺς

256 1696 469 1734 βλάπτοντας.
496 1699 576 1731 Nev-

297 1747 456 1781 Andreas
470 1749 640 1781 Chioccus
653 1749 686 1781 in
703 1749 827 1781 illustri
838 1749 961 1781 Museo

255 1798 513 1830 Calceolariano
528 1799 734 1840 Veronensi,
759 1799 914 1831 sectione
928 1802 961 1831 3.

255 1858 335 1891 pag.
344 1851 420 1881 326.
434 1848 521 1881 citat
535 1848 639 1882 hosce
652 1849 790 1881 lambos
801 1849 961 1889 auctoris,

255 1904 294 1932 ut
308 1899 438 1936 scribit,
463 1898 639 1941 cujusdam
664 1900 820 1942 antiqui:
853 1900 961 1932 ‘Sinu

252 1949 398 1983 fovebat
412 1949 549 1992 quidam
567 1951 718 1993 agricola
727 1950 881 1992 viperam
893 1950 962 1983 Ge-

254 2002 290 2033 lu
307 2000 490 2043 rigentem,
502 2005 539 2034 at
553 2002 639 2043 haec,
654 2002 802 2034 calorem
824 2006 863 2034 ut
885 2011 961 2034 seu-

254 2055 359 2092 serat,
382 2051 479 2083 Ferit
505 2050 693 2093 foventem,
707 2061 855 2094 moxque
871 2051 961 2094 peri-

255 2103 320 2135 mit
349 2102 513 2140 vulnere.'
571 2102 646 2135 Nisi
681 2103 714 2134 hi
749 2111 864 2135 versus
893 2103 962 2135 sint

255 2152 395 2193 Faerni‚
421 2152 512 2194 quod
535 2153 787 2195 inquirendum,
803 2159 898 2187 certe
914 2154 961 2186 al-

255 2203 364 2235 terius
392 2206 472 2235 sunt
496 2203 644 2235 auctoris
666 2205 882 2245 recentioris,
904 2205 961 2247 qui

256 2253 454 2295 Phaedrum,
486 2262 671 2295 suppresso
708 2255 780 2296 ejus
811 2255 961 2296 nomine,

257 2305 475 2346 compilavit3
508 2314 587 2336 nam
609 2304 698 2347 quod
724 2305 890 2337 Chloccus
905 2316 962 2337 an-

257 2355 343 2399 tiqui
359 2355 536 2396 cujusdam
551 2355 700 2387 auctoris
713 2365 787 2387 esse
804 2360 915 2398 putat,
927 2356 962 2388 in

257 2415 298 2438 eo
314 2404 458 2438 fallitur.
483 2406 569 2438 Gud.

303 2455 486 2499 Calabram]
529 2456 644 2498 Vulgo
671 2456 838 2488 Calabrum
863 2465 963 2489 voca-

259 2518 344 2541 mus.
398 2508 585 2549 Reperitur
612 2513 726 2540 tamen
755 2514 792 2540 et
816 2509 880 2541 hoc
906 2518 963 2550 ge-

259 2568 343 2591 nere
369 2558 462 2600 apud
477 2559 642 2591 Lucilium
668 2563 705 2591 et
728 2559 823 2591 alios.
856 2559 962 2599 Schef.

259 2610 348 2642 Vide
374 2620 451 2651 quae
476 2619 537 2644 nos
564 2611 608 2642 ad
638 2610 780 2642 Petron.
806 2619 884 2651 cap.
908 2613 963 2643 45.

259 2659 462 2692 notavimus.
498 2659 700 2701 Serpentem
719 2669 798 2691 vero
813 2659 894 2700 dici,
906 2659 964 2701 qui

261 2709 351 2742 bene
375 2709 559 2742 facientem
585 2710 693 2751 laedit,
715 2710 818 2742 docet
842 2710 963 2742 Barth.

262 2760 409 2794 Advers.
428 2769 480 2794 ιιι.
498 2765 527 2794 1.
544 2766 580 2793 et
595 2762 644 2793 ita
658 2761 786 2793 dictum
798 2760 964 2794 ,Iohannis

263 2812 434 2854 Baptistae
450 2814 533 2846 Luc.
555 2822 613 2846 ιιι.
628 2816 662 2846 7.
689 2813 868 2853 Γεννήματα
881 2812 964 2856 ἐχιδ-

1011 682 1071 713 νῶν
1097 690 1196 723 cape,
1225 683 1265 713 ut
1293 683 1330 713 et
1356 680 1534 714 Juvenu-
1557 688 1609 713 vn
1637 682 1715 714 ul.

1011 732 1021 750 ⁶
1039 731 1140 763 Tune
1163 731 1248 764 duos
1271 740 1352 772 una,
1372 730 1562 764 saevissima
1584 730 1717 775 vtpen,

1011 782 1137 815 caena?
1160 783 1277 815 Burm.

1011 836 1074 915 43
1098 833 1208 875 Fovit]
1231 832 1391 875 Proprie.
1437 831 1585 866 Curtius
1591 831 1654 865 lib.-
1662 837 1715 864 tv-

1068 884 1079 902 ‘
1095 884 1156 925 Ips
1158 893 1177 915 e
1192 888 1275 916 tunc
1291 883 1436 916 maxime
1461 881 1643 916 refovebat
1663 891 1716 915 ar-

1013 934 1093 966 tus!
1116 934 1219 973 Schel'.

1057 986 1177 1018 Contra
1190 995 1223 1017 se
1236 986 1316 1028 ipse]
1340 984 1423 1017 Pari
1437 984 1537 1018 modo
1548 957 1717 1025 magister

1012 1034 1177 1068 Amorum
1202 1045 1262 1069 ιιι.
1289 1040 1322 1069 7.
1353 1037 1364 1055 ‘
1381 1037 1512 1069 Contra
1535 1040 1570 1069 te
1597 1035 1718 1078 sollers

1011 1087 1184 1120 hominum
1210 1092 1335 1121 natura
1359 1086 1479 1120 fuisti!
1521 1087 1719 1129 Exaggera-

1013 1139 1064 1172 vit
1087 1133 1174 1171 hanc
1198 1139 1470 1172 misericordiam
1493 1137 1609 1172 Anum
1630 1136 1716 1170 Fun.

1012 1192 1064 1222 10.
1129 1190 1326 1232 Simplicius
1360 1190 1478 1232 AEsop.
1524 1189 1608 1222 Fab.
1641 1190 1717 1222 1⁷⁸.

1012 1239 1239 1272 Prasch.1n
1265 1240 1452 1282 perniciem
1474 1249 1585 1273 anam.
1639 1238 1716 1272 eie

1009 1289 1087 1323 Att.
1109 1291 1176 1332 Ep.
1201 1298 1267 1323 vn.
1291 1294 1324 1323 5.
1346 1290 1357 1308 ‘
1373 1290 1445 1323 Per
1469 1299 1576 1323 annos
1590 1289 1715 1354 decem

1010 1340 1152 1373 aluimus
1168 1344 1290 1378 contra
1306 1350 1378 1373 nos.
1378 1339 1515 1380 'Sobel‘
1613 1366 1617 1370 ,
1671 1353 1675 1358 ’
1710 1359 1712 1361 ·

1051 1393 1073 1423 4
1098 1390 1230 1430 Refecto
1242 1390 1304 1432 est]
1329 1390 1514 1431 Recreata,
1525 1392 1716 1434 eleganter

1010 1441 1053 1474 de
1066 1443 1169 1483 paulo
1184 1445 1264 1474 ante
1276 1451 1365 1483 pene
1380 1445 1526 1474 mortua.
1548 1441 1657 1484 Schts.
1671 1463 1675 1470 ·

1054 1492 1187 1534 Necuit]
1230 1492 1340 1524 Putat
1364 1492 1477 1534 Valla,
1501 1502 1573 1525 non-
1591 1492 1628 1525 in
1650 1501 1715 1526 usn

1010 1553 1085 1577 esse
1101 1544 1245 1576 verbum
1261 1543 1340 1585 hoc,
1365 1544 1429 1576 nisi
1451 1544 1511 1577 ubi
1534 1554 1648 1578 sermo
1669 1546 1716 1578 sit

1012 1597 1054 1627 de
1070 1599 1169 1628 certo
1179 1595 1301 1629 mortis
1315 1605 1453 1637 genere.
1497 1596 1545 1628 Et
1557 1594 1716 1637 profecto

1010 1646 1060 1678 ita
1092 1647 1244 1679 Ennius:
1282 1650 1291 1664 ‘
1309 1646 1384 1679 Hos
1423 1646 1534 1688 pestis
1572 1646 1716 1680 necuit:

1011 1697 1080 1729 Sed
1098 1701 1211 1730 tamen
1227 1698 1280 1730 vel
1295 1697 1351 1730 hic
1372 1697 1467 1730 locus
1491 1696 1608 1738 docet,
1623 1698 1717 1731 Pris-

1011 1748 1147 1779 cianum
1177 1748 1307 1780 rectius
1335 1748 1532 1790 ostendere,
1557 1748 1716 1791 usurpari

1012 1797 1056 1829 de
1085 1802 1239 1838 peremto
1273 1797 1392 1840 quovis
1423 1798 1573 1831 violento
1601 1798 1717 1832 modo.'

1012 1848 1197 1886 Caeterum,
1221 1858 1265 1881 ne
1290 1848 1372 1890 quid
1396 1848 1619 1890 dissimulem,
1640 1850 1717 1882 Sal-⁴

1011 1898 1155 1930 masium
1170 1899 1325 1945 Exercit.
1343 1899 1430 1932 Plin.
1446 1909 1481 1942 p.
1494 1902 1548 1933 25.
1563 1901 1715 1933 ubiver-

1011 1948 1056 1981 ba
1070 1949 1143 1982 haec
1159 1948 1313 1992 adducit,
1330 1949 1430 1983 video
1443 1960 1511 1983 non
1521 1951 1638 1993 necui-t,
1654 1951 1716 1984 sed

1011 2001 1119 2032 nocuit
1151 2001 1287 2043 legisse,
1313 2001 1414 2034 simul
1442 2006 1479 2034 et
1508 2002 1715 2037 locutionem

1011 2052 1113 2093 hanc,
1130 2062 1238 2085 nocere
1257 2052 1401 2095 aliquem,
1418 2052 1589 2096 Latinam,
1603 2052 1716 2087 bonia-

1012 2112 1078 2145 que
1092 2103 1288 2136 auctoribus
1303 2107 1479 2146 receptam
1492 2103 1626 2137 testari.
1647 2104 1716 2137 Ve-

1013 2165 1087 2188 rum
1103 2156 1204 2189 istam
1218 2156 1402 2190 lectionem
1420 2166 1515 2202 suam
1529 2157 1610 2194 mihi
1624 2157 1717 2200 equi-

1012 2206 1090 2239 dem
1105 2207 1195 2239 haud
1209 2207 1344 2249 probat.
1391 2206 1557 2240 Ovidius:
1573 2209 1583 2226 ‘
1598 2207 1716 2240 Parva

1011 2262 1114 2290 necat
1139 2267 1253 2290 morsu
1277 2258 1470 2300 spaciosum
1494 2258 1616 2300 vipera
1641 2261 1716 2291 tau-

1012 2307 1110 2341 rum!
1155 2308 1256 2341 Adde
1268 2309 1371 2341 Trist.
1388 2309 1440 2342 ΕΙ.
1455 2318 1506 2341 ιν.
1519 2309 1583 2342 ult.
1597 2318 1647 2342 vs.
1658 2311 1714 2343 44.

1013 2358 1119 2398 Schef.
1161 2359 1340 2401 Exempla,
1363 2359 1423 2392 ubi
1443 2360 1548 2392 ποι-υἰέ
1562 2369 1640 2392 cum
1660 2369 1716 2392 ac-

1013 2411 1170 2443 cusativo
1189 2420 1269 2443 casu
1291 2410 1512 2451 construitur,
1532 2408 1647 2442 adfert
1662 2409 1716 2442 Fi-

1013 2460 1116 2492 lesac.
1133 2460 1260 2492 Select.
1277 2459 1334 2492 lib.
1354 2469 1380 2492 1.
1406 2469 1484 2500 cap.
1500 2461 1552 2492 17.
1576 2468 1612 2501 p.
1633 2461 1713 2491 229.

1013 2510 1134 2542 Barth.
1149 2509 1241 2542 Adv.
1257 2518 1324 2543 vn.
1342 2511 1393 2542 14.
1409 2514 1445 2542 et
1461 2517 1559 2541 xuv.
1572 2511 1624 2541 10.
1667 2509 1716 2541 Et

1012 2560 1141 2592 Sereno
1156 2559 1372 2592 Sammonico
1393 2569 1424 2592 c.
1434 2561 1489 2591 47.
1510 2559 1521 2576 ⁸
1533 2559 1644 2592 Quem
1655 2567 1716 2591 no·

1014 2609 1087 2642 cuit
1112 2609 1276 2651 serpeus,’
1299 2609 1452 2641 vindicat
1471 2609 1714 2642 Keucheniuse

1014 2659 1075 2691 sed
1103 2669 1168 2701 ego
1193 2669 1269 2691 cuin
1298 2656 1472 2691 Scheffero
1494 2657 1606 2699 facio;
1635 2668 1714 2691 nam

1011 2710 1114 2741 necuit
1129 2709 1208 2741 olim
1235 2709 1362 2741 dixisse
1387 2713 1521 2741 veteres
1536 2708 1715 2742 Gramma-

1013 2760 1075 2792 tici
1098 2764 1279 2792 testantur.
1323 2759 1401 2791 vid.
1418 2760 1518 2792 Voss.
1545 2760 1588 2792 de
1611 2758 1713 2792 Anal.

1014 2820 1070 2845 ιιι.
1082 2813 1138 2844 20.
1155 2809 1215 2855 qu'i
1227 2813 1264 2844 et
1283 2809 1327 2843 de
1346 2810 1483 2844 Constr.
1501 2819 1526 2844 1.
1542 2813 1596 2844 21.
1609 2810 1714 2844 noctiis
