1806 3236
363 200 562 238 PHAED'RI
598 201 704 235 aas.
736 198 1041 233 AEsormauM
1078 199 1173 232 ms.
1206 199 1282 232 ιιι.
1316 188 1386 231 10.

138 302 212 345 §.L
234 299 280 334 Ι).
295 297 341 333 ad
354 299 379 333 l.
389 299 462 335 Jul.
477 299 522 333 de
535 298 645 332 adult.
669 298 742 332 Rit.

146 354 218 386 „a
237 351 422 385 Doliturum
434 351 573 394 amanti]
610 351 779 384 Dolorem
794 349 842 382 al-

127 403 280 437 laturum
297 406 443 445 propter
453 411 605 434 amorem
628 401 754 434 marito
775 399 843 442 sig-

128 452 197 487 nif:
231 452 422 487 ahman-am
433 452 627 486 imitatione
637 452 791 486 Terentii
805 454 843 485 et

129 504 250 539 Plauti
264 504 316 538 sic
340 508 500 546 usurpat,
525 504 585 547 qui
610 504 783 547 posterior
807 503 844 537 in

130 559 235 601 cnpt.
249 567 277 591 ι.
294 567 344 590 sc.
358 559 391 590 2.
401 557 412 575 ‘
421 557 518 590 Huic
533 557 620 590 illud
632 557 740 600 dolet,
753 557 845 592 Quia

127 615 221 643 nnnc
235 608 398 642 remissus
414 612 468 641 est
493 608 620 642 edendi
644 607 845 643 exercitus)

173 715 217 745 10
241 711 405 755 Incensroe]
427 711 627 755 Eleganter,
638 711 682 745 ad
694 710 847 745 indican-

129 763 210 797 dam
255 763 317 796 iroe
362 762 635 796 vehementiam.
702 763 843 796 Terent.

130 815 271 848 Phorm.
286 817 356 848 aet.
372 823 398 847 1.
414 822 464 847 sc.
476 815 510 846 4.
536 813 548 832 ‘
558 814 770 856 Loquarne?
792 814 843 847 in-

130 866 304 900 cendam?
326 865 483 898 taceam?
500 865 663 907 instigem
676 863 701 897 ?'
724 865 845 897 Dona·

130 921 209 950 tuat
231 916 243 936 ‘
256 915 467 956 Incendam;
489 914 570 958 qnia
593 914 774 948 iracundia
795 915 846 957 ig·

129 967 274 1002 niteat:
297 966 407 1007 Sches.

143 1038 146 1042 ·
176 1020 327 1053 Ince-m
339 1018 410 1061 iae]
443 1018 567 1052 Malim
591 1018 665 1055 illo.-
689 1018 738 1052 sic
767 1028 847 1051 cum

131 1070 370 1114 superioribus
392 1070 516 1104 melius
529 1070 643 1103 omnia
658 1070 847 1104 cohaerent.

133 1121 222 1156 aaa.
245 1143 248 1147 ·
320 1140 324 1143 -

149 1188 153 1191 ·
177 1176 222 1208 19
243 1173 417 1208 matt
428 1174 493 1208 iter
504 1174 549 1207 ad
558 1174 687 1216 villam]
696 1173 847 1206 Vidend.

132 1225 368 1269 lumb-Miles.
383 1233 438 1258 rx.
460 1225 542 1266 Rig.
623 1233 627 1238 ·

144 1294 152 1299 ·
173 1280 219 1311 8ss
232 1276 396 1319 Subsedit]
419 1276 602 1319 Substitit,
612 1280 848 1310 commoratus

131 1333 198 1364 est.
209 1328 285 1363 Cic.
299 1329 368 1371 Ep.
383 1327 459 1362 Att.
473 1338 524 1361 vs.
540 1331 594 1362 16.
608 1329 619 1347 ‘
633 1327 759 1372 Itaque
771 1328 847 1361 sub-

131 1379 207 1414 sedi
223 1380 258 1413 in
274 1380 354 1423 ipsa
368 1380 438 1422 via,
450 1380 532 1413 dum
546 1381 625 1414 haec
647 1381 847 1414 summatim

131 1431 195 1465 tibi
211 1430 493 1475 perscriberem!
515 1432 585 1464 Sed
601 1432 657 1465 hic
670 1442 739 1465 non
755 1441 848 1465 eom-

131 1483 360 1516 morationem
371 1482 577 1525 simplicem,
600 1483 660 1516 sed
673 1493 750 1524 quae
767 1483 848 1516 insi-

133 1534 269 1569 diarum
283 1544 407 1567 caussa
420 1533 628 1576 instituitur,
649 1535 848 1577 intelligere

134 1584 319 1618 debemus:
344 1584 516 1627 quomodo
531 1585 767 1618 in‘veuatione
780 1585 850 1618 sub-

131 1637 249 1677 sideat,
273 1635 367 1668 unde
390 1639 574 1669 venatores
599 1635 665 1679 ipsi
687 1635 850 1669 ‘Subses-

134 1687 258 1730 sores:
281 1691 320 1721 ut
334 1686 453 1720 notavi
468 1687 512 1720 ad
530 1687 675 1720 Petron.
695 1697 773 1730 cap.
790 1696 849 1720 xx„

133 1739 209 1774 Aut
222 1738 397 1782 quomodo
411 1738 448 1771 in
458 1738 582 1771 militia
596 1737 744 1772 faciunt.
766 1739 850 1772 Am-

134 1786 270 1825 mianus'
295 1790 358 1823 lib.
381 1797 492 1823 xxrv.
523 1789 753 1823 ‘Subsedisse
779 1799 851 1822 ma-

134 1845 218 1877 num
234 1841 485 1876 insidiatricem
510 1840 690 1875 latenter!
733 1841 852 1874 Livius

135 1895 198 1927 lib.
213 1903 240 1928 ι.
272 1894 284 1914 ⁴
295 1893 440 1926 Partem
456 1892 604 1926 rnilitum
619 1892 800 1926 subsidere
815 1892 850 1925 in

134 1944 268 1979 insidiis
279 1943 406 1987 jussit!
428 1943 538 1983 Sches.
581 1943 673 1976 Vide
695 1943 792 1977 Serv.
808 1943 851 1976 ad

137 1995 261 2038 virgil.
276 1995 351 2028 AEn.
365 2003 402 2027 v.
417 1996 496 2026 498.
511 1997 549 2026 et
564 2002 606 2025 11.
623 1996 701 2026 268.

170 2049 324 2080 -Januum
339 2045 495 2088 Intravit]
516 2045 620 2086 Ellip.
633 2054 711 2087 pro,
725 2055 790 2087 per
799 2045 852 2087 ja-

138 2106 243 2132 nuam
269 2097 304 2129 in
320 2095 423 2129 aedes.
467 2096 653 2128 Petronius
682 2105 762 2137 cap.
779 2099 853 2128 139.

141 2151 153 2171 ‘
168 2149 298 2182 Mulier
324 2146 416 2181 haud
429 2146 563 2180 inculta
585 2146 729 2189 januam
745 2146 853 2179 intra·

140 2202 216 2236 vit!
235 2199 343 2239 &lief-
738 2219 741 2223 ι

183 2255 227 2286 22
251 2252 293 2285 In
315 2261 374 2294 qao
397 2249 550 2292 dormire]
599 2248 759 2283 Observa
785 2258 855 2282 mo-

141 2312 227 2336 rem.
270 2300 397 2334 Similis
419 2304 473 2333 est
496 2299 640 2333 historia
653 2299 854 2341 Euphratis,

141 2351 338 2387 Arandacis
351 2349 474 2394 tilii,‘a
499 2360 567 2394 quo
590 2350 744 2384 Partbiae
758 2349 856 2383 fluvi-

143 2415 183 2438 us
199 2412 324 2437 nomen
341 2402 485 2436 sumsit:
509 2411 574 2435 nec
589 2411 659 2435 non
672 2401 818 2443 Thestii,
835 2411 856 2433 a
880 2406 881 2409 ’

143 2466 212 2500 quo
241 2454 502 2489 denominatum
537 2452 666 2487 flumen
707 2453 857 2495 AEtoliae,

143 2508 286 2542 Axenus
300 2509 415 2549 antea,
431 2508 511 2549 post
525 2504 701 2539 Achelous
714 2505 857 2538 dietum.

142 2559 278 2593 Pruna.

189 2614 232 2645 23
244 2612 388 2644 AEtatem
401 2608 558 2651 adultam]
573 2606 698 2652 signif.
708 2617 771 2651 pro
785 2607 857 2642 filio

147 2662 279 2696 adulto.
302 2661 410 2702 Schqf.

171 2715 335 2747 'AEtaeem
347 2715 492 2747 adultum
508 2722 638 2746 servans
657 2710 858 2753 diligentius]

148 2765 302 2798 Adustum
342 2769 482 2806 «etatem,
531 2774 594 2807 pro
634 2763 858 2797 adolescente

148 2820 307 2860 usurpat.
365 2817 444 2850 Non
482 2820 598 2860 potest
626 2819 740 2849 autem
768 2815 858 2862 qnis-

1517 189 1607 233 515

892 305 994 340 quam
1008 295 1149 330 nimium
1164 295 1354 340 diligenter
1364 306 1503 331 suorum
1518 298 1608 333 libe·

893 357 968 380 rum
997 347 1175 380 custodire
1213 347 1439 390 pudicitiam:
1485 355 1525 384 ut
1551 337 1619 385 est-

895 398 987 442 apud
1014 399 1193 433 Plautum.
1251 398 1384 434 Κάλλας
1410 400 1608 444 δυστήρητον

894 449 955 493 ἔφυ
981 449 1099 483 παίδων
1125 449 1303 494 randena-w,
1331 452 1445 495 inquit
1471 453 1609 496 Phocy·

893 502 994 536 lides.
1037 503 1086 534 Et
1101 501 1228 536 Cicero
1241 503 1277 536 in
1292 512 1318 537 1.
1341 504 1400 538 De
1416 504 1521 539 Offic.
1535 515 1609 540 rec-

896 554 1028 587 tissime
1056 558 1188 597 monet,
1215 560 1323 598 atque
1354 556 1609 591 saluberrime:

897 606 908 625 ‘
921 605 1078 638 Maxime
1091 605 1166 638 haec
1181 609 1267 638 aetas
1299 616 1320 638 a
1344 606 1543 640 libidinibus
1555 618 1613 641 ar-

898 656 1011 690 cenda
1035 661 1100 699 est,
1120 657 1387 701 exercendaque
1414 658 1450 691 in
1480 658 1611 702 labore,

897 709 1139 752 patientiaque
1165 713 1203 742 et
1231 709 1335 742 animi
1360 714 1398 743 et
1424 711 1612 755 corporisss

895 764 961 795 ὅτε.
985 762 1059 795 Rit.

939 813 1077 847 Ser-vans
1088 813 1289 855 diligentius]
1310 813 1392 848 scil.
1408 814 1501 858 quod
1517 814 1613 847 adul·-

896 868 934 898 ta
948 869 1056 906 esset,
1070 865 1234 908 vitiisque
1261 865 1424 908 obnoxia,
1447 876 1525 909 quae
1551 867 1615 899 hie

897 917 1006 950 tacite
1030 916 1162 949 Noster
1177 916 1302 959 innuit,
1323 918 1415 960 plus,
1430 928 1534 960 quam
1549 927 1610 951 an-

896 973 968 1002 tea.
1011 968 1151 1001 &ruam
1192 977 1269 1010 pro,
1298 967 1499 1010 observans,
1529 969 1552 1002 i.
1577 978 1613 1001 e.

897 1019 1109 1053 custodiens.
1137 1019 1242 1052 Corn.
1260 1020 1356 1062 Nep.
1371 1019 1515 1051 Cimone
1530 1029 1562 1052 c.
1575 1021 1616 1054 42

897 1072 907 1090 ‘
921 1071 1115 1114 Nunquam
1140 1071 1250 1104 hortis
1291 1071 1471 1104 custodem
1490 1071 1619 1114 ‘impo2

898 1123 968 1156 suit
998 1122 1132 1155 fructus
1161 1121 1322 1155 servandi
1353 1121 1489 1164 gratia?
1549 1124 1612 1155 As·

895 1184 1024 1208 servare
1040 1174 1134 1206 dixit
1146 1173 1304 1206 Catullus
1319 1183 1349 1206 c.
1367 1175 1420 1206 1⁷.
1436 1172 1480 1205 de
1494 1174 1611 1216 puella

897 1226 1060 1269 loquens:
1085 1226 1094 1244 ‘
1110 1224 1335 1257 Asservanda
1350 1224 1544 1267 nigerrimis
1560 1225 1613 1257 di-

896 1276 1064 1319 ligentins
1077 1274 1176 1309 uvis?
1189 1275 1298 1316 Schef.
1312 1275 1460 1313 Terent.
1478 1276 1612 1310 Heaut.

896 1337 955 1361 ιιι.
970 1331 1001 1361 3.
1045 1327 1056 1346 ‘
1070 1327 1147 1360 Nisi
1163 1336 1255 1368 enm,
1269 1330 1437 1369 quantum
1452 1326 1514 1359 Dii
1529 1327 1614 1360 dant

897 1379 974 1422 opis
990 1378 1067 1421 tibi,
1081 1387 1215 1421 servas,
1227 1378 1389 1420 castigas,
1403 1378 1547 1411 mones.’
1565 1379 1615 1412 Et

897 1433 1000 1476 paulo
1017 1435 1119 1474 post:
1143 1430 1284 1474 ‘Atque
1308 1440 1411 1472 nunc,
1435 1430 1531 1472 here,
1556 1431 1614 1464 hic

897 1485 962 1518 tibi
974 1483 1201 1517 asservandus
1227 1483 1304 1516 este
1348 1483 1418 1516 Ubi
1444 1483 1551 1516 etiam
1565 1484 1615 1515 vi-

898 1535 1002 1568 detur
1014 1534 1129 1567 Poeta
1142 1535 1340 1577 respexisse
1367 1533 1411 1566 ad
1428 1543 1558 1567 morem
1576 1534 1615 1566 il·-

896 1587 982 1628 lum,
994 1596 1061 1630 quo
1086 1586 1162 1619 sine
1191 1585 1396 1628 paedagogis
1426 1589 1463 1618 et
1491 1586 1615 1628 magis-

899 1637 961 1670 tris
973 1637 1227 1679 adolescentes,
1241 1637 1275 1669 iu
1292 1636 1384 1669 viros
1400 1637 1616 1679 transcripti,

901 1688 1075 1722 vivebant.
1118 1688 1218 1721 Dicit
1241 1688 1333 1721 enim
1347 1688 1475 1731 Syrus:
1502 1688 1618 1721 ‘Nam'

899 1740 987 1773 mihi
1005 1740 1080 1783 jam
1096 1740 1208 1772 minus
1229 1733 1410 1783 minusque
1434 1739 1615 1782 obtempe-

901 1791 977 1825 rat!
1034 1792 1201 1825 Ceterum
1228 1792 1319 1825 hanc
1345 1795 1460 1824 mater
1496 1801 1616 1825 curam

901 1845 1079 1887 praecipue
1095 1845 1237 1888 agebat,
1263 1854 1307 1877 ne
1333 1848 1616 1888 corrumperetur

901 1908 922 1930 a
937 1897 1139 1939 libidinosis,
1152 1907 1196 1930 ne
1211 1897 1286 1940 quis
1302 1897 1479 1939 praedator
1493 1908 1616 1940 corpo-

901 1950 949 1983 ris
973 1949 1232 1982 admitteretur.
1289 1949 1370 1982 vid.
1402 1949 1446 1981 ad
1471 1949 1626 1984 Petron..

902 2009 1044 2034 mcxxv.
1069 2004 1106 2033 et
1134 2000 1304 2035 Quinctil.
1332 2000 1420 2033 Inst.
1437 2009 1461 2033 1.
1477 2003 1509 2033 2.
1527 2000 1617 2033 Bur-

901 2062 1009 2085 mann.

946 2106 989 2136 24
1013 2103 1104 2135 Dum
1118 2106 1263 2146 quarunt
1275 2103 1393 2145 lumen]
1406 2103 1617 2137 Persuasum

902 2155 986 2188 mihi
1000 2158 1069 2197 est,
1081 2155 1189 2187 multa
1201 2154 1390 2188 Phaedrum
1407 2155 1442 2187 in
1456 2155 1521 2188 hac
1535 2165 1617 2188 nar-

903 2206 1038 2239 ratione
1054 2205 1274 2238 transtulisse
1290 2214 1333 2237 ex
1347 2205 1453 2238 Ovid.
1467 2206 1560 2238 Fast.
1573 2215 1616 2239 ιι.

903 2259 980 2291 547.
1001 2260 1038 2289 et
1054 2265 1127 2299 seq.
1173 2255 1266 2297 Lege
1293 2260 1330 2289 et
1355 2255 1479 2289 confer
1493 2257 1624 2290 utrius-

904 2318 971 2352 que
986 2307 1108 2340 Poetae
1124 2306 1230 2340 verba
1250 2311 1286 2340 et
1316 2307 1441 2340 seriem
1456 2308 1520 2351 rei,
1547 2308 1617 2341 lec-

905 2364 971 2393 tor.
994 2360 1111 2392 Burm.

951 2410 1164 2452 Concursant]
1199 2409 1258 2443 Sic
1283 2410 1415 2454 priores
1444 2410 1619 2445 editiones

904 2463 1067 2505 habuere,
1096 2462 1191 2506 quod
1203 2472 1271 2494 non
1287 2461 1353 2494 fuit
1368 2462 1622 2495 immutandum-

906 2515 942 2548 in
956 2517 1130 2554 concursat,
1157 2513 1306 2546 maxime
1336 2522 1414 2545 cum
1440 2512 1626 2558 praecedat*

906 2570 1063 2609 quamam,
1089 2569 1126 2598 et
1144 2564 1276 2604 familia
1295 2573 1420 2596 nomen
1436 2564 1496 2605 sit,
1525 2563 1623 2605 quod

907 2617 1034 2650 multos
1050 2617 1182 2648 innuat.
1215 2614 1318 2647 Adde
1335 2613 1489 2646 nobiliss.
1507 2613 1620 2646 Hein-

908 2665 994 2700 sium
1011 2667 1055 2699 ad
1072 2665 1178 2699 Ovid.
1194 2666 1285 2698 Met.
1302 2673 1343 2697 ιι.
1357 2675 1408 2698 vs.
1423 2667 1500 2697 688.
1512 2663 1619 2703 Senes.

908 2718 1052 2753 Quinct.
1069 2718 1169 2749 Decl.
1183 2719 1235 2748 ll.
1257 2716 1268 2735 ‘
1281 2716 1466 2749 Concurrit
1476 2714 1627 2758 familia,

909 2780 976 2813 quo
1004 2770 1169 2802 sollicitos
1192 2773 1295 2812 atque
1326 2767 1631 2811 trepidantem&

909 2821 1011 2854 nebat
1028 2819 1215 2863 strepitus.'
