1806 3236
229 241 316 283 750
551 247 812 294 ascensus
847 247 1130 281 nm'rionum
1165 246 1378 280 PHAEDm.

303 609 544 651 NOTITIAE
571 607 871 650 LITERARIAE
896 609 968 648 ET
998 610 1260 650 RECENSUI
1289 610 1606 654 EDITIONUM

604 708 880 743 BlPONTINo
904 706 1311 764 ADDITAMENTUM.
1337 752 1353 759 „
1393 697 1395 699 ’

286 946 440 991 le'r
463 949 560 1005 jam
579 948 741 991 Lector
774 948 885 1004 quid
915 948 998 992 viri
1027 948 1151 991 docti
1181 945 1375 989 dixerint
1403 944 1458 988 de
1478 944 1686 989 Phaedro

233 1016 352 1070 ipso,
371 1020 415 1059 et
435 1017 490 1059 de
510 1017 697 1068 fabuliS,
719 1020 811 1059 tam
830 1018 887 1060 ab
907 1030 962 1059 eo
989 1029 1143 1060 revera
1177 1014 1455 1069 compositiS‚
1482 1027 1613 1069 quam
1642 1014 1685 1057 ei

228 1084 346 1126 falso
378 1085 605 1140 ascriptis.
664 1084 795 1127 Vidit
824 1083 958 1128 etiam
979 1084 1085 1141 quid
1111 1084 1165 1126 de
1188 1083 1424 1126 codicibus
1446 1082 1562 1124 Mss.
1581 1082 1684 1124 dix-

228 1151 352 1202 erint,
364 1156 409 1193 et
420 1164 553 1206 quam
571 1165 724 1206 parvae
736 1151 903 1194 fuerint
914 1163 1085 1195 messes
1099 1165 1200 1206 quae
1220 1164 1280 1194 ex
1292 1150 1575 1194 bibliothecis
1587 1163 1686 1205 per-

227 1219 391 1272 egrinis
407 1220 598 1262 succisae
617 1224 738 1262 sunt.
799 1219 872 1262 Ne
889 1220 958 1263 vel
973 1220 1218 1275 spicamex
1234 1218 1503 1260 Britannicis
1522 1218 1685 1260 nostris

228 1285 464 1340 possumus
498 1291 737 1342 reportare.
760 1306 765 1318 2
798 1287 854 1329 In
872 1285 1018 1328 ,Musei
1053 1285 1289 1328 Britannici
1322 1286 1683 1336 collectionibuS,

227 1354 272 1395 in
305 1351 597 1396 oxoniensibus
628 1358 672 1396 et
708 1353 1142 1412 Cantabrigiensibus,
1165 1358 1242 1397 aut
1275 1355 1322 1396 in
1360 1354 1462 1396 aliis
1479 1354 1690 1409 publicis.

228 1421 472 1465 Britanniae
502 1422 800 1475 bibliothecis,
830 1437 887 1466 ne
914 1424 985 1467 vel
1016 1436 1150 1466 unum
1176 1423 1375 1465 codicem
1414 1422 1680 1473 invenimus,

226 1502 310 1531 nec
344 1489 400 1532 de
430 1490 525 1533 ullo
554 1490 719 1532 editore
754 1491 832 1546 qui
857 1491 903 1533 in
934 1490 992 1533 iis
1024 1490 1205 1539 Phaedri
1238 1489 1331 1532 Ms.
1365 1489 1526 1532 viderit
1557 1489 1685 1532 audi-

225 1557 389 1600 vimus.
463 1556 651 1599 Nullum
698 1557 898 1600 codicem
949 1558 1153 1600 extitisse
1204 1557 1502 1611 Cantabrigiae
1541 1556 1677 1599 facile

226 1625 377 1667 credet
421 1623 595 1676 Lector,
645 1625 723 1680 qui
778 1625 1027 1668 meminerit
1073 1626 1129 1667 cl.
1173 1624 1230 1668 R.
1259 1625 1526 1676 Bentleium,
1576 1637 1681 1667 cum

225 1692 423 1734 Terentii
444 1692 719 1744 Comoedias,
740 1693 923 1736 Phaedri
954 1693 1169 1745 Fabulas,
1200 1698 1246 1736 et
1279 1693 1432 1736 Publii
1451 1692 1555 1748 Syri
1575 1692 1687 1735 Sen-

227 1761 392 1802 tentias
424 1760 583 1813 eodem
620 1761 844 1803 volumine
883 1766 1148 1816 compactas
1190 1760 1383 1803 editurus
1417 1763 1525 1811 erat,
1561 1759 1687 1815 apud

227 1826 560 1882 Cantabrigiam
581 1831 893 1870 commoratum
914 1841 1027 1879 esse,
1049 1831 1106 1879 et,
1128 1827 1333 1882 quamvis
1353 1827 1577 1869 variantes
1594 1827 1684 1870 lec—

226 1895 374 1938 tiones
394 1895 439 1936 in
458 1895 712 1938 Terentium
732 1899 776 1938 et
790 1895 998 1939 Publium
1018 1895 1179 1951 Syrum
1199 1895 1498 1950 descripserit,
1513 1894 1680 1937 nullam

227 1964 274 2005 in
294 1976 430 2018 opere
451 1976 535 2006 suo
566 1963 831 2006 mentionem
853 1964 908 2006 de
930 1964 1092 2007 codice·
1109 1963 1201 2006 ullo
1220 1962 1488 2005 Phaedri‘ibi
1507 1964 1687 2004 servato‘

225 2031 400 2074 fecisse.
459 2031 518 2073 Et
537 2031 576 2073 si
615 2032 661 2073 in
684 2032 776 2073 ulla
804 2031 896 2073 alia
925 2032 1104 2087 publica
1130 2030 1397 2073 bibliotheca
1428 2029 1686 2072 Britannica

226 2099 330 2142 talis
359 2098 508 2141 codex
520 2098 680 2141 summi
702 2099 784 2141 viri
803 2099 924 2141 illius
940 2102 1139 2153 tempore
1151 2097 1366 2148 latuisset,
1382 2095 1681 2151 proculdubio

227 2167 292 2209 sic
313 2170 557 2222 occupatus
588 2179 689 2208 eum
718 2180 777 2209 ex
797 2167 988 2210 tenebris
1021 2168 1347 2221 recuperasset,
1373 2169 1420 2207 et
1445 2178 1527 2219 pro
1560 2177 1683 2207 more

227 2248 308 2276 suo
331 2234 656 2289 descripsisset.

284 2302 419 2353 Haec,
437 2303 584 2356 igitur,
604 2314 703 2344 cum
732 2301 797 2344 ita
826 2302 932 2353 sint,
953 2296 1071 2357 q‘uod
1092 2314 1329 2358 possumus
1348 2301 1550 2344 facimus.
1609 2301 1683 2344 Ne

226 2370 325 2412 haec
354 2370 425 2413 vel
450 2381 639 2425 sequens
669 2369 834 2423 pagina
860 2370 920 2411 sit
945 2369 1097 2411 tabula
1127 2369 1302 2411 omnino
1333 2380 1451 2419 rasa,
1469 2381 1607 2411 unum
1637 2374 1683 2412 et

229 2438 417 2480 alterum
433 2438 593 2480 librum
608 2436 935 2479 indicabimus
923 2450 1182 2492 1mpressum
1199 2436 1275 2492 qui
1289 2437 1363 2480 vel
1380 2439 1509 2478 notas
1527 2436 1683 2480 breves

228 2505 299 2547 vel
314 2505 538 2548 variantes
557 2505 772 2547 lectiones
791 2503 906 2546 Mss,
928 2505 1168 2547 exhibent.

286 2573 342 2614 In
364 2571 565 2614 Bibliotle.
589 2571 714 2614 Bodl.
735 2572 856 2627 apud
874 2572 1171 2622 Oxonienses,
1190 2571 1302 2612 inter
1322 2569 1451 2612 codd.
1474 2569 1532 2612 D’
1535 2570 1680 2613 Orvil-·-

227 2640 372 2683 lianos
395 2651 446 2682 X.
467 2641 511 2683 2.
538 2640 651 2682 infra
668 2641 710 2682 2.
728 2640 769 2682 3.
793 2640 904 2682 liber
933 2639 1192 2693 impressus,
1224 2639 1448 2680 continens
1474 2641 1603 2680 notas
1635 2641 1680 2680 et

228 2708 376 2750 varias
394 2708 545 2750 lectt.
533 2721 578 2749 1n
598 2706 763 2749 Poetas
783 2707 985 2759 Latinos,
1012 2718 1181 2761 paucas
1211 2705 1375 2748 habet
1363 2718 1407 2747 in
1426 2704 1679 2758 Phaedrum,

230 2774 333 2818 edit.
353 2775 503 2818 Plant.
526 2774 650 2818 1610.
672 2788 752 2830 pp.
771 2775 815 2818 2.
832 2779 879 2816 et
894 2774 937 2816 3.
1257 2783 1262 2787 ’
