1806 3236
252 211 340 253 704
715 221 926 254 ΝοτιτιΑ
960 222 1243 255 mmmmm

255 323 320 361 vix
348 320 553 375 quisquam
578 327 860 363 commemorat
886 322 1109 372 Phaedrum,
1128 329 1271 377 praeter
1298 321 1519 362 Martialem
1546 331 1619 362 111.
1648 327 1713 365 20.

254 392 296 426 et
328 386 522 426 Aviauum
548 387 706 426 Praefat.
729 387 779 427 ad
813 401 904 427 suas
938 387 1111 428 fabulas.
1169 386 1374 427 Pkaedrm
1396 387 1520 434 dicas,
1538 386 1715 439 arx-quod

253 450 391 491 Gudio
422 452 544 503 magis
571 452 714 504 placet,
737 450 923 501 Phaeder,
944 453 1095 492 ciccum
1114 465 1191 492 non
1210 451 1443 492 interduim:
1472 465 1566 491 usus
1584 457 1716 490 tamen

253 521 294 555 et
317 516 466 555 aurium
486 529 623 556 sensus
649 516 770 567 magis
795 516 884 564 fert,
906 523 949 556 ut
968 517 1172 557 Pkaedrus
1198 516 1367 556 dicatur.
1425 515 1564 569 Neque
1592 515 1632 554 id
1653 528 1718 554 ve-

254 587 379 620 terum
400 581 673 620 consuetudini
692 581 913 627 adversum,
934 581 1034 621 sicut
1053 589 1094 621 et
1113 587 1124 604 ⁸
1136 582 1319 621 Teucrus
1338 579 1551 620 Evandrus'
1571 578 1718 620 dicitur

254 658 278 685 a
296 646 503 693 veteribus,
521 652 532 668 ‘
547 646 790 686 Periandrus'
815 646 920 698 apud
945 646 1189 686 Scholiasten
1210 645 1435 685 Germanici
1453 657 1541 696 pag.
1563 651 1580 684 .1
1595 651 1658 685 14.
1677 651 1719 684 et

251 710 357 762 apud
379 710 621 762 Propertium
650 715 661 732 ‘
677 711 795 751 docte
815 711 1058 759 Menandre,'
1083 718 1123 751 et
1144 716 1156 733 ‘
1169 707 1423 752 Menandrus’
1441 711 1552 763 apud>
1566 710 1715 750 Philas-

253 774 369 814 trium
390 788 483 828 cap.
506 781 571 815 30.
601 788 647 814 ne
675 776 834 815 afferam
854 776 942 823 alia,
963 782 1099 816 notata
1118 778 1256 816 Isaaco
1274 778 1493 830 Verb-urgio
1513 777 1565 816 ad
1584 774 1719 815 Ovidii

252 838 372 878 Trist.
392 850 445 879 11.
462 837 556 886 369.
578 853 614 878 v.
633 847 674 879 et
693 840 940 892 Dausquium
960 841 1146 893 Ortliogr.
1162 842 1280 880 Tom.
1302 854 1333 882 1.
1354 838 1447 895 pag.
1469 848 1509 882 2.
1531 839 1717 880 Munker.

253 903 358 942 Diss.
378 902 428 943 de
444 904 601 957 Hygino
619 918 710 958 pag.
732 912 799 947 31.
819 908 896 944 &c.
946 907 1006 945 De
1021 906 1105 945 aliis
1125 906 1313 954 Pliaedris‚
1334 913 1374 947 et
1392 905 1457 946 illo
1474 904 1662 952 Platonis,
1675 910 1719 944 et

252 968 373 1008 altero
397 969 626 1009 Atheniensi
651 970 858 1022 Epicureo,
879 970 961 1010 dixi
986 971 1071 1011 Lib.
1103 982 1176 1011 111.
1207 972 1309 1012 Bibl.
1330 973 1487 1012 Graecae
1505 983 1595 1023 cap.
1620 977 1655 1011 1.
1674 969 1714 1020 §-

255 1039 318 1074 12.
338 1038 378 1072 et
396 1046 487 1085 cap.
509 1039 573 1075 33.
594 1047 686 1087 pag.
706 1041 796 1075 814.
834 1035 895 1073 De
913 1035 1068 1074 Thoma
1088 1036 1269 1084 Phaedro,
1281 1037 1497 1077 recentiore
1512 1029 1718 1088 scriptore,

252 1097 395 1137 Baelius
410 1097 449 1136 in
469 1099 630 1138 Lexico.
685 1099 877 1139 Thracem
897 1099 1013 1138 fuisse
1031 1099 1251 1148 Phaedrum,
1271 1106 1388 1153 negat
1407 1101 1629 1147 Deniseus:
1651 1098 1720 1151 qui

252 1162 415 1201 Gallicis
436 1164 612 1202 versibus
632 1163 716 1215 ejus
734 1163 887 1202 fabulas
906 1163 1104 1204 reddidit:
1134 1164 1204 1204 sed
1220 1172 1335 1217 negat
1353 1165 1433 1205 sine
1452 1177 1582 1217 causa.
1612 1165 1717 1204 Nam

251 1225 442 1265 Phaedrus
462 1227 545 1279 ipse
564 1227 707 1267 diserte
727 1228 864 1273 scribit
884 1228 924 1267 in
953 1228 1078 1268 Pierio
1098 1243 1138 1268 se
1157 1235 1292 1269 natum
1305 1230 1407 1281 jugo
1425 1243 1524 1276 esse,
1541 1235 1583 1269 et
1602 1234 1716 1281 turpe

251 1289 364 1329 ducit
392 1291 589 1331 Threissae
619 1293 745 1345 gentis
777 1293 916 1344 patriae
945 1293 1066 1334 decus
1097 1295 1209 1334 inerti
1237 1308 1376 1334 somno
1404 1294 1598 1343 deserere,
1625 1306 1717 1332 cum

250 1360 428 1394 auctores
447 1355 511 1394 illa
529 1362 706 1396 numeret
730 1357 927 1408 Apolline¹
945 1364 986 1397 et
1016 1359 1133 1397 Musa
1161 1358 1391 1410 parentibus
1417 1358 1557 1406 editos,
1577 1357 1716 1397 Linum

250 1424 371 1471 atque
400 1420 620 1472 Orpheum.
678 1422 754 1477 Pro
782 1421 941 1476 Thrace
964 1421 1003 1461 in
1030 1422 1199 1474 antiquis
1220 1422 1564 1475 Inscriptiouibus,
1583 1427 1625 1462 et
1642 1422 1719 1461 Co-

246 1483 419 1532 dicibus,
440 1485 680 1538 quaudoque
698 1476 870 1526 occurrit
888 1486 1031 1533 Thres,
1064 1487 1185 1526 veluti
1213 1487 1362 1527 Threx.
1402 1487 1529 1540 Θρήἳξ,
1550 1481 1593 1526 ut
1610 1478 1719 1539 apud

251 1549 470 1589 Gruterum
490 1563 582 1603 pag.
602 1555 696 1599 955.
727 1556 765 1589 4.
796 1556 893 1589 ‘nec
919 1550 1046 1589 minus
1063 1551 1212 1598 Threx,
1233 1557 1275 1590 ut
1294 1551 1463 1591 malebat
1481 1549 1531 1590 de
1549 1539 1720 1591 Phaedr‘o

251 1612 333 1653 dici
362 1614 534 1655 Gudius.
590 1615 679 1655 Vid.
701 1615 960 1655 Burmannum
981 1616 1031 1656 ad
1061 1617 1284 1656 Petronium
1303 1630 1398 1670 pag.
1418 1623 1512 1658 225.
1561 1616 1645 1656 Usu
1664 1622 1721 1674 ta-

250 1691 339 1718 men
367 1686 406 1719 et
435 1678 585 1719 aurium
618 1680 903 1729 consuetudine
935 1681 1067 1720 Thrax
1102 1682 1223 1733 magis
1253 1682 1454 1733 probatur.
1509 1680 1719 1721 Phaedrum

250 1750 380 1784 autem
401 1745 501 1785 inter
519 1746 695 1798 captivos
717 1747 882 1784 Romam
904 1745 1024 1785 fuisse
1042 1745 1260 1785 abductum
1274 1747 1292 1764 ²
1310 1752 1420 1794 tunc,
1434 1759 1526 1785 cum
1542 1746 1718 1786 Thraces

251 1822 396 1861 magno
426 1810 560 1862 praelio
593 1809 669 1848 fusi
691 1816 834 1856 essent,
865 1810 944 1849 vid.
976 1811 1137 1849 Sueton.
1167 1824 1256 1862 cap.
1275 1817 1313 1851 3.
1356 1813 1524 1863 August.
1552 1824 1631 1850 non
1659 1817 1721 1850 est

244 1873 402 1925 'oppido
428 1874 646 1921 verisimile,
669 1874 851 1926 quoniam
881 1874 982 1914 inter
1005 1872 1193 1926 Caligulae
1222 1875 1424 1927 imperium
1449 1880 1491 1914 et
1509 1875 1604 1914 illud
1626 1881 1721 1914 tem-

251 1949 341 1990 pu8‚
364 1953 444 1991 quo
477 1952 556 1978 non
579 1943 794 1992 Augustus,
815 1939 884 1979 sed
910 1947 1002 1979 ante
1027 1939 1115 1990 ejus
1142 1939 1406 1992 principatum
1427 1939 1620 1980 Octavius
1641 1940 1721 1978 Au·

252 2004 356 2055 gusti
375 2010 489 2056 pater
506 2005 680 2044 Thraces
701 2004 818 2050 fudit,
838 2004 1094 2044 intercedunt
1109 2005 1195 2056 plus
1211 2017 1328 2056 quam
1350 2004 1598 2056 septuaginta
1615 2002 1720 2043 anni.

252 2069 329 2108 Per
348 2069 516 2122 hydrum
537 2083 560 2108 a
585 2069 754 2109 Phaedro
780 2069 907 2109 notari
935 2070 1072 2108 Caium
1099 2068 1329 2121 Caligulam,
1355 2068 1404 2108 de
1433 2082 1513 2120 quo
1538 2059 1720 2108 Tiberius

252 2133 359 2184 apud
382 2135 543 2174 Sueton.
565 2148 653 2186 cap.
677 2141 739 2174 11.
761 2135 886 2186 Calig.
905 2134 1152 2187 praedicavit,
1173 2140 1185 2156 ‘
1201 2149 1244 2174 se
1264 2134 1454 2174 natricem
1468 2134 1618 2186 populo
1637 2134 1718 2172 Ro-

232 2198 381 2246 'mano,
404 2199 684 2252 Phaethontem
718 2200 804 2238 orbi
832 2206 1022 2239 terrarum
1050 2199 1246 2248 educare‚’
1274 2198 1411 2238 Gudio
1442 2205 1482 2237 et
1511 2198 1716 2238 Tristano³

252 2262 464 2302 assentitur
478 2263 582 2303 idem
604 2265 849 2303 Burmannus
868 2263 918 2303 ad
938 2264 1094 2303 Petron.
1116 2277 1207 2317 pag.
1227 2270 1320 2304 384.
1351 2261 1472 2314 Apud
1493 2262 1599 2302 hunc
1618 2262 1720 2302 Cali-

252 2324 381 2378 gulam
401 2327 594 2378 gratiosus
614 2326 689 2366 fuit
707 2328 927 2380 Eutychus,
943 2327 1008 2367 cui
1026 2328 1177 2367 libellos
1194 2341 1286 2366 suos
1299 2326 1491 2366 Phaedrus
1507 2320 1717 2379 inscripsit,

256 2394 300 2427 ut
318 2391 471 2430 notavit
489 2391 605 2430 etiam
621 2391 866 2431 Christianus
886 2393 1000 2431 Wase
1018 2392 1121 2432 libro
1141 2392 1190 2431 de
1210 2392 1377 2431 Senario‘
1388 2404 1478 2444 pag.
1497 2397 1563 2432 32.

921 2495 954 2526 N
956 2494 1058 2529 OTAE

302 2579 312 2596 ¹
338 2576 508 2610 Memoires
537 2579 578 2610 de
602 2578 745 2611 Trevoux
771 2582 866 2613 1708.
888 2590 960 2622 pag.
1015 2582 1063 2612 dit
1080 2582 1113 2612 in
1132 2592 1214 2613 nova
1224 2580 1340 2613 Acerra
1361 2579 1556 2623 Philologica
1574 2579 1718 2612 Hallensi

255 2625 332 2661 '‘790.
1015 2635 1110 2665 1⁷15.
1125 2635 1156 2664 8.
1168 2643 1240 2674 pag.
1254 2635 1328 2664 170.
1345 2635 1418 2664 1⁷1.

300 2679 316 2696 ²
343 2679 454 2711 Placet
466 2680 526 2712 hoc
541 2679 606 2712 viro
629 2682 764 2719 erudito,
784 2681 834 2713 M.
851 2680 962 2714 Gabri-
1060 2683 1074 2704 ³
1098 2682 1238 2713 Historia
1265 2682 1489 2724 Imperassnum
1527 2692 1546 2712 e
1572 2682 1717 2720 nummis,

259 2729 300 2760 eli
324 2729 535 2767 Schumanno,
560 2731 614 2772 qui
639 2730 898 2763 Dissertationem
922 2731 965 2762 de
1017 2731 1140 2767 Gallice
1154 2733 1296 2774 exposita
1310 2732 1398 2764 Tom·
1415 2741 1454 2763 11.
1470 2741 1540 2774 pag.
1557 2734 1643 2764 303..

258 2781 323 2812 vita
347 2786 380 2813 et
401 2782 523 2824 scriptis
544 2781 670 2815 Phaedri
690 2783 875 2816 Germanice
900 2783 965 2815 edi-
