1806 3236
178 226 266 270 360

179 332 287 372 Schts.
341 331 492 365 Similem
518 330 611 373 apud
638 330 811 364 Caesarem
841 332 886 365 de

179 384 257 418 Bel.
274 383 354 418 Gal.
381 393 407 416 1.
428 386 482 416 28.
506 382 517 402 ‘
534 382 626 425 quod
654 382 798 425 egregia
818 383 886 416 vir-

179 439 257 468 tute
284 438 385 467 erant
410 432 565 475 cogniti,'
600 434 711 467 locum
737 434 887 468 illustrat

179 486 246 519 hoc
260 486 335 518 loco
350 484 547 525 Daviesius,
560 489 597 517 et
611 495 654 517 ex
669 485 780 518 altero
793 486 889 518 Pine-

181 539 236 572 dri
251 538 312 572 lib.
327 548 362 571 v.
379 536 450 570 fab.
463 540 496 570 ⁵.
519 537 528 555 ‘
542 534 661 569 scurra
675 541 775 570 notus
789 537 889 570 urba-

181 599 227 623 no
243 588 342 628 sale),
362 589 479 621 Burm.

225 643 248 672 2
270 639 410 672 Etiamsi
420 648 526 672 verum
540 637 633 681 dicit,
648 639 770 672 amittit
778 639 890 682 fidem]

182 689 262 723 Hoc
278 689 485 722 Aristoteles
500 699 636 732 quoque
651 690 777 731 aiebat,
787 690 890 723 lucri-

182 740 300 774 facere
315 741 528 780 mendacem,
543 744 582 773 ut
597 750 642 773 ne
653 751 738 773 vera
752 741 890 784 quidem

183 793 315 826 dicenti
329 793 508 836 quisquam
521 793 654 826 credat.
678 793 763 826 Ritt.

226 844 362 877 Amittit
373 843 491 887 fidem]
535 844 625 876 Vide
642 843 826 877 Horatium
847 843 893 879 de

182 896 288 938 plano
303 905 381 927 crus
395 894 542 937 fregisse
557 894 713 937 fingenti.
746 895 893 929 Freinsh.

227 949 248 980 4
265 946 376 987 Furti]
391 947 435 978 V.
448 946 488 978 C.
505 945 646 988 Pithoei,
654 945 751 985 forti.
768 946 892 979 Heins.

185 998 273 1029 Mss.
282 997 384 1037 forte.
412 996 505 1030 Gud.

231 1047 387 1088 Crimine]
419 1047 476 1079 Ita
492 1046 613 1080 Cicero
627 1047 661 1079 in
676 1047 760 1080 Ver.
784 1047 794 1065 ‘
813 1047 905 1080 Non.

185 1100 288 1132 modo
314 1103 351 1132 te
374 1100 440 1132 hoc
466 1099 608 1132 crimine
622 1101 749 1141 arguo?
792 1098 894 1132 Adde

188 1151 325 1183 Cornel.
340 1151 432 1192 Nep.
448 1151 600 1182 Pausau.
615 1160 645 1182 c.
657 1152 688 1182 3.
711 1149 818 1189 Schef.

229 1206 249 1234 5
291 1202 401 1244 Culpoe
427 1201 622 1243 proximam]
665 1201 749 1239 Pro,
784 1200 894 1243 culpae

187 1252 428 1295 propinquam,
449 1252 471 1284 i.
487 1262 517 1285 e.
543 1261 649 1284 ream.
696 1251 820 1283 Cicero
845 1251 894 1284 sic

186 1306 197 1324 ⁴
216 1303 351 1337 affinem
367 1303 489 1345 culpae'
512 1303 641 1344 posuit,
663 1307 702 1334 ut
719 1302 807 1334 bene
822 1302 898 1334 Rit-

188 1355 376 1389 tershusius
405 1354 552 1387 notavit.
610 1354 799 1386 Proximum
832 1362 896 1396 pro

188 1406 383 1450 propinquo
423 1406 528 1438 habes
561 1415 654 1447 saepe
693 1405 789 1438 alias.
846 1405 898 1438 Ut

190 1458 281 1500 apud
297 1457 484 1499 Apuleium
501 1455 651 1498 Apolog.
668 1459 699 1488 1.
715 1456 726 1475 ‘
744 1456 898 1498 Respon-

190 1510 275 1542 deat
300 1508 385 1541 mihi
409 1507 621 1549 AEmilianus,
645 1517 714 1550 quo
740 1507 898 1549 proximo

189 1560 291 1602 signo
307 1559 351 1592 ad
375 1558 607 1591 accusandum
632 1558 755 1600 magiae
779 1558 825 1591 sit
846 1559 899 1591 in-

190 1609 340 1644 ductus.¹
385 1610 455 1643 Hic
477 1610 660 1653 proximum
671 1610 810 1652 signum,
829 1621 900 1644 ma-

190 1661 314 1694 nifeste
328 1662 556 1704 propinquum
571 1665 638 1694 est.
693 1662 804 1695 Porro
825 1672 902 1705 pro-

167 1740 172 1745 ,
186 1713 339 1755 pinquum
353 1713 414 1754 rei,
424 1712 517 1755 quod
531 1712 686 1754 ejusdem
699 1717 751 1746 est
764 1723 842 1746 cum
858 1722 902 1746 ea

190 1763 327 1796 indolis.
371 1763 430 1795 Sic
451 1763 462 1781 ‘
477 1763 672 1805 propinqua
692 1772 770 1805 pars
785 1763 901 1795 amici-

191 1815 262 1847 tiae’
299 1813 391 1856 apud
419 1812 619 1845 Terentium
647 1813 683 1845 in
716 1813 846 1846 Heaut.
874 1823 900 1847 1.

192 1875 240 1899 sc.
257 1868 287 1899 1.
309 1865 319 1882 ‘
335 1864 391 1896 vel
405 1863 515 1897 virtus
531 1867 605 1905 tua,
620 1873 687 1907 me,
713 1865 768 1897 vel
781 1864 902 1897 vicini-

192 1921 259 1958 tas,
286 1915 387 1950 Quod
419 1925 482 1958 ego
515 1915 549 1948 in
578 1916 776 1960 propinqua
800 1920 900 1958 parte

193 1965 353 1999 amicitiae
369 1969 468 2008 puto,
481 1965 589 1999 facit!
642 1967 769 2000 Mallet
785 1971 900 1999 tamen

195 2017 372 2059 Heinsius,
402 2019 501 2060 σαίρω
537 2017 716 2059 obnoxiam,
753 2018 798 2051 de
833 2027 901 2060 quo

194 2069 275 2101 vide
293 2068 508 2111 politissimas
534 2069 610 2111 ejus
637 2073 735 2102 notas
760 2068 804 2101 ad
820 2068 903 2102 Ovi-

195 2119 289 2152 dium
304 2119 348 2152 A.
362 2119 407 2152 A.
424 2129 451 2153 1.
466 2122 542 2152 ³95.
565 2120 671 2160 Schef.
708 2121 903 2154 Communis

195 2175 313 2203 tamen
328 2170 434 2203 lectio
450 2169 591 2203 defendi
607 2175 726 2214 potest
747 2182 791 2205 ex
803 2173 903 2206 Cice-

196 2231 292 2261 rone,
308 2221 367 2264 qui
382 2230 476 2263 saepe
489 2222 499 2239 ‘
517 2220 638 2253 adfinis
654 2223 787 2264 culpae'
804 2223 906 2266 dixit,

196 2276 235 2305 et
248 2273 365 2305 Valer.
380 2273 478 2304 Max.
506 2282 564 2304 111.
588 2274 621 2304 7.
645 2275 677 2306 8.
704 2273 761 2305 cni
785 2274 905 2307 similis

197 2327 252 2355 est
265 2323 394 2355 locutio
410 2322 502 2364 apud
516 2322 662 2355 eundem
676 2323 735 2356 lib.
750 2333 776 2356 1.
803 2327 833 2357 1.
849 2327 902 2357 10.

194 2374 204 2391 ‘
216 2373 368 2416 Propior
381 2373 530 2415 publicae
546 2373 712 2414 religioni,
725 2384 825 2416 quam
837 2374 905 2416 pri-

195 2428 287 2456 vatae
303 2423 487 2456 charitati!
530 2423 664 2457 Auctor
676 2425 905 2457 Declamatio-

196 2474 262 2515 nis,
276 2484 354 2517 quae
379 2474 515 2506 nomine
540 2474 693 2507 Sallustii
717 2474 752 2506 in
770 2474 905 2508 Cicero-

197 2535 276 2558 nem
293 2525 547 2568 circumfertur,
562 2526 590 2558 is
606 2527 616 2544 ‘
632 2530 709 2559 erat
723 2526 903 2560 calumniae

197 2575 394 2617 proximus!
441 2575 493 2608 An
510 2587 577 2609 non
600 2578 650 2609 ita
666 2577 853 2620 Sophocles
869 2578 904 2609 in

198 2627 390 2659 Trachiniis
419 2637 453 2660 v.
486 2630 563 2660 259.
601 2627 692 2660 dixit
726 2628 906 2670 ἀγχιστῆρα

198 2678 287 2709 τοῦδε
309 2678 367 2709 τοῦ
387 2676 519 2710 πάθους.9
556 2688 619 2720 pro
643 2682 784 2711 auctore
807 2679 906 2720 hujus

199 2730 417 2762 calamitatis.
477 2729 567 2762 Vide
597 2730 718 2764 Heins.
755 2729 798 2762 ad
827 2731 904 2763 Val.

201 2779 365 2824 Flamin.
380 2782 457 2812 391.
482 2780 596 2812 Burm.

246 2833 354 2874 Culpoe
366 2833 560 2875 proximam]
576 2834 617 2866 In
631 2834 718 2867 Mss.
733 2838 785 2867 est
796 2835 905 2876 culpa.-

645 229 788 269 NOTAE
819 236 1088 271 VARJORUM
1123 238 1174 270 ΙΝ

935 335 1110 368 recentior
1123 342 1244 368 manus
1257 332 1406 368 correxit
1415 334 1532 377 culpoe:
1558 330 1644 368 mai·

935 384 1003 417 lem
1017 385 1192 420 obnoxiam.
1236 385 1341 429 Apud
1362 386 1505 420 Tertull.
1524 389 1644 420 tame·

937 434 980 467 de
1003 435 1093 468 Pau.
1117 445 1149 468 c.
1171 438 1205 468 4.
1231 435 1378 478 princip.
1406 440 1472 476 est,
1493 437 1505 456 ⁸
1519 436 1643 478 Culpa

937 495 1047 528 prope
1065 489 1121 519 est
1141 486 1298 519 habitum
1323 485 1547 527 transferre?
1580 486 1644 519 nbi

938 547 971 569 ν.
996 537 1139 570 Salmas.
1164 547 1199 580 p.
1222 539 1298 570 2⁷7.
1352 537 1545 571 Pindarus:
1563 536 1643 578 ''Ev-

938 597 1036 628 ’γιστα
1047 588 1106 627 τῆς
1119 586 1329 629 minutula.
1353 589 1439 622 Gud-

985 639 1093 681 Culpoe
1101 638 1295 681 proximam]
1308 637 1481 672 Arnobina
1489 646 1543 673 lv.
1553 639 1565 658 ‘
1574 638 1646 672 Ne-

941 690 1017 733 quis
1033 690 1176 732 posthac
1189 689 1362 723 homiuum
1382 689 1431 730 id,
1444 689 1537 732 quod
1550 692 1646 722 esset

942 740 1148 783 turpitudini
1173 740 1377 782 proximum,
1397 740 1610 783 Joqnoremr
1622 738 1646 773 :'

942 795 979 824 et
994 800 1060 824 vu.
1075 791 1085 809 ‘
1100 790 1209 834 Atqui
1224 800 1289 834 ego
1305 790 1525 824 contumelia
1534 790 1650 833 proxi,-

942 852 1047 885 mum,
1060 842 1209 885 quinimo
1225 851 1303 874 esse
1317 842 1455 884 plenam
1469 844 1648 875 contnuo·

942 893 1036 935 liam,
1052 891 1197 934 judico!
1248 891 1357 935 Apul.
1382 891 1531 935 Apolog.
1548 893 1565 923 Α*
1580 892 1650 926 oa·

937 943 998 985 jus
1025 942 1226 985 magnitudo
1248 944 1304 976 vel
1328 943 1505 977 minimam
1530 951 1658 986 repre-³

943 994 1142 1027 hensionem
1168 995 1361 1036 proximam
1386 992 1656 1037 erimini‘asper«

943 1049 1069 1078 natur.'
1097 1046 1229 1079 Marius
1244 1045 1448 1079 Victorinus
1455 1045 1490 1078 in
1504 1045 1651 1079 Rhetor.

945 1096 1020 1129 Cic.
1044 1105 1086 1129 ιι.
1109 1098 1183 1129 131.
1207 1096 1218 1114 ‘
1235 1095 1406 1131 Quoniam
1430 1097 1660 1130 innocentem<

944 1148 1092 1190 probare
1118 1157 1186 1179 non
1211 1156 1404 1189 possumus,
1418 1147 1463 1180 ab
1487 1148 1552 1181 hoc
1578 1152 1651 1180 tam

945 1203 1019 1231 tum
1041 1197 1206 1240 facinore,
1219 1197 1312 1240 quod
1326 1197 1507 1240 injudicio
1520 1201 1587 1240 est,
1597 1206 1652 1230 re-

945 1253 1075 1282 motum
1091 1258 1166 1281 esse
1181 1248 1389 1282 doceamus!
1413 1249 1491 1291 Εἰς.

988 1303 1010 1332 6
1042 1301 1151 1332 Judex
1177 1300 1264 1332 inter
1296 1300 1368 1333 illos
1391 1299 1489 1341 sedit]
1533 1299 1656 1333 Sedere

947 1351 1124 1393 proprium
1142 1350 1304 1393 judicum
1320 1354 1395 1384 est:
1429 1355 1469 1384 ut
1483 1350 1567 1384 alias
1580 1351 1654 1393 pln-

947 1403 1042 1435 ribns
1057 1402 1169 1437 docui.
1213 1403 1316 1436 Nunc
1329 1403 1467 1436 unicum
1476 1402 1654 1436 Lactantii

946 1456 1058 1488 locum
1081 1454 1215 1488 adduco
1238 1464 1259 1488 e
1282 1455 1342 1488 lib.
1366 1464 1418 1490 vr.
1442 1459 1496 1489 18.
1518 1456 1530 1475 ‘
1545 1454 1655 1488 Sedet

949 1506 1039 1539 enim
1054 1506 1220 1538 maximus
1243 1509 1282 1539 et
1302 1506 1513 1549 aequisaimns
1531 1504 1657 1548 judex,

949 1557 1150 1600 speculator
1164 1567 1206 1590 ac
1221 1556 1322 1590 testis
1334 1556 1509 1590 omnium.'
1530 1557 1617 1601 Rite.

994 1608 1085 1641 Inter
1108 1607 1194 1649 illos]
1236 1608 1287 1640 Ut
1312 1607 1406 1650 apud
1429 1608 1591 1642 ciceron.
1610 1605 1657 1640 do

950 1659 1030 1693 Div.
1046 1669 1073 1693 1.
1095 1660 1106 1679 ι
1121 1659 1301 1694 Judicavit
1324 1659 1416 1692 inter
1438 1659 1535 1694 Dens
1561 1656 1658 1692 tres-³

950 1712 1059 1752 Schef.

994 1761 1102 1804 Sedit]
1130 1761 1209 1795 Hoc
1224 1761 1391 1795 sermonis
1407 1770 1533 1804 genere
1549 1759 1659 1803 notio,

951 1824 1054 1858 quam
1079 1817 1217 1855 vocant,
1239 1813 1403 1856 signatur.
1446 1811 1548 1847 Quod
1574 1820 1660 1846 vero

950 1865 1072 1898 sedent
1095 1864 1244 1906 judices,
1265 1863 1378 1906 prima
1402 1872 1524 1896 caussa
1545 1860 1658 1896 estin

950 1916 1157 1958 majestate:
1189 1916 1333 1948 alteram
1347 1913 1491 1957 expedit
1505 1913 1569 1946 Lil.
1583 1912 1657 1955 Gy·

951 1966 1036 2000 rald.
1061 1966 1106 1999 ad
1131 1965 1215 1998 illud
1236 1964 1518 2008 Pythagoricum,
1539 1965 1550 1983 ‘
1563 1963 1657 1997 Ado·

951 2016 1061 2050 taturi
1075 2015 1243 2050 sedeant!
1271 2015 1407 2050 Pmch.
1451 2014 1660 2058 Propriede

947 2067 1079 2111 judice,
1113 2071 1153 2099 ut
1187 2066 1348 2100 observat
1393 2066 1659 2100 Ritterslmsiua.

952 2119 1071 2153 Innuit
1094 2123 1210 2152 autem
1234 2118 1462 2161 majestatem,
1486 2121 1524 2150 et
1547 2116 1658 2161 quieti

954 2171 1059 2204 animi
1089 2180 1130 2204 ac
1162 2169 1435 2213 perturbationis
1465 2168 1568 2202 nullis
1601 2168 1662 2202 ob-

953 2223 1045 2255 noxii
1069 2221 1368 2265 tranquillitatem,
1390 2220 1481 2264 quod
1509 2229 1576 2253 non
1607 2219 1661 2253 in-

954 2273 1131 2306 commode
1156 2272 1341 2305 Praschius
1367 2271 1511 2304 monuit.
1550 2269 1660 2310 Schef.

954 2324 1118 2366 Propert.
1132 2324 1229 2365 Eleg.
1246 2331 1299 2356 ιν.
1321 2323 1387 2355 ult.
1409 2325 1420 2341 ‘
1435 2321 1509 2355 Aut
1533 2321 1563 2354 si
1584 2321 1660 2364 quis

955 2374 1068 2417 posita
1073 2373 1186 2417 judex
1201 2373 1300 2406 sedet
1314 2373 1439 2406 AEacus
1454 2371 1566 2405 urna!

997 2428 1017 2457 7
1054 2426 1188 2458 Causam
1213 2426 1410 2466 perorassent
1434 2421 1537 2464 suam]
1579 2421 1658 2455 Hoc

955 2485 1092 2518 quoque
1119 2475 1378 2508 Ciceronianum
1403 2477 1470 2514 est,
1489 2476 1528 2506 ut
1552 2471 1658 2508 totius

954 2525 1062 2558 libelli
1078 2524 1334 2566 elegantissima
1347 2528 1411 2556 est.
1434 2523 1519 2555 Rite.

999 2575 1221 2616 Perorassent]
1274 2574 1475 2607 Orationem
1499 2571 1659 2605 deduxis-

956 2631 1034 2660 sent
1047 2626 1093 2659 ad
1116 2625 1233 2667 finem,
1257 2635 1310 2667 ac,
1333 2629 1496 2667 quantum
1520 2632 1659 2656 necesse

955 2677 1150 2719 videbatur,
1174 2676 1442 2718 proposuissent.
1487 2674 1542 2707 Ita
1566 2683 1660 2716 saepe

955 2729 1078 2771 optimi
1115 2732 1283 2760 auctores.
1342 2725 1500 2768 Proprie.
1554 2722 1682 2765 Schefi'

955 2781 1116 2823 Propert.
1132 2779 1230 2820 Eleg.
1252 2787 1304 2811 ιν.
1326 2778 1388 2811 ult.
1410 2777 1562 2811 ‘Caussa
1584 2786 1662 2820 per·

956 2837 1053 2866 orata
1070 2830 1144 2865 est.'
1166 2830 1271 2876 Soiop.
