1806 3236
356 201 560 233 PHAEDRt
594 199 1036 234 FAB.AESOP1ARUM
1071 200 1165 233 uu.
1198 200 1262 231 tv·

139 306 242 345 m
244 298 397 342 munte!
412 295 547 329 ululatu
565 294 683 328 futura
698 305 846 339 pronun-

142 334 290 394 fiqssnt.
333 346 515 381 Lucanus·
544 346 775 390 ‘Crinemque
792 356 845 379 ro-

142 405 267 443 tam„
278 395 678 444 Sug.p.u.t.Ga11i’
723 397 847 440 Cybebe

141 451 258 493 atim
266 446 442 494 Bacchius
457 453 524 491 est,
539 459 618 482 uam
636 448 751 491 Cybele
766 459 847 486 ana-

257 499 296 536 ι’
341 499 434 542 Hine
470 504 569 534 recte
608 500 782 542 discimus,
811 500 848 533 in

140 563 183 603 ιιι
189 539 393 595 Ροὲῐιιιιιιι
419 553 531 595 libris,
562 563 638 596 qnae
660 552 848 587 Bacchium

140 594 335 648 requirunt,
356 612 494 647 semper
521 603 684 647 Cybebem,
705 603 740 639 in
761 603 849 646 aliis,

142 665 221 700 qua
263 661 477 699 anapestum
514 655 672 697 exigunt,
704 655 849 698 cybelem

140 706 247 743 scribi
270 711 444 750 oportere.
486 705 556 740 Sed
577 707 681 740 etism
696 707 731 740 in
745 717 850 750 prosa

143 754 267 801 Cym
296 757 490 801 promiscue
527 757 721 800 dicebatur,
765 759 850 792 licet

141 801 310 843 finetenus
323 809 361 843 in
375 808 530 843 omnibus
545 809 650 843 editis
671 810 768 844 libris
785 811 849 853 Cy-

142 859 209 894 we
237 863 373 894 tantum
400 861 548 903 legatur.
601 860 757 894 Primum
785 861 850 894 hoc

143 919 207 944 nos
233 909 374 955 docent,
405 911 558 946 nondum
592 911 731 954 publice
764 912 852 954 visa,

142 971 227 996 me
236 962 311 996 hae
325 961 506 1006 inscriptio
529 966 642 1004 vetus,
663 972 765 1005 quam
787 962 850 995 sub

144 1012 295 1062 iungite
329 1012 425 1047 illius
446 1013 540 1049 Deae
577 1013 727 1056 turritae,
758 1014 852 1047 inter

144 1063 237 1101 dm
243 1065 378 1101 Leones
391 1065 555 1108 sedentis,
565 1070 603 1099 et
615 1076 718 1099 manu
728 1066 852 1100 dextra

142 1117 267 1160 etism
292 1117 469 1161 quasdam,
488 1117 627 1153 sinistra
651 1122 852 1161 tympanum

145 1167 310 1210 tenentis,
340 1168 462 1204 Βοιιιω
491 1168 527 1205 in
555 1169 724 1212 superiori
750 1174 853 1212 parte

144 1218 267 1262 palatii
279 1219 480 1263 {farnesiani
497 1229 586 1257 suno
602 1222 699 1254 1⁶62.
723 1221 854 1262 primus

143 1265 283 1309 detexi:
316 1278 442 1309 nutus
464 1278 732 1311 summimus
761 1281 797 1308 v.
819 1280 852 1304 c.

144 1329 263 1364 nnis
275 1330 446 1357 cumn
471 1330 506 1356 ι».
527 1330 554 1357 s.
599 1321 643 1355 Id
669 1331 749 1356 vero
764 1323 853 1355 Deae

144 1352 416 1409 nomenhtinis
427 1372 606 1409 veteribus
618 1383 684 1407 non
693 1373 856 1416 insolens,

143 1422 214 1456 sed
215 1433 397 1463 emmane
407 1428 445 1458 et
456 1425 634 1468 vulgatum
646 1424 767 1467 fuisse,
776 1435 856 1458 con·

145 1466 307 1510 fimatur
310 1474 551 1508 vetustissimis
558 1475 766 1508 membranis
775 1476 856 1509 alio-

147 1534 224 1564 rum
237 1529 428 1566 anctorum.
459 1526 519 1561 Sic
532 1526 625 1569 apud
636 1528 856 1570 Fulgentium

147 1575 375 1613 Pia-eisdem
387 1577 684 1621 mythologiarum
698 1578 784 1611 libro
799 1588 857 1612 ιιι.

144 1627 158 1645 ‘
173 1627 327 1662 Matrem
342 1628 458 1662 Deum
482 1629 517 1662 iu
532 1628 671 1663 modum
687 1629 856 1671 potentiae

148 1678 232 1721 poni
246 1680 442 1721 voluerunt,
454 1679 546 1713 unde
558 1680 701 1722 Cybebe
716 1680 857 1723 dicitur,

147 1725 248 1774 qussi
261 1731 352 1765 κῦδος
364 1728 506 1775 βέβαιον,
526 1731 562 1764 id
576 1735 644 1774 est,
666 1731 784 1774 gloriae
798 1730 857 1764 fir-

147 1782 273 1825 mites:
305 1784 369 1818 boc
398 1788 465 1825 est,
496 1784 605 1818 decus
640 1784 788 1826 firmum,
820 1789 857 1818 et

146 1833 280 1869 stabilis
308 1835 429 1878 gloria.
471 1835 576 1869 Unde
612 1840 650 1869 et
683 1836 856 1869 Homerus

148 1883 218 1920 sit:
241 1884 326 1920 ''n-n
350 1885 425 1921 Ζεὺς
449 1887 538 1922 κῦδος
561 1885 694 1928 {Booten
720 1887 755 1920 id
780 1891 857 1920 est.

149 1937 217 1972 eni
237 1924 378 1981 Jupiter
397 1938 542 1982 gloriam
565 1938 719 1972 donavit.
767 1939 859 1981 Ergo

148 1988 231 2034 ideo
246 1994 285 2024 et
300 1990 428 2023 turrita
443 1989 610 2033 pingitur,
632 1989 724 2032 quod
749 1990 859 2022 omnis

151 2030 316 2082 potentiae
331 2040 438 2075 eletio
453 2041 497 2073 sit
512 2041 547 2073 in
567 2040 703 2082 capite·
694 2064 704 2080 ‚
728 2039 807 2073 ideo
824 2045 860 2073 et

150 2087 288 2125 leonum
303 2091 419 2125 currui
436 2091 639 2134 praesidens,
654 2092 736 2134 qnia
751 2091 860 2124 omnis

151 2143 309 2186 potentia
339 2143 445 2176 etiam
482 2142 605 2176 virtuti
642 2142 860 2184 dominatum

150 2186 231 2236 ideo
245 2194 434 2238 multiplici
447 2199 557 2235 veste,
571 2193 663 2237 quod
679 2194 787 2227 omnis
802 2204 861 2236 po-

153 2246 265 2282 tentia
278 2251 403 2280 ornatu
418 2245 488 2279 sit-³
533 2245 590 2279 Ita
604 2245 735 2278 diserte
750 2246 861 2278 codex

151 2303 272 2331 noster
297 2297 471 2341 Fulgentii
495 2297 530 2330 iu
556 2296 697 2339 optimis
723 2300 760 2328 et
786 2306 862 2338 per-

154 2349 300 2388 wetustis
313 2348 537 2389 membranis,
550 2347 616 2380 nisi
631 2347 723 2391 quod
737 2347 865 2381 Graeca

154 2401 227 2435 sint
250 2402 380 2445 scripta
405 2402 522 2435 latinis
547 2402 682 2441 literis3
714 2407 754 2434 ut
778 2402 865 2434 eidos

153 2451 290 2497 beben,-
323 2453 414 2486 unde
438 2454 527 2487 κῦδος
552 2454 683 2490 βεβαῖον
710 2454 864 2486 restitui-

155 2513 230 2548 mus
256 2504 350 2538 facili
373 2504 522 2546 negotio.
567 2505 707 2537 Caetera
732 2504 802 2546 illa,
825 2509 865 2537 ut

154 2560 193 2589 et
219 2566 341 2589 nomen
366 2556 476 2599 ipsum
495 2554 630 2598 Cybebe,
658 2555 760 2597 plane
784 2561 866 2588 sunt

155 2606 345 2650 conformia
360 2607 449 2639 libro
472 2606 520 2639 iili
538 2605 672 2645 veteri;
696 2605 732 2638 in
747 2606 864 2648 vulga-

157 2658 203 2692 tis
227 2659 313 2700 baec,
335 2663 376 2692 ut
397 2658 562 2700 pleraque
585 2657 676 2690 illius
699 2657 866 2698 auctoris,

158 2702 258 2757 quem
274 2709 316 2742 ad
333 2712 469 2742 veteres
489 2706 704 2740 membranas
727 2706 867 2740 infinitis

158 2760 244 2793 locis
255 2759 476 2794 emendatum
485 2757 650 2791 habemus
661 2763 765 2801 atque
776 2758 868 2792 illus-

162 2816 305 2853 tratum,
332 2811 499 2845 hactenns
534 2809 793 2852 corruptissime
821 2810 867 2842 le-

163 2866 299 2905 guntur.
344 2863 512 2895 Nummus
536 2866 591 2895 est
618 2861 711 2904 apud
728 2861 869 2896 Christi-

1293 190 1383 233 1-2.
1514 191 1600 234 567

896 306 974 329 uam
1001 295 1182 338 Reginam,
1213 295 1250 328 in
1278 294 1378 343 cuius
1405 303 1474 326 uua
1503 299 1606 336 parte

896 346 1064 379 Faustina
1104 346 1218 381 senior
1253 346 1319 379 hae
1351 354 1430 378 cum
1459 345 1604 388 inscrip-

891 393 1012 430 tione:
1036 406 1128 431 va
1143 405 1311 431 svevsu
1326 405 1517 430 mvsrms.
1561 396 1606 429 In

898 457 1019 480 aversa
1035 453 1135 491 parte
1143 443 1280 491 >¹Cybele
1293 447 1416 484 sedens
1428 457 1506 482 cum
1517 449 1606 482 Leo·

898 498 1010 540 nibus,
1032 498 1223 542 eademque
1237 498 1360 540 forms,
1382 508 1448 542 qua
1474 499 1511 532 iu
1530 499 1607 532 Sta·

899 555 959 582 tua
971 550 1274 592 Farnesiaua‚cum
1285 551 1349 583 bac
1361 549 1606 592 inscriptione:

900 609 1023 638 MATRI,
1038 610 1142 635 nEvM
1158 610 1348 636 suv‘rAm.
1389 602 1455 634 Est
1469 607 1506 634 et
1519 601 1610 635 alter

901 662 1011 685 aerens
1037 652 1212 686 Faustiuae
1234 652 1386 687 Junioris
1411 652 1504 694 apud
1529 661 1610 686 ean-

899 702 990 744 dem,
1013 703 1073 736 ubi
1098 703 1230 746 Cybele
1245 703 1516 746 peritersedens
1531 702 1610 744 pari

899 752 1022 794 forma,
1046 753 1106 786 sed
1131 753 1280 788 artificio
1295 753 1430 796 minori,
1452 763 1530 787 cum
1546 753 1611 786 hac

899 806 1142 849 inscriptione:
1159 815 1279 840 mmm
1297 814 1471 840 usurus.
1515 805 1611 839 Hinc

900 867 984 900 ergo
1014 857 1056 890 de
1088 858 1208 900 Cybebe
1236 858 1374 904 nomine
1402 856 1485 889 mibi
1513 859 1613 889 certe

901 909 1052 950 videtur,
1075 909 1156 943 olim
1190 910 1311 942 Romae
1340 909 1406 942 hoc
1435 907 1545 950 magis
1573 907 1612 940 in

902 970 965 993 usu
980 959 1097 1003 fuisse,
1110 971 1212 1004 quam
1224 961 1373 994 alterum
1385 958 1469 992 illud
1488 957 1615 1001 Cybele,

901 1013 1055 1055 quamvis
1067 1013 1102 1045 in
1115 1022 1215 1055 prosa
1223 1011 1382 1045 oratione
1395 1010 1525 1052 absque
1537 1019 1615 1042 auc·

903 1064 1046 1096 toritate
1063 1068 1217 1096 veterum
1232 1063 1318 1096 Mss.
1332 1071 1401 1096 non
1422 1066 1554 1095 temere
1576 1060 1615 1094 id

902 1115 1104 1148 mutandum
1129 1120 1260 1158 putem.
1305 1114 1397 1148 Nam
1414 1112 1551 1154 Poetae,
1573 1115 1616 1146 ut

904 1167 988 1210 dixi,
1009 1167 1044 1200 in
1067 1167 1107 1199 iis
1132 1167 1229 1208 locis,
1251 1166 1310 1200 ubi
1336 1175 1454 1199 versus
1477 1174 1614 1207 anapae-

904 1222 994 1252 stum
1024 1219 1196 1262 exigeret,
1228 1222 1374 1251 utuntur
1403 1217 1463 1250 illo
1500 1216 1615 1259 Cybele

904 1273 1014 1312 recte,
1037 1275 1076 1303 ut
1104 1269 1197 1312 apud
1223 1269 1421 1312 Virgilium,
1444 1268 1551 1301 etiam
1578 1267 1616 1300 in

904 1317 1146 1354 vetustissimis
1162 1321 1383 1363 membranis,
1397 1320 1472 1354 AEn.
1485 1320 1545 1353 lib.
1556 1328 1617 1352 ιιι.

903 1372 1023 1406 ‘Hinc
1036 1377 1148 1405 mater
1159 1372 1288 1406 cultrix
1301 1372 1432 1415 Cybele
1441 1372 1617 1415 Coryban-

905 1422 1024 1466 tiaque
1054 1426 1145 1455 aera.¹
1188 1423 1236 1456 Et
1264 1423 1488 1465 Epigramma
1515 1426 1617 1455 vetus

906 1474 999 1517 apud
1023 1474 1214 1508 Gruterum
1230 1485 1265 1517 p.
1281 1483 1398 1508 mem.
1443 1475 1563 1507 Romae
1580 1474 1618 1507 iu

907 1526 1028 1558 tabula
1051 1534 1265 1558 marmorea:
1288 1527 1298 1544 ‘
1314 1525 1384 1559 Qui
1407 1525 1522 1558 colitis
1549 1525 1619 1567 Cy-

905 1576 1020 1618 belen,
1035 1581 1069 1609 et
1086 1577 1144 1620 qni
1155 1577 1296 1620 Phryga
1312 1575 1474 1619 plangitis
1490 1574 1620 1608 Athin:

908 1628 1039 1671 Cybele
1070 1634 1186 1661 autem
1221 1627 1359 1661 Graecis
1388 1627 1486 1660 dicta
1515 1631 1571 1659 est
1598 1635 1620 1659 a

907 1685 1025 1713 monte
1038 1680 1200 1723 Phrygiae
1217 1678 1362 1721 Κυβέλῳ,
1377 1679 1412 1711 in
1429 1688 1497 1722 quo
1512 1677 1622 1710 maxi·
1645 1713 1652 1725 ἱ

907 1741 963 1764 me
976 1731 1168 1764 colebatur.
1191 1730 1326 1764 Auctor
1335 1730 1487 1772 Etymol.
1499 1729 1619 1770 Magn.

909 1781 1065 1823 Κύβελον,
1081 1781 1149 1826 ὅρος
1164 1782 1198 1814 ἐν
1211 1781 1338 1825 Φρυγίᾳ,
1350 1779 1422 1813 ἔνθα
1434 1782 1493 1820 τῆς
1501 1779 1621 1823 μητρὸς

907 1835 965 1873 τῆς
977 1834 1122 1873 Κυβέλης
1137 1834 1217 1876 ἷερὸν
1227 1832 1317 1875 ἅγιον
1331 1833 1428 1866 ἐστίν·
1453 1832 1552 1866 ἔοικεν
1566 1831 1622 1866 οὖν

910 1884 1039 1924 Κυβέλη
1059 1885 1120 1918 ἀπὸ
1140 1886 1196 1918 τοῦ
1212 1884 1299 1928 ὅρους
1319 1887 1480 1924 κληθῆναι.
1525 1885 1621 1918 Hinc

910 1938 1003 1979 apud
1030 1937 1215 1979 Virgilium
1246 1938 1321 1970 AEn.
1356 1938 1418 1969 lib.
1444 1946 1497 1969 xi.
1525 1937 1622 1970 circa

910 1985 1032 2020 finem:
1066 1989 1076 2005 ⁸
1103 1988 1207 2020 Forte
1233 1997 1331 2020 sacer
1361 1987 1493 2029 Cybelo
1519 1987 1624 2027 Chlo·

911 2048 988 2070 reus
1009 2038 1160 2081 olimque
1185 2036 1374 2070 sacerdos!
1419 2037 1479 2070 Sic
1505 2042 1621 2070 vetus-

912 2089 1046 2131 tissimi,
1084 2095 1156 2122 tam
1178 2090 1334 2131 Virgilii,
1364 2099 1466 2132 quam
1496 2090 1623 2132 Servii,

912 2141 1071 2181 codices;
1094 2140 1182 2173 male
1209 2141 1337 2181 vulgati
1366 2141 1479 2184 Cybele
1487 2152 1500 2181 ;
1525 2142 1624 2184 Cybe-

911 2194 977 2225 lum
1012 2202 1108 2225 mons
1145 2203 1207 2236 pro
1248 2193 1324 2235 ipsa
1362 2193 1436 2225 Dea
1476 2193 1624 2236 Cybele,

914 2255 990 2288 quae
1016 2245 1051 2276 in
1076 2245 1136 2277 illo
1162 2245 1354 2286 colebatur,
1377 2250 1415 2278 ut
1431 2249 1468 2278 et
1481 2246 1622 2279 Servius

912 2297 1081 2338 explicat.
1126 2297 1282 2328 Marmor
1297 2297 1429 2329 illustre
1451 2296 1622 2330 Arundel-

913 2349 1055 2390 lianum,
1078 2348 1259 2381 continens
1288 2348 1437 2390 epochas
1466 2354 1622 2381 veterum

915 2400 1116 2433 Graecorum
1132 2399 1330 2439 nobiliores,
1349 2399 1480 2441 Epoch.
1494 2408 1530 2432 x.
1553 2399 1621 2432 sic:

915 2455 997 2484 EnN
1012 2453 1175 2484 ΜΗΤΡΟΣ
1196 2454 1328 2483 ΕΦΑΝΗ
1344 2453 1392 2482 ΕΓ
1413 2453 1623 2484 nrm-:Aom-

914 2503 1083 2536 Seldenus
1110 2503 1158 2534 ita
1182 2502 1376 2544 supplevit:
1396 2501 1547 2542 Ἀγαλμα
1565 2503 1624 2540 τῆς

914 2556 977 2587 τῶν
992 2556 1078 2586 Θεῶν
1091 2553 1206 2596 μητρὸς
1232 2551 1330 2594 ἐφάνη
1344 2553 1376 2585 ἐν
1391 2552 1566 2594 Κυβέλοις;
1589 2558 1625 2586 et

916 2606 1042 2638 vertit:
1065 2605 1274 2637 Simulacrum
1288 2604 1401 2635 matris
1413 2604 1517 2636 Deum
1531 2614 1627 2646 appa·

914 2658 982 2689 ruit
1005 2658 1038 2689 in
1062 2656 1188 2698 Cybelis
1209 2654 1373 2687 inentibus.
1413 2649 1550 2688 'Eadem
1574 2660 1625 2688 ta-

915 2718 996 2741 men
1024 2706 1156 2746 Κυβήβη
1186 2716 1254 2738 ιιοιι
1284 2705 1395 2739 minus
1426 2704 1626 2749 frequenter

918 2758 1068 2799 Graecis,
1101 2767 1204 2801 quam
1232 2755 1373 2799 Κυβέλη,
1397 2757 1584 2791 vocabatur
1606 2769 1627 2791 a

918 2810 1078 2851 κυβήβειν,
1099 2811 1132 2842 in
1149 2812 1243 2852 caput
1257 2808 1363 2851 dejici,
1385 2813 1424 2842 ut
1439 2809 1552 2843 solent
1572 2809 1626 2842 fu-

919 2863 1001 2895 riosi
1018 2867 1052 2896 et
1069 2860 1182 2894 furore
1207 2861 1342 2903 perciti.
1389 2859 1533 2894 Photius
1558 2860 1625 2892 Pa-
