1806 3236
250 236 314 278 44
545 247 748 281 PHAEDRI
771 248 1097 282 -FABULARUM
1129 233 1434 284 AEsomAiuJM

254 342 420 387 Arcem
440 347 647 400 tyrannus
667 348 862 400 occupat
883 344 1160 389 Pisistratus.

255 411 370 455 Cum
389 413 556 456 tristem
574 415 829 456 servitutem
847 413 999 457 flerent
1018 414 1177 466 Attici,

252 480 362 524 Non
381 481 487 536 quia
507 481 696 523 crudelis
714 481 804 534 ille,
822 482 899 524 sed
921 483 1130 538 quoniam
1152 495 1286 539 gravo

248 548 396 604 ⁴Omne
416 550 609 592 insuetis
629 563 759 602 onus,
781 554 824 593 et
842 551 1088 606 coepissent
1107 552 1258 607 queri3

252 617 450 673 AEsopus
469 619 602 661 talem
623 622 715 661 tum
735 619 946 662 fabellam
965 620 1132 663 retulit.

245 742 249 750 ἱ
267 735 271 739 ,
310 686 470 739 Ranae,
491 690 702 742 vagantes
716 687 867 730 liberis
887 689 1144 743 paludibus,

244 753 454 804 ,Clamore
474 769 633 810 magno
652 769 798 810 regem
818 757 1033 812 petierela
1050 757 1082 800 J
1083 760 1183 810 ove,

1661 690 1720 733 lo

237 885 406 929 sactiones,
424 887 588 930 Tyrannus
603 888 794 921 Pisistratus
808 889 928 922 invasit
947 899 1051 922 arcem
1066 890 1169 923 urbis.
1210 890 1291 922 Cum
1301 889 1506 927 Athenienses
1519 885 1718 934 dum

246 930 405 962 molestum
418 931 594 971 servitium,
614 935 646 964 et
667 933 830 974 coepissent
851 934 1062 976 expostulare,
1087 944 1148 966 non
1163 935 1246 975 quod
1270 933 1464 966 Pisistratus
1485 935 1579 966 esset
1603 936 1718 974 sevus,

245 981 352 1005 verum
377 976 460 1015 quod
482 975 630 1007 servitus
656 980 709 1007 est
734 975 858 1008 omnino
879 975 1000 1018 pondus
1022 977 1134 1009 durum
1155 976 1198 1008 iis
1210 977 1263 1018 qai
1285 987 1346 1009 non
1368 979 1591 1009 consueverunt
1603 974 1718 1015 serre:

247 1016 385 1058 AEsopus
393 1018 557 1059 proposuit
579 1018 660 1051 hunc
673 1020 851 1060 apologum.
895 1019 1011 1061 Rana,
1023 1020 1230 1058 subsultantes
1242 1020 1277 1053 in
1288 1019 1458 1062 paludibus
1470 1019 1600 1062 apertis,
1610 1021 1716 1062 pomt-

1003 1105 1100 1117 m

246 1157 304 1191 Sic
320 1157 410 1190 enim
422 1158 600 1191 invenerat
615 1158 649 1191 in
664 1159 818 1202 margine
833 1160 920 1194 Cod.
937 1161 1030 1194 Pith.
1064 1161 1168 1194 Hunc
1183 1154 1339 1204 sequitur'
1350 1157 1504 1193 Bentlei.
1518 1167 1583 1192 nec
1595 1156 1715 1191 Gudio

240 1201 316 1233 haec
339 1201 443 1234 lectio
469 1202 644 1243 displicet.
698 1204 888 1246 Eleganter
912 1209 1029 1237 autem
1055 1204 1124 1236 Hic
1144 1204 1285 1246 ponitur
1304 1213 1381 1245 pro,
1398 1208 1494 1236 tunc.
1529 1212 1546 1234 e
1626 1201 1633 1209 '
1691 1201 1698 1209 “

239 1242 420 1283 factionum
443 1255 477 1287 p.
509 1245 661 1278 Gronov.
685 1247 826 1279 mallet:
865 1248 954 1279 Hinc
978 1248 1163 1290 conspiratoe
1181 1247 1335 1287 factionis
1357 1245 1512 1288 partibus.
1549 1243 1601 1278 Cf.
1625 1244 1713 1278 Not.

243 1285 445 1328 Senem—⁷,
470 1290 491 1319 8
522 1288 631 1321 Codd.
657 1289 741 1321 Mss.
762 1290 875 1330 gravis
902 1290 1178 1324 0mnino.ineueti
1200 1300 1293 1322 sonus
1314 1293 1375 1322 est.
1396 1288 1477 1321 Vid.
1502 1287 1597 1321 Gud.
1620 1286 1715 1320 Hine

240 1329 344 1371 vulgo
368 1330 497 1373 legitur
523 1332 660 1364 Omnino
668 1343 680 1370 ,·
714 1333 805 1375 quod
832 1334 889 1366 vel
911 1334 955 1367 ad
977 1344 1088 1374 grave,
1114 1332 1181 1366 ved
1207 1333 1252 1365 ad
1275 1332 1407 1365 insuetis
1430 1330 1536 1364 trahit
1558 1330 1711 1365 Gronov.

242 1372 399 1405 Retinuit
415 1374 520 1406 etiam
534 1384 611 1407 cum
628 1375 840 1409 Lallemanto
855 1377 1009 1410 Brotier.
1034 1381 1071 1409 et
1087 1376 1219 1409 arridet
1233 1376 1340 1408 lectio
1355 1374 1500 1416 Langio,
1513 1383 1616 1416 quem
1632 1372 1712 1406 vide

241 1415 285 1448 ad
299 1415 332 1449 h.
348 1416 371 1448 l.
417 1417 485 1449 Sed
499 1423 596 1450 recte
613 1418 807 1452 emendavit
823 1419 986 1452 Heinsius
1001 1420 1113 1461 Omne,
1129 1419 1221 1462 quod
1241 1420 1457 1451 Burmannus
1471 1420 1608 1457 metm-3
1631 1416 1713 1458 quia

241 1467 310 1491 non
326 1462 404 1491 erat
418 1461 541 1493 omnino
557 1465 593 1493 et
608 1461 680 1493 sine
697 1463 904 1504 exceptione
921 1472 1026 1505 grave
1043 1472 1127 1495 onus
1141 1462 1294 1505 tyrannis
1306 1460 1493 1500 Pisistrati,
1507 1459 1570 1492 sed
1585 1469 1623 1492 re
1635 1459 1713 1502 ipsa

239 1501 317 1534 leve
333 1512 396 1544 per
412 1503 485 1545 ejus
501 1504 719 1537 clementiam
745 1509 782 1537 et
796 1506 1068 1546 humanitatem3
1091 1505 1154 1538 sed
1174 1504 1326 1539 libertati
1349 1504 1493 1536 assuetis
1515 1512 1603 1535 ouans
1615 1511 1700 1536 onus

242 1545 344 1578 etiam
361 1546 452 1588 leve,
467 1546 650 1579 videbatur
666 1551 867 1590 grave.—ll
891 1549 971 1581 Scio
999 1550 1072 1590 pius
1088 1548 1155 1590 legi
1166 1548 1283 1589 jubet,
1293 1547 1453 1589 petierunt
1465 1547 1577 1579 ἄοικοι
1585 1556 1599 1585 ,·
1621 1554 1666 1588 qn

240 1587 323 1620 viris
338 1588 451 1621 doctis
477 1599 544 1622 non
557 1590 695 1623 videtur
717 1591 901 1632 Latinum3
925 1601 962 1624 se
1013 1595 1131 1624 tuetur
1151 1592 1340 1624 Burmann.
1363 1589 1588 1633 Latinitatem
1609 1588 1711 1631 huju

236 1629 394 1664 formulae
413 1632 456 1664 ad
473 1632 579 1666 Ovid.
594 1634 682 1667 Met.
696 1643 762 1666 vu.
778 1637 856 1667 290.
900 1635 1024 1677 Neque
1040 1639 1155 1667 tamen
1177 1633 1426 1667 admittendam
1442 1635 1543 1675 putat
1555 1631 1711 1677 scioppii

236 1674 431 1715 lectionem,
444 1675 524 1717 quia
538 1676 676 1709 dubiam
699 1678 906 1710 sententiam
932 1677 1079 1717 faceret,
1105 1678 1202 1720 quasi
1227 1676 1490 1718 ipsumdovem
1513 1675 1706 1708 voluissent

237 1717 303 1750 sibi
326 1717 453 1750 habere
470 1717 573 1751 ranae.
619 1719 764 1752 Ursinus
788 1721 1012 1762 transposite,
1035 1720 1194 1762 petierunt
1208 1720 1455 1761 regemaJove.
1498 1717 1638 1751 Marcii.
1660 1716 1706 1751 ad

236 1759 324 1793 Hor.
339 1761 405 1802 Ep.
417 1770 442 1793 1.
453 1764 485 1793 ³.
501 1771 537 1803 p.
552 1765 628 1795 119.
644 1763 708 1796 Ed.
725 1765 806 1796 Par.
823 1766 919 1796 1604.
936 1764 974 1796 F.
994 1764 1138 1796 Clamore
1152 1773 1264 1803 magno
1279 1772 1384 1803 regem
1398 1772 1418 1794 a
1428 1761 1508 1794 Jove
1520 1760 1708 1803 perium.

238 1802 334 1837 Edit.
351 1803 494 1847 Rigaltii
509 1813 552 1838 11.
571 1805 714 1838 Clamore
737 1816 851 1848 magno
877 1816 982 1848 regem
993 1807 1115 1848 petiere
1138 1816 1159 1838 α
1179 1806 1271 1849 Jove,
1285 1805 1375 1848 quod
1392 1803 1526 1847 placuit
1541 1802 1707 1847 plurimis.

905 1914 1048 1949 NOTAE

234 1988 359 2032 aequali
367 1989 449 2030 jure
465 1989 746 2032 continebantur,
766 1993 805 2037 ut
821 1990 858 2023 in
872 1990 944 2022 De·
998 1989 1114 2032 doque
1131 1998 1198 2021 vox
1209 1987 1270 2020 illa
1282 1990 1447 2029 usurpata
1457 1989 1522 2027 est,
1530 1972 1705 2035 proflqgn

233 2039 401 2073 mocratia
415 2040 514 2073 solet.

276 2091 295 2122 5
321 2090 435 2122 Arcem
452 2093 581 2133 occupat
597 2090 806 2133 Pisistratus]
829 2090 942 2133 Hujus

231 2138 412 2172 historiam
441 2139 490 2172 ita
519 2141 639 2182 paucis
669 2140 779 2174 refert
812 2141 941 2176 sustin.

227 2193 244 2209 ¹
259 2189 476 2229 Pisistratus,
503 2191 600 2233 quasi
625 2191 702 2233 sibi,
726 2201 794 2224 non
819 2191 941 2234 patriae

231 2240 384 2282 vicisset,
400 2241 618 2282 tyrannidem
633 2251 694 2283 per
709 2241 825 2274 dolum
840 2250 941 2277 occu-

231 2294 317 2333 pat:
351 2291 480 2333 quippe
508 2291 710 2324 voluntariis
739 2291 940 2326 verberibus

230 2341 322 2373 domi
348 2339 505 2382 affectus,
532 2341 754 2384 laceratoque
781 2351 939 2384 corpore,

227 2391 264 2424 in
285 2390 458 2434 publicum
482 2392 713 2434 progreditur.
757 2392 939 2428 Advocata

229 2441 409 2482 concione,
435 2442 577 2475 vulnera
605 2444 734 2485 populo
763 2444 936 2478 ostendit:

229 2493 273 2526 de
297 2493 504 2526 crudelitate
532 2493 739 2536 principum,
766 2504 787 2527 a
813 2494 937 2538 quibus

226 2545 302 2578 haec
317 2555 355 2577 se
378 2554 518 2587 passum
541 2545 736 2587 simulabat,
755 2545 934 2589 queritur:

228 2595 402 2628 adduntur
411 2594 555 2628 vocibus
570 2595 741 2638 lacrymae.
785 2596 935 2630 Obtinet

227 2646 272 2678 ad
287 2645 479 2678 custodiam
501 2646 654 2688 corporis
679 2646 732 2680 sui
746 2646 934 2680 satellitum

226 2695 403 2736 auxilium,
426 2706 490 2738 per
514 2706 599 2739 quos
625 2700 794 2739 occupata
815 2700 934 2739 tyran·

225 2745 320 2788 nide,
346 2756 409 2789 per
431 2756 537 2780 annos
558 2746 700 2790 triginta
720 2750 791 2781 tres
815 2756 935 2790 regua·

230 2794 314 2830 vit.''

272 2848 453 2891 Tyrannus]
483 2848 527 2882 Iu
543 2848 667 2882 bonam
681 2851 819 2892 partem
834 2854 937 2892 quan-

997 2039 1056 2082 qui
1085 2038 1218 2081 figebat
1246 2039 1353 2081 leges,
1381 2043 1418 2071 et
1443 2037 1581 2081 populis
1604 2038 1705 2080 juste

996 2094 1160 2132 praeerat.
1206 2090 1308 2123 Nunc
1323 2099 1406 2122 vero
1429 2088 1472 2121 ad
1487 2088 1563 2122 illos
1577 2086 1706 2131 prinet-
1766 2102 1770 2108 ·

996 2150 1058 2183 pes
1073 2140 1235 2182 refertur,
1258 2140 1316 2183 qui
1338 2139 1480 2173 libidine
1506 2137 1706 2173 dominandi

995 2191 1081 2224 duro
1105 2191 1252 2233 imperio
1269 2189 1426 2223 subditos
1441 2190 1561 2224 tenent
1571 2191 1646 2232 yut
1667 2190 1704 2225 in

993 2241 1058 2274 hoc
1072 2241 1149 2274 loco
1165 2240 1317 2273 Phaedri.
1693 2256 1697 2260 -

1036 2293 1058 2323 7
1081 2291 1158 2322 Non
1171 2290 1246 2332 quia
1259 2288 1395 2322 crudelis
1408 2287 1477 2330 ille]
1501 2288 1601 2322 Licet
1613 2288 1704 2324 Pid-

994 2345 1141 2374 stratum
1166 2347 1349 2384 tyrannum
1363 2344 1489 2384 vocet,
1502 2345 1616 2374 tamen
1631 2350 1702 2374 non

992 2394 1158 2427 saeviebat
1173 2394 1207 2426 in
1223 2393 1312 2434 illos,
1335 2402 1401 2426 nec
1426 2392 1616 2426 crudeliter
1637 2393 1700 2428 im-

991 2443 1147 2485 perabat.
1191 2443 1249 2476 Ita
1264 2442 1355 2475 enim
1368 2443 1472 2476 Solon
1483 2443 1529 2476 de
1540 2442 1701 2479 Pisistra-

991 2499 1028 2528 to
1040 2495 1211 2537 loquitur:
1234 2492 1335 2526 καὶσὲ
1359 2492 1438 2536 φημὶ
1451 2492 1577 2527 πάντων
1589 2493 1700 2537 τυράν-

990 2557 1050 2579 νων
1061 2544 1140 2579 εἶναι
1154 2544 1349 2583 βέλτιστονε
1372 2544 1700 2578 Im·momium

985 2600 1190 2639 tyrannorum
1204 2597 1366 2639 optimum,
1396 2595 1508 2638 Legae
1523 2600 1698 2638 protem

986 2647 1217 2680 testimonium
1234 2647 1313 2679 Val.
1324 2647 1422 2679 Max.
1438 2646 1498 2679 lib.
1514 2654 1557 2680 V.
1568 2656 1598 2679 c.
1615 2649 1646 2679 1.
1659 2650 1698 2679 et

986 2697 1092 2731 etiam
1106 2698 1263 2739 Senecae,
1275 2697 1336 2730 lib.
1348 2706 1406 2730 111.
1423 2698 1478 2729 De
1493 2697 1556 2729 ira.

1030 2751 1071 2782 lo
1093 2748 1218 2781 Liberis
1227 2747 1410 2790 paludibus]
1439 2746 1577 2790 Euipsia
1602 2756 1691 2789 pru·

990 2798 1168 2842 positionis
1182 2798 1228 2834 in.
