1806 3236
186 234 272 279 332

236 341 372 373 Omnino
379 341 525 383 insuetis]
538 342 631 383 Lege
642 342 742 374 Omne
751 340 897 384 insuetis,

190 397 230 427 ut
255 394 399 436 insuetis,
425 395 472 427 sit
499 394 804 437 quadrisyllabum.
837 395 894 429 Sic

187 445 260 478 fab.
273 449 325 479 11.
350 447 473 479 insueta
492 457 574 479 voce.
605 447 652 479 Et
667 447 802 489 prolog.
815 447 895 480 libri

187 497 296 539 tertii,
320 498 364 530 Ut
384 497 543 530 adsuetam
556 497 691 537 fortiter
703 502 834 540 praestes
846 509 894 531 m-

141 581 146 590 ,
187 558 264 581 cem.
296 550 342 581 Et
354 548 424 581 fab.
435 552 489 581 65.
525 550 625 582 Omne
635 549 895 589 adsuiivifermm

186 610 255 641 quoe
268 602 439 633 corrodere.
461 600 583 634 Heius.
628 601 717 634 Haec
732 611 800 634 non
821 603 894 643 pla·

187 654 268 683 cent
277 651 310 684 J.
322 651 509 695 Gronovio‚
521 651 578 694 qni
589 652 735 685 Poetica
747 646 894 685 aPoiiti's

188 703 323 743 captari
348 703 476 745 jubet3
506 704 566 736 sed
592 704 675 736 mihi
699 704 894 737 necessaria

184 752 324 786 videtur
332 754 545 787 emendatio:
564 765 653 797 nam,
663 755 745 798 quid
758 756 893 788 Omnino

185 803 241 836 hic
252 809 361 846 notet,
373 814 440 838 nou
453 805 572 839 video:
585 816 653 838 non
666 808 757 840 enim
768 811 844 840 erat
855 817 893 840 re

186 864 270 887 vera
293 866 399 898 grave
414 867 499 889 onus
510 858 681 900 Tyrannis
703 859 892 897 Pisistrati,

185 905 245 937 sed
255 906 329 938 leve
341 917 403 949 per
414 908 488 950 ejus
501 909 719 941 clementiam
730 914 766 942 et
778 910 892 942 huma-

185 948 350 990 n'itatem.
375 958 435 990 sed
460 960 612 992 libertati
633 960 784 994 adsuetis
804 971 892 994 omne

184 1018 283 1050 onus,
298 1010 404 1043 etiam
419 1012 508 1053 leve,
522 1017 600 1045 erat
614 1023 730 1054 grave.
753 1014 865 1047 Burm.

186 1075 189 1078 -
230 1061 401 1103 Coepissem
413 1063 514 1105 queri]
542 1065 662 1098 Questi
679 1070 808 1099 essent.
831 1066 890 1099 Sic

183 1111 257 1151 ipse
273 1112 424 1154 loquitur
435 1113 545 1146 infra:
564 1115 573 1132 ‘
589 1115 773 1157 Corripere
785 1116 890 1158 coepit

183 1161 355 1203 singulas:
400 1163 514 1196 Item:
559 1165 569 1183 ‘
590 1165 717 1197 Redire
745 1176 890 1199 moerens

182 1213 292 1256 coepit
306 1215 349 1247 ad
362 1216 538 1258 proprium
554 1218 683 1260 genus?
703 1218 750 1250 Et
766 1219 889 1260 passim

182 1265 360 1308 deinceps.
408 1267 551 1301 Petron.
574 1269 689 1311 Satyr.
736 1270 746 1288 ‘
774 1270 890 1312 Coepit

182 1327 237 1349 me
248 1316 471 1359 praecedere‚’
486 1320 497 1336 ‘
510 1319 598 1361 coepi
610 1319 752 1362 fugere,’
763 1321 889 1362 ‘coepit

182 1369 330 1410 rogare!
373 1370 456 1403 vid.
487 1370 720 1403 Collectanea.
761 1372 887 1405 Catuli.

181 1419 192 1437 ‘
211 1419 368 1452 Nemone
405 1421 440 1453 in
477 1427 573 1454 tanto
607 1422 721 1463 potuit
758 1423 887 1464 populo

182 1480 272 1512 esse,
307 1471 463 1513 Juventi,
493 1473 610 1505 Bellus
639 1474 750 1514 homo,
786 1484 888 1516 quem

182 1526 221 1553 tu
238 1521 382 1563 diligere
397 1523 569 1564 inciperes
583 1524 604 1555 ?'
644 1524 722 1564 Rig.

223 1576 246 1605 9
257 1573 391 1614 AEsopus
402 1573 512 1615 talem]
540 1574 614 1606 Nisi
629 1574 678 1607 ita
693 1575 726 1606 in
739 1575 888 1608 numeris

181 1622 372 1655 dissolutus·
401 1623 493 1656 foret
525 1624 707 1666 Phaedrus,
737 1625 820 1658 nihil
847 1631 887 1658 ut

180 1673 278 1715 pensi
299 1674 437 1714 habeat,
452 1678 489 1707 et
505 1675 559 1707 hic
575 1680 610 1707 et
627 1675 702 1708 aliis
719 1677 834 1709 multis
850 1677 886 1708 in

179 1725 266 1757 locis
283 1725 396 1757 dicere
407 1736 597 1767 possemus,
608 1726 647 1758 τὺ
656 1737 672 1759 s
686 1733 886 1760 rnorevvete-

179 1785 255 1807 rum
268 1775 361 1808 elidi.
398 1776 468 1809 Sed
484 1786 595 1819 neque
610 1778 796 1810 Phaedrum
821 1788 885 1820 ego

178 1826 243 1859 hoc
259 1831 436 1869 spectasse
453 1832 550 1869 puto,
573 1832 610 1860 et
635 1828 706 1870 illa,
729 1839 796 1872 qua
810 1830 884 1871 ipse

179 1878 332 1920 scripsit,
365 1884 572 1921 tempestate
598 1881 673 1923 jam
709 1881 884 1915 desierant

176 1930 267 1963 hanc
283 1930 467 1963 elisionem.
508 1932 592 1964 Rite.

177 2004 181 2007 -
222 1984 264 2015 10
290 1982 391 2014 Ranae
414 1982 581 2025 vagantes]
620 1984 721 2016 Hanc
743 1984 883 2018 Phaedri

175 2032 326 2065 fabulam
342 2034 465 2075 legisse
489 2034 641 2077 videtur,
663 2036 720 2077 qui
735 2037 810 2069 haec
825 2037 883 2069 ad-

176 2084 309 2116 notavit
320 2085 363 2116 ad
374 2085 459 2118 illud
469 2086 604 2127 Virgilii
615 2099 623 2127 ;
647 2087 657 2105 ‘
672 2087 719 2120 Et
730 2091 883 2120 veterem

176 2134 210 2165 in
242 2135 320 2167 limo
358 2145 451 2168 ranae
484 2138 643 2169 cecinere
670 2138 845 2180 querelam
860 2138 883 2171 :’

173 2184 185 2202 ‘
200 2185 344 2227 AEsopus
356 2187 549 2229 sequendus
560 2192 626 2229 est,
637 2189 693 2230 qui
705 2188 789 2220 dicit
800 2189 881 2221 hoc:

177 2237 290 2269 Quum
318 2237 460 2279 Jupiter
495 2238 650 2270 omnibus
682 2239 882 2271 animalibus

176 2287 293 2329 Reges
309 2289 429 2322 dai-et:
453 2295 490 2323 et
513 2290 617 2331 ranis,
638 2291 673 2322 ni
700 2290 813 2331 fallor,
829 2301 883 2324 co-

174 2339 312 2371 lendum
325 2340 562 2373 brevissimum
573 2342 703 2383 tignum
716 2342 882 2384 dedisset,

172 2389 242 2421 illae
266 2396 397 2431 questae
414 2396 450 2424 et
472 2397 666 2434 aspernatas
689 2397 767 2425 sunt
783 2403 880 2426 eum:

176 2444 212 2472 et
229 2444 312 2473 tunc
330 2441 378 2473 eis
398 2442 542 2484 hydrum
568 2443 674 2476 iratus
690 2444 798 2484 dedit,
822 2445 881 2486 qui

173 2491 329 2523 vescitur
343 2492 455 2525 ranis?
488 2494 575 2526 Quae
589 2497 702 2526 tamen
715 2494 880 2526 Sei-viana

175 2550 250 2573 esse
266 2541 324 2573 vix
349 2546 445 2584 puto.
482 2543 645 2575 Ceterum
668 2544 748 2576 huic
774 2546 881 2577 consi-

174 2592 271 2624 miles
317 2593 481 2637 apologos
520 2599 637 2627 narrat
671 2594 879 2629 Aristoteles

175 2642 277 2674 Rhet.
294 2652 337 2674 11.
372 2644 450 2684 Rig.

216 2693 340 2726 Liberis
350 2695 527 2737 paludibus]
564 2696 700 2730 Omissa
713 2698 878 2739 praeposi·

175 2743 292 2783 tione;
316 2746 474 2788 exemplo
497 2746 644 2788 Virgilii,
669 2747 726 2790 qui
750 2747 825 2780 AEn.
842 2758 875 2781 v.

174 2796 184 2812 ⁴
201 2799 335 2838 totaque
348 2801 492 2839 vagatur
506 2797 599 2830 Urbe
611 2797 751 2831 furens!
771 2798 877 2838 Sches.

658 247 801 279 NO‘I'AE
837 247 1058 282 VARIORU
1067 251 1100 281 M
1135 250 1187 282 ΙΝ

942 343 1036 377 Scite
1065 344 1222 380 dictum:
1266 350 1306 380 ut
1333 347 1453 381 liberes
1479 348 1668 384 ‘civitates‘

943 401 1023 429 sunt
1058 397 1102 429 ab
1147 398 1291 440 imperio
1337 399 1433 442 regio
1469 400 1648 436 immunes.

943 447 1110 490 Av’apxias
1120 459 1202 482 voce
1212 450 1322 483 utitur
1331 451 1478 493 AEsopus
1489 450 1558 486 fab.
1570 454 1647 486 m.
1654 486 1662 495 ,

943 499 1078 532 Pru-wli.

987 553 1026 583 ll
1050 550 1220 585 Petierunt
1232 561 1253 584 a
1266 552 1360 594 Jove]
1389 553 1481 586 Puto
1496 553 1647 587 scriben-

943 600 1037 643 dum,
1066 603 1229 644 petierunt
1261 603 1382 637 Jovem.
1439 604 1509 637 Sed
1546 603 1649 638 video

943 651 1147 694 scriptorem
1158 653 1249 686 huuc
1259 642 1353 696 leges
1363 654 1524 696 ¹metricas
1535 655 1647 690 minna

942 703 1114 743 calluisse,
1130 704 1185 736 vel
1200 708 1297 737 certe
1319 705 1458 747 insuper
1471 705 1645 741 babuisse-

943 753 1000 787 Sic
1012 754 1128 787 statim
1152 755 1161 772 ‘
1175 755 1320 788 diutius'
1337 755 1537 798 trisyllabon
1546 756 1647 792 feeit.

942 803 1068 847 Βελίαρ.
1122 805 1174 838 ΑΙ.
1200 806 1372 848 petierunt,
1395 806 1465 839 sed·
1481 807 1532 840 ita
1556 808 1649 845 male

942 855 1048 889 habet
1063 862 1190 890 versus.
1227 857 1421 900 Schoppius
1436 858 1539 900 legit:
1561 857 1649 901 peti·

940 912 1033 941 erunt
1061 910 1184 951 Jooem,
1207 910 1267 942 sed
1293 911 1360 943 hoc
1387 920 1456 944 non
1482 911 1650 945 Latinum

940 960 1078 994 videtur
1088 962 1210 995 doctis.
1226 963 1393 1004 Legerem
1402 963 1520 1005 igitur,
1528 963 1648 1006 petiere

939 1012 1059 1045 «Jove.
1105 1012 1180 1045 Imo
1194 1013 1647 1048 nihiimutandum.1·'oroe

941 1062 976 1095 i'n
1004 1063 1155 1096 secunda
1184 1065 1324 1107 regione
1353 1069 1546 1108 anapaestus
1576 1068 1644 1107 est,

938 1125 1052 1156 magno
1086 1115 1195 1158 prima
1226 1120 1399 1158 correpta.
1445 1116 1505 1149 Sic
1529 1125 1645 1159 agne,

937 1177 1057 1209 cygnus
1071 1172 1107 1200 et
1131 1167 1223 1209 talia,
1243 1167 1287 1200 de
1302 1167 1424 1209 quibus
1440 1166 1519 1199 vide
1532 1165 1645 1201 Andr.

937 1219 1072 1250 Schott.
1098 1218 1283 1251 observat.
1306 1220 1415 1250 ιι.87.
1445 1218 1643 1261 Bucam.

939 1269 1007 1301 Sed
1036 1269 1102 1301 hoe
1129 1269 1266 1301 videtur
1299 1278 1426 1310 parumv
1450 1269 1649 1311 probabile.-

939 1323 1102 1361 sequutus
1133 1319 1242 1360 igitur
1270 1319 1325 1352 hic
1351 1329 1426 1352 snm
1455 1320 1649 1354 editionem-

939 1369 1093 1411 Rigaltii.
1127 1369 1271 1402 Freinsh.
1311 1370 1384 1403 Nos
1396 1370 1516 1412 petiere
1529 1381 1550 1403 α
1562 1371 1647 1404 Jove

937 1421 1174 1462 praetulimus;
1205 1421 1298 1464 quia,
1318 1421 1402 1460 licet
1429 1422 1559 1464 duplex
1586 1431 1644 1456 nc->

937 1472 1108 1504 cusativus
1125 1476 1242 1514 posset
1256 1473 1405 1515 admitti,
1429 1473 1484 1507 hic
1502 1473 1649 1508 dubi-n-

937 1522 1146 1555 sententiam
1166 1522 1310 1565 faceret,
1331 1524 1428 1566 quasi
1450 1524 1562 1567 ipsum
1586 1524 1648 1559 jo·-

937 1583 1013 1606 vem
1039 1574 1104 1606 sibi
1141 1584 1257 1616 regem
1285 1575 1474 1609 voluissent
1505 1575 1643 1610 habere.

936 1624 1006 1657 vid.
1023 1624 1066 1657 ad
1083 1625 1187 1658 Ovid.
1202 1626 1290 1659 Met.
1305 1635 1371 1660 vn.
1385 1629 1461 1661 29⁰.
1483 1627 1599 1662 Bam.

982 1678 1022 1708 12
1040 1677 1085 1708 Ut
1096 1676 1315 1719 compesceret]
1331 1677 1417 1710 cod.
1432 1678 1527 1711 Pith.
1538 1676 1643 1713 ha'bet

936 1727 968 1758 oi
982 1731 1196 1769 compesceret,
1207 1727 1300 1770 quod
1317 1728 1534 1761 retinendum
1548 1729 1644 1762 vide-

936 1781 1003 1809 tur.
1027 1777 1149 1819 Neque
1161 1778 1311 1810 avulsum
1327 1778 1474 1811 arbitror
1487 1788 1551 1812 suo
1565 1779 1642 1812 loco

934 1830 1025 1862 hunc
1037 1840 1186 1872 versum,
1197 1834 1236 1862 ut
1249 1831 1356 1862 visum
1366 1835 1419 1863 est
1427 1830 1504 1864 viro
1513 1831 1642 1866 doctis-

935 1881 1040 1914 simo:
1066 1882 1116 1913 sic
1132 1882 1220 1914 enim
1237 1882 1400 1917 Rimicius
1416 1881 1568 1926 quidam,
1581 1885 1640 1927 qul

934 1931 1076 1964 Phaedri
1102 1931 1234 1965 fabulas
1255 1932 1368 1968 soluta
1389 1934 1546 1974 oratione
1562 1935 1639 1968 red-

935 1983 1035 2024 didit,
1060 1983 1206 2016 servatis
1235 1987 1276 2016 ut
1303 1984 1485 2025 plurimum
1509 1986 1641 2040 verbis,

933 2033 997 2066 hac
1027 2033 1212 2066 eademvde
1233 2043 1271 2067 re
1292 2034 1433 2077 loquens
1458 2036 1518 2077 ait,
1533 2035 1642 2070 ‘Ram

933 2088 1086 2125 vagantes
1098 2085 1133 2117 in
1154 2085 1262 2117 liberis
1276 2086 1443 2128 paludibus
1456 2090 1488 2119 et
1506 2089 1642 2129 stagnis,

933 2137 1065 2168 clamore
1077 2147 1189 2177 magno
1203 2137 1246 2169 ad
1259 2137 1370 2169 Jovem
1376 2137 1469 2177 sacto
1478 2139 1642 2180 petierunt

932 2187 994 2219 sibi
1022 2193 1184 2229 rectorem,
1212 2189 1263 2230 qm*
1291 2194 1433 2223 errantes
1455 2192 1643 2232 corrigeret:

934 2239 1071 2271 Rimicii
1087 2239 1187 2281 hujus
1203 2241 1379 2282 exemplar
1397 2241 1480 2273 mihi
1496 2251 1517 2274 e
1537 2241 1639 2277 Pala-

933 2289 1006 2321 tina
1029 2289 1247 2323 Bibliotheca
1269 2291 1508 2333 suppeditavit
1533 2293 1578 2326 V.
1591 2293 1636 2326 A.

931 2339 1042 2372 Jauus
1059 2339 1243 2381 Gruterus,
1257 2341 1366 2373 Ulmae
1388 2343 1470 2375 olim
1493 2342 1637 2386 impres-

931 2400 1016 2422 sum.
1053 2391 1197 2423 Fabulas
1210 2393 1341 2435 AEsopi,
1356 2392 1479 2426 Avieni
1491 2398 1530 2427 et
1542 2393 1636 2428 Auo-

930 2440 1024 2482 nymi
1047 2441 1157 2473 nostri
1172 2441 1376 2475 fabulatoris
1399 2444 1525 2476 Latina
1546 2443 1635 2477 Ger-

930 2491 1134 2534 manicaque
1170 2493 1326 2526 oratione
1363 2494 1532 2535 exposuit.
1591 2495 1635 2527 Id

929 2542 1132 2574 monendum
1155 2543 1220 2575 hoc
1242 2543 1318 2575 loco
1346 2543 1441 2583 duxi,
1455 2544 1548 2586 quod
1571 2545 1633 2577 ali-

929 2591 1064 2633 quoties
1090 2592 1190 2633 hujus
1219 2593 1356 2625 Rimicii
1381 2592 1534 2626 facturus
1555 2592 1633 2628 ‘sum

927 2643 1146 2675 mentionem.
1185 2644 1268 2676 Neo.
1328 2644 1438 2676 Recte
1461 2644 1514 2683 oi;
1551 2654 1634 2688 uon,

928 2693 1018 2736 quod
1033 2694 1092 2725 alii
1102 2694 1168 2735 leg.
1182 2697 1229 2726 ut.
1268 2694 1404 2735 Nempe
1416 2694 1483 2727 fine
1498 2706 1559 2730 suo
1571 2706 1631 2729 ex-

928 2749 1026 2778 terno
1051 2751 1147 2778 caret
1165 2746 1236 2786 jus,
1257 2745 1322 2777 nisi
1343 2747 1431 2779 vires
1454 2748 1628 2781 ministras

927 2796 1054 2829 habeat
1066 2807 1074 2829 τ
1087 2796 1177 2829 sicut
1189 2797 1291 2830 Solon
1303 2806 1355 2830 res
1368 2797 1517 2832 confecit
1526 2800 1630 2834 maxi·

1083 2918 1085 2921 ι
1100 2912 1118 2925 Α
