1806 3236
267 238 355 281 606

267 349 356 378 rent.
380 343 488 378 Andr.
510 343 602 377 ‘Hic
628 342 758 385 nuptiis
784 342 898 376 dictus
921 347 975 376 est

267 396 363 430 dies!
408 396 467 429 Sic
496 396 612 429 Caesar
635 394 678 427 de
707 395 797 427 Bell.
824 394 917 428 Gall.
946 404 972 428 ι.

267 448 277 466 ‘
293 447 462 481 Omnibus
501 445 604 479 rebus
640 445 685 479 ad
723 444 973 488 profectionem

267 498 474 540 comparatis
489 497 581 530 diem
603 497 737 539 dicunt,
761 507 829 540 qua
852 496 908 529 die
928 496 973 529 ad

265 550 375 591 ripam
405 548 563 581 Rhodani
593 558 710 582 omnes
739 547 971 582 conveniant)

266 602 391 643 Schiop.
409 625 415 631 .

307 655 350 686 20
372 653 557 696 [interdicit]
590 653 775 687 Absolute.
819 654 878 687 Sic
905 653 974 686 're-

265 709 355 737 rent.
381 704 471 737 Hec.
500 714 551 737 w.
566 715 614 738 sc.
632 708 662 738 1.
683 706 694 724 ⁸
710 705 904 747 Interdico,
929 715 972 738 ne

262 756 429 789 extulisse
445 760 546 788 extra
559 756 654 789 aedes
669 766 814 799 puerum
830 766 974 800 usquam

263 807 347 840 velis
359 807 380 848 ;’
403 808 471 841 hoe
483 812 553 850 est,
565 808 743 851 prohibeo.
766 808 873 849 Schef.

311 859 361 892 Ne
374 869 445 892 σιω
458 859 610 904 malefico,
621 860 693 902 ἃμ]
718 860 882 894 Caussam
896 862 975 894 red-

262 910 316 943 dit
329 910 502 953 Theognis
526 915 564 944 et
586 910 800 944 Menander:
826 921 970 954 quorum

260 961 320 995 ine
336 962 386 994 sic
401 963 437 994 in
454 962 615 995 Gnomis:
634 961 744 995 Ἦνδὲ
755 965 878 996 κακοῖσι
893 966 972 1004 Συμ-

258 1014 384 1056 μιχθῇς,
400 1013 528 1047 ἀπολεῖς
542 1012 595 1045 καὶ
605 1013 661 1046 τὸν
672 1013 763 1047 ἐόντα
773 1013 856 1048 νόον.
894 1015 969 1048 Hu-

257 1066 315 1107 jus
337 1070 453 1098 autem
470 1066 657 1111 versiculus
673 1066 778 1099 etiam
800 1077 864 1109 per
879 1066 970 1110 Apo·

260 1117 386 1150 stolum
405 1126 428 1149 ι.
445 1117 524 1151 Cor.
538 1121 589 1151 15.
605 1118 838 1152 sanctificatus
853 1123 906 1152 est
917 1120 972 1162 (ut

260 1177 338 1200 cum
364 1168 578 1201 Tertulliano
604 1170 723 1212 loquar
749 1169 793 1202 ad
819 1171 971 1203 Uxorem

239 1219 320 1253 .lib.
336 1218 382 1262 1.)
417 1219 588 1262 Φθείρουσψ
623 1220 683 1260 ἤθη
718 1219 833 1264 χρήσθ’
857 1221 972 1262 ὁμιλίαι

741 248 883 279 ΝΟΤΕ.
916 249 1186 299 VARIQRUM
1220 250 1273 282 IN

1027 343 1132 377 κακαί.
1166 345 1210 378 Id
1223 347 1408 389 est,‘B‹mon
1421 352 1624 392 corrumpunt
1636 358 1737 385 nom

1027 405 1209 438 congressus
1218 398 1307 432 mali.
1329 398 1487 433 Alteram
1501 400 1735 436 deindeenn—

1027 457 1098 480 sam
1128 447 1243 481 adfert
1272 449 1464 491 Horatium
1497 453 1579 494 quin
1608 453 1620 473 ‘
1640 460 1738 497 supe

1026 500 1205 542 Diespiter
1227 501 1419 543 Negleetus
1443 502 1579 536 incesto
1602 503 1739 538 m

1027 549 1221 592 integi-unx
1266 551 1431 585 I-itmr
1449 553 1737 596 Euripiden-‚wo-

1021 601 1081 643 jns
1096 601 1173 634 hoee
1181 605 1262 635 sunt
1275 607 1430 636 extrema
1442 604 1584 638 Electra
1595 617 1606 639 ε
1628 606 1737 640 Οὕτως

1017 651 1141 685 ’ἀδικεῖν
1152 652 1255 694 μηθεὶς
1267 652 1484 696 &Abte-,list
1498 655 1647 699 δυνάμεων
1655 657 1737 698 μέγα

1028 703 1224 744 συμπλείτω
1270 705 1381 738 Immo
1409 706 1516 740 etism
1542 708 1736 742 “eundum

1028 755 1218 789 Hesiodum
1233 766 1242 789 z
1265 755 1410 790 Πολλάκι
1423 757 1476 791 καὶ
1487 756 1633 800 ξύμ-σι
1644 759 1737 794 πόλις

1027 807 1124 839 κακοῦ
1137 806 1243 849 ἅνδρὺς
1258 807 1393 850 ἐπαυρεῖ
1419 809 1504 843 Rite.
1624 827 1627 830 >
1647 830 1649 834 ·

1070 861 1111 891 21
1139 860 1237 892 Usum
1261 859 1550 904 bm'eomaeiee]
1584 861 1737 906 Quippe,

1027 913 1066 942 ut
1094 908 1244 943 feliciter
1268 910 1326 943 ille
1350 911 1496 946 extulit:
1517 911 1579 946 τὸν
1601 912 1735 947 συνόντι

1023 958 1159 994 πάντοτε
1179 960 1345 1004 ἀνθρώποις
1364 964 1520 1006 πονηροῖς,
1538 963 1563 1002 ᾖ
1579 966 1698 1007 παθεῖν,
1711 966 1733 1005 ἢ

1022 1015 1132 1054 μαθεῖν
1144 1013 1264 1055 ἀνάγκη
1276 1026 1310 1047 τι
1323 1014 1464 1057 πονηρόν.
1487 1016 1623 1052 ΡΜκδ.
1644 1017 1734 1052 ›Cie-

1023 1065 1067 1099 de
1090 1066 1176 1104 Fiu.>
1191 1066 1253 1099 lib.
1278 1075 1336 1100 111.
1358 1067 1368 1085 ‘
1382 1067 1459 1100 Nee
1483 1077 1566 1101 vero
1587 1073 1734 1112 rectum,

1024 1125 1101 1149 cum
1126 1116 1243 1149 amicis
1265 1121 1325 1150 aut
1350 1116 1439 1150 bene
1465 1117 1731 1154 meritis'eonso·

1025 1168 1117 1201 ciare
1130 1173 1189 1202 aut
1198 1168 1408 1211 conjungere
1419 1167 1604 1211 injurium?
1624 1169 1730 1211 &fiefi

1071 1222 1248 1265 consociet]
1271 1223 1339 1257 Ms.
1354 1223 1514 1270 enuntiet.
1536 1223 1630 1258 ond.

777 1483 1028 1528 FABULA
1087 1483 1207 1528 XII.

303 1629 410 1663 Malas
424 1640 489 1663 esse
501 1629 647 1674 divit-ias]
670 1631 718 1664 Et
739 1630 803 1664 hoe
827 1635 864 1664 et
886 1631 964 1664 reli-

258 1691 326 1724 qua
352 1681 470 1714 harum
496 1681 688 1714 fabularum
713 1682 876 1715 lemmata
890 1681 966 1725 (ex-

256 1737 360 1774 cepto
375 1733 535 1765 lemmate
550 1732 623 1765 fab.
635 1736 690 1765 60.
711 1733 801 1776 quod
817 1733 862 1766 ad
878 1744 964 1776 prae·

255 1783 438 1816 cedentem
475 1793 611 1816 versum
648 1783 805 1826 spectat)
839 1794 909 1817 non
945 1795 965 1816 a

255 1833 397 1866 Phaedri
413 1843 513 1866 manu
527 1844 616 1875 esse,
632 1844 733 1868 nemo
746 1835 889 1877 abnuet,
905 1836 963 1878 qui

252 1885 459 1927 ponderabit
475 1886 531 1920 tit.
547 1885 617 1919 fab.
638 1890 672 1919 8.
695 1890 729 1919 6.
753 1890 809 1921 25.
831 1891 886 1921 32.
906 1890 962 1921 47.

253 1939 310 1969 48.
334 1939 390 1969 65.
415 1939 469 1970 72.
499 1940 553 1969 85.
581 1941 634 1971 8⁷.
657 1941 711 1970 88.
737 1941 791 1971 89.
837 1938 910 1971 Hos
925 1943 963 1972 et

253 1992 432 2029 computes
444 1989 570 2030 partim
582 1998 661 2022 esse
671 1998 824 2029 mancos,
837 1989 962 2031 partim

253 2037 522 2080 ἀπροσδιονύσους,
537 2039 687 2082 denique
709 2051 752 2072 ex
776 2041 888 2083 primo
903 2045 963 2074 aut

252 2090 409 2131 proximo
422 2099 523 2122 versu
540 2095 670 2124 temere
682 2092 838 2133 inspecto
851 2095 962 2134 natos,

251 2140 328 2182 ipsa
343 2151 411 2181 res,
425 2141 560 2182 opinor,
573 2141 715 2175 indicat.
761 2142 840 2176 Quo
851 2143 960 2185 magis

252 2192 368 2233 miror,
389 2192 606 2233 adjudicatos
629 2193 778 2226 Phaedro
800 2204 819 2225 a
834 2193 961 2228 doctis·

252 2242 338 2275 simo
356 2243 526 2284 Meursio‚
540 2248 580 2277 ut
602 2253 646 2276 ex
661 2244 789 2277 notatis
813 2245 856 2278 ad
872 2245 960 2278 hanc

250 2292 402 2327 fabulam
418 2298 566 2327 constat.
611 2295 680 2327 Sed
705 2295 837 2328 etiamsi
861 2296 958 2328 1³11ae-

250 2343 305 2375 dri
332 2349 425 2377 esset
448 2345 511 2377 hoc
536 2345 672 2386 lemma,
698 2349 811 2377 tamen
829 2346 958 2387 primus

249 2394 307 2427 ille
322 2395 388 2428 hoc
407 2406 474 2428 non
490 2395 635 2429 diceret.
672 2396 754 2428 Vid.
781 2396 864 2429 Not.
882 2397 958 2430 Rit-

250 2445 358 2478 tersh.
383 2446 426 2478 ad
454 2446 524 2478 lul.
561 2445 695 2478 Plinius
718 2446 883 2479 ‘aurum'
908 2448 958 2480 ait

249 2496 260 2515 ‘
278 2497 481 2539 proscissum
496 2497 656 2530 convitiis
672 2497 715 2530 ab
731 2498 870 2539 optimis
885 2499 957 2541 qui-

248 2547 393 2591 busque,
407 2552 443 2581 et
459 2548 502 2580 ad
526 2548 712 2590 perniciem
735 2548 815 2581 vitae
839 2558 956 2590 reper-

249 2598 345 2639 tum,'
363 2598 456 2632 Hist.
472 2599 557 2632 Nat.
575 2608 712 2632 xxxm.
730 2602 761 2632 1.
784 2599 956 2633 Caeterum

250 2658 326 2682 esse
350 2659 421 2681 rem
447 2649 572 2682 bonam
598 2649 632 2682 in
658 2659 783 2692 genere
811 2654 958 2692 naturae,

248 2700 456 2732 addubitare
478 2710 578 2733 nemo
610 2710 710 2733 sanus
740 2704 868 2743 potest,
895 2702 954 2744 qui

248 2750 379 2792 videat,
392 2754 446 2783 tot
461 2751 613 2794 quotidie
627 2751 792 2793 homines,
806 2755 859 2784 tot
871 2751 953 2784 civi-

248 2804 354 2840 tates,
380 2801 606 2834 instrumento
632 2802 697 2835 hoc
725 2801 865 2835 servari.
912 2802 954 2834 ‘rb

250 2853 353 2892 κτῆμα
368 2852 498 2895 ὄργανον
511 2854 584 2896 πρὸς
607 2853 689 2896 ζωήν
710 2855 789 2898 ἐστι,
812 2853 952 2888 effatum
972 2860 975 2862 '

1017 1635 1070 1664 est
1096 1629 1309 1673 Philosophi.
1362 1629 1465 1664 Unde
1492 1629 1723 1664 Hebraeum

1017 1692 1102 1715 voce
1150 1682 1160 1701 ‘
1174 1680 1482 1715 Commoditatem’
1529 1680 1726 1723 significant

1017 1743 1100 1776 opes
1115 1744 1124 1766 =
1141 1733 1233 1766 sieut
1248 1732 1380 1775 Latinis
1394 1732 1405 1751 ⁴
1417 1731 1534 1765 Bonae’
1547 1732 1724 1773 dicuntur,

1017 1783 1110 1826 quod
1135 1784 1253 1825 beant,
1278 1783 1313 1815 id
1338 1786 1405 1824 est,
1429 1786 1585 1826 prosunt.
1613 1783 1654 1816 L.
1668 1785 1724 1816 49.

1019 1834 1066 1867 D.
1083 1834 1126 1866 V.
1155 1834 1192 1866 S.
1217 1838 1254 1866 et
1284 1832 1429 1866 ‘Beati’
1452 1833 1586 1867 divites.
1627 1832 1723 1870 ,Quid

1017 1885 1145 1927 igitur?
1160 1886 1300 1918 schema
1315 1889 1382 1927 est,
1396 1885 1567 1919 communi
1583 1882 1724 1928 induen-

1017 1936 1053 1968 di
1068 1936 1317 1970 consuetudine
1331 1942 1511 1978 receptum
1524 1946 1535 1968 z
1557 1935 1646 1969 sient
1657 1935 1727 1968 ser-

1017 1998 1092 2021 rum
1120 1989 1131 2007 ‘
1148 1986 1306 2020 uoxium’
1329 1987 1487 2028 dicimus,
1512 1987 1604 2030 qnod
1634 1987 1722 2020 hand

1017 2049 1081 2081 per
1094 2049 1131 2072 se
1147 2042 1261 2081 nocet,
1275 2047 1394 2071 verum
1410 2037 1455 2070 ab
1469 2037 1665 2073 homiuibus
1677 2038 1720 2071 ud

1015 2091 1188 2123 hominum
1197 2089 1382 2132 perniciem
1390 2087 1579 2122 confertur.
1593 2088 1724 2123 Pro-cea.

1059 2141 1219 2175 Ridicule
1250 2145 1372 2174 contra
1396 2141 1521 2173 lemma
1544 2140 1645 2183 hujus
1672 2140 1723 2174 fa-

1014 2193 1118 2235 bulae,
1133 2196 1174 2226 ut
1200 2196 1236 2226 et
1260 2196 1383 2225 contra
1408 2192 1552 2234 primum
1574 2201 1721 2233 versum,

1012 2244 1110 2287 quasi
1125 2245 1288 2277 lemmata
1303 2254 1323 2276 a
1337 2242 1488 2276 Phaedro
1508 2248 1640 2286 esseut,
1653 2243 1721 2277 dis·

1013 2300 1116 2338 putat
1129 2295 1312 2328 Mem-sius.
1338 2295 1423 2327 Gud.

1057 2351 1074 2380 1
1095 2349 1178 2389 Opes
1192 2346 1316 2389 invisa]
1347 2346 1429 2379 Non
1451 2349 1548 2379 recte
1569 2346 1719 2389 philoso-

1011 2398 1139 2440 pharis,
1154 2397 1313 2431 Phaedre.
1336 2396 1461 2430 Odisse
1476 2406 1573 2440 opes,
1586 2407 1655 2430 non
1665 2402 1719 2430 est

1013 2450 1079 2482 viri
1102 2448 1222 2482 fortis:
1251 2448 1354 2481 immo
1379 2457 1446 2481 non
1469 2448 1563 2481 cudit
1584 2448 1641 2480 hie
1660 2448 1721 2480 ad·

1011 2499 1124 2533 fectus
1150 2501 1186 2532 in
1215 2509 1306 2541 eum,
1341 2499 1438 2541 cujus
1467 2499 1576 2531 omnis
1606 2498 1716 2532 virtus

1011 2552 1170 2584 consistit
1195 2552 1229 2584 in
1260 2551 1452 2594 aequanima
1480 2549 1659 2592 patientia,
1680 2555 1717 2582 et

1011 2612 1177 2644 generoso
1200 2605 1386 2635 contemtu.
1424 2599 1475 2633 At
1494 2600 1628 2641 sapienti
1648 2601 1716 2633 viro

1011 2654 1127 2686 dicere
1152 2653 1299 2686 fortasse
1326 2651 1478 2684 voluisti.
1520 2651 1589 2683 Sed
1604 2660 1715 2694 neque

1007 2705 1055 2737 sic
1071 2704 1201 2738 evadis.
1245 2705 1429 2745 Nunquam
1452 2701 1563 2735 oderit
1586 2702 1639 2734 vir
1663 2713 1715 2736 sa·

1008 2756 1104 2797 piens
1124 2754 1276 2796 divitias,
1292 2753 1421 2796 quippe
1443 2762 1526 2795 quas
1551 2753 1617 2785 scit
1639 2753 1714 2786 sine

1008 2807 1110 2848 culpa
1124 2809 1162 2838 et
1179 2805 1321 2838 crimine
1343 2813 1381 2836 se
1403 2804 1587 2837 admittere
1603 2814 1712 2845 posse.

1008 2858 1087 2890 Hoc
1101 2860 1234 2889 tantum
1249 2854 1367 2888 faciet.
1414 2855 1450 2888 Si
1472 2854 1623 2888 obstabit
1640 2854 1711 2888 Ho-
