1806 3236
226 223 314 266 &A

222 328 390 373 naquillus
419 330 532 364 Faber
560 335 624 372 est,
653 331 790 374 quando
811 332 861 364 ait
889 332 924 364 in

221 379 375 413 editione
390 381 530 414 Phaedri
545 382 666 415 ultima
691 393 727 425 p.
746 385 823 416 229.
854 383 865 402 ‘
877 384 927 416 Ut

220 430 378 473 AEsopius
394 436 430 464 et
441 432 605 474 AEsopeus
620 432 816 475 promiscue
831 443 927 466 usur·

221 485 361 523 pantur‚
378 491 447 514 non
468 482 560 515 idem
584 482 711 516 dixeris
729 482 773 516 de
792 482 925 526 AEsopi-

221 541 304 573 cus;
330 533 422 574 quod
444 533 533 565 enim
550 533 666 576 AEsopi
688 538 753 574 est,
774 534 809 567 id
831 534 926 567 AEso-

222 582 316 624 pium
345 584 462 620 dicere
490 584 669 626 debemus,
693 585 785 627 quod
810 588 926 617 autem

221 643 314 666 more
329 634 499 677 modoque
513 644 573 667 seu
592 637 685 677 stylo
708 635 826 678 AEsopi
849 645 927 669 con-

184 704 186 708 s
221 684 331 716 ditum
358 683 438 726 fuit,
461 685 498 717 id
524 685 721 728 AEsopicum
744 686 927 719 dicendum

221 734 311 767 fuit.’
354 736 458 768 Fallit
483 736 592 770 bonus
622 737 754 779 Faber;
790 738 876 771 adeo
905 748 926 771 a

221 795 287 828 me,
298 786 388 829 quod
405 791 504 829 putat
518 788 605 831 ipse,
618 788 842 822 dictaisthaec
857 799 925 822 non

218 837 387 878 oportuit.
427 837 466 870 Si
492 839 584 872 enim
608 839 815 882 AEsopicum‚
834 840 926 883 quod

218 889 310 931 stylo
339 893 475 923 tantum
505 891 635 934 AEsopi,
666 902 727 926 cur
756 893 925 926 Phaedrus

219 936 292 980 ipse
307 937 442 972 fabulas
449 940 553 973 hasce
567 941 688 974 maluit
700 942 853 984 AEsopias
869 953 925 976 vo-

218 990 321 1022 care?
342 991 461 1024 Verba
475 993 570 1024 clara
594 996 674 1026 sunt
695 993 757 1026 lib.
772 1002 808 1027 v.
834 1003 866 1027 c.
893 997 924 1027 1.

219 1039 279 1073 nbi
294 1040 339 1073 de
359 1041 413 1073 his
434 1042 504 1074 suis
518 1041 667 1075 fabulis:
692 1043 702 1062 ‘
716 1043 810 1077 Quas
827 1044 923 1077 AEso-

218 1090 306 1132 pias,
340 1101 410 1124 non
445 1092 575 1135 AEsopi,
610 1093 756 1127 nomino.
815 1094 923 1129 Quasi

218 1151 347 1183 paucas
361 1142 573 1183 ostenderim
599 1153 664 1186 ego
687 1145 802 1187 plures
816 1145 923 1178 disse-

218 1200 270 1233 ro,
291 1193 381 1225 Usus
406 1197 544 1226 vetusto
569 1204 707 1237 genere,
732 1195 794 1228 sed
819 1196 922 1229 rebus

220 1242 349 1276 novrs?
393 1243 463 1276 Hic
474 1248 596 1287 aperte
606 1243 691 1278 facit
706 1245 790 1278 alias
803 1246 922 1288 AEsopi

216 1292 364 1336 fabulas,
391 1296 473 1328 alias
495 1295 663 1338 AEsopias,
686 1301 921 1340 contraquam

217 1343 401 1378 dicendum
416 1347 529 1379 Faber
543 1347 789 1389 arbitrabatur,
813 1352 850 1380 et
864 1348 921 1380 ΙΕ-

215 1394 329 1437 sopias
343 1396 497 1438 appellat
508 1406 565 1430 eas
575 1407 723 1440 quoque,
735 1407 818 1440 quas
832 1407 922 1440 proe-

216 1448 273 1477 ter
293 1455 433 1488 paucas,
457 1447 500 1480 ab
522 1448 649 1489 AEsopo
664 1452 832 1489 ostensas,
847 1448 921 1490 ipse

216 1494 392 1538 disseruit,
419 1500 456 1529 et
481 1497 647 1530 confinxit
669 1507 787 1530 novas.
831 1498 921 1530 Sane

216 1550 353 1589 partem
378 1547 562 1580 maximam
588 1548 648 1580 has
671 1547 825 1590 Phaedri,
853 1557 920 1581 non

216 1598 334 1640 AEsopi
348 1609 433 1636 esse,
454 1599 531 1641 ipsa
553 1608 607 1632 res
622 1602 781 1632 testatur.
825 1600 920 1642 Ergo

214 1649 345 1690 optime
359 1650 579 1682 doctissimus
591 1650 774 1692 Menagius
788 1649 832 1682 ad
854 1650 919 1682 La-

215 1698 343 1732 iii-tium
362 1710 396 1742 p.
411 1703 464 1733 98.
485 1701 495 1718 ‘
511 1700 701 1733 Fabulator
727 1700 841 1733 dictus
865 1704 921 1733 est

213 1749 373 1792 AEsopus,
395 1760 465 1783 non
486 1750 578 1793 quod
599 1751 743 1791 primus,
767 1750 829 1782 sed
841 1750 921 1792 qnia

215 1800 394 1842 praecipue
408 1802 474 1834 hoc
489 1801 661 1834 scribendi
685 1810 794 1843 genus
808 1805 919 1833 secta-

214 1854 270 1883 tus
286 1855 354 1891 est,
376 1851 469 1884 unde
494 1856 531 1884 et
553 1851 678 1884 fabulae
703 1859 852 1884 AESOPIAE
873 1851 918 1883 si-

213 1901 311 1934 miles
325 1901 454 1935 fabulae
473 1901 658 1936 dicuntur!
692 1902 760 1936 Sed
776 1906 814 1935 et
827 1903 919 1935 Pris-

218 1952 338 1984 cianus
364 1952 478 1994 aliter‚
500 1962 541 1984 ac
561 1952 696 1984 Faber:
719 1962 799 1985 nam
822 1952 917 1985 AEso-

213 2002 288 2044 pias
311 2003 466 2044 appellat
478 2011 547 2034 non
563 2011 622 2034 eas
638 2002 758 2044 solum,
771 2011 846 2045 quae
861 2002 918 2035 ΙΕ-

213 2052 291 2094 aopi
318 2056 410 2094 sunt,
432 2052 493 2084 sed
514 2062 747 2095 quascunque.
791 2052 917 2086 Prisci-

212 2103 269 2135 ani
298 2103 403 2135 verba
425 2106 505 2135 sunt
524 2102 722 2145 clarissima,
735 2102 919 2145 desumpta

213 2162 258 2186 ex
272 2153 507 2195 Hermogene,
522 2153 606 2197 (quo
621 2162 698 2186 cum
709 2157 748 2186 et
761 2153 917 2196 Aphtho-

212 2203 288 2237 nius
301 2204 474 2238 consentit
485 2203 514 2246 z)
534 2204 545 2222 ‘
557 2204 591 2238 N
593 2203 787 2238 ominantur
801 2209 917 2238 autem

692 236 834 268 NOTAE
873 237 1134 271 VARloRUM
1169 240 1221 271 IN

979 333 1022 366 ab
1034 331 1269 368 inventoribus
1285 334 1476 372 fabularum
1496 335 1572 370 aliae
1586 336 1684 371 AEso-

978 386 1059 426 piae,
1076 385 1151 418 aliae
1166 386 1316 429 Cypriae‚
1340 386 1417 420 aliae
1435 386 1588 430 Libycae,
1604 387 1682 422 aliu

976 436 1195 478 Sybariticae.
1209 442 1220 446 ·
1239 437 1366 470 Omnes
1395 441 1510 471 autem
1533 447 1682 472 comnm-

978 487 1070 519 niter
1092 487 1252 530 AEsopiae,
1277 488 1435 531 quoniam
1459 489 1496 521 in
1510 489 1686 524 conventi-

979 536 1044 569 bus
1072 535 1272 579 frequenter
1294 539 1430 572 solebat
1454 538 1579 574 fabulis
1601 539 1683 574 πῆ]

980 587 1098 620 Habes
1113 587 1212 620 simul
1235 599 1371 622 causam
1386 590 1420 622 in
1432 590 1484 623 his
1498 590 1623 633 verbis,
1635 590 1681 624 ob

981 648 1096 680 quam,
1110 639 1259 681 quisquis
1288 639 1412 673 deinde
1434 639 1503 674 fuit
1525 641 1681 676 imitatus

979 690 1155 730 AEsopum‚
1183 689 1299 722 fabula
1316 690 1464 734 utendo,
1480 691 1586 725 etiam
1603 702 1625 725 a
1642 701 1680 725 se

980 748 1022 771 ac
1037 740 1178 781 proprio
1192 740 1329 782 ingenio
1342 740 1502 783 conficta,
1512 740 1680 785 AEsopiam

979 788 1110 822 referre
1123 790 1310 824 diceretur.
1354 790 1470 834 Atque
1491 791 1562 824 isto
1579 800 1680 825 sensu

977 839 1139 882 AEsopiae,
1162 841 1216 873 hae
1241 849 1388 884 quoque.
1431 842 1606 884 Caeternm
1627 843 1681 876 Ε·

978 891 1093 933 sopias
1121 901 1202 924 num
1224 895 1343 924 noster
1363 892 1552 936 scripserit,
1565 903 1609 927 an
1624 893 1681 927 Ε-

978 950 1113 984 sopeas,
1128 942 1270 974 dubium
1278 951 1353 975 esse
1365 946 1494 985 potest,
1503 952 1582 976 cnm
1593 951 1681 986 prae-

977 992 1095 1024 sertim
1108 993 1144 1024 in
1159 991 1365 1035 praefatione
1379 992 1474 1026 dicta
1489 993 1569 1026 libri
1583 994 1681 1037 quin-

976 1043 1005 1075 ti
1034 1043 1224 1085 posteriore
1248 1043 1352 1077 modo
1378 1044 1444 1077 hoc
1477 1044 1681 1078 vocabulum

975 1093 1126 1127 ediderit
1159 1094 1340 1137 Iugulum,
1372 1094 1489 1136 priore
1524 1095 1681 1129 Pitboens

976 1144 1122 1188 aliique:
1160 1145 1314 1187 AEsopias
1329 1145 1468 1178 vocavit
1483 1145 1681 1179 Priscianus

977 1205 1123 1238 quoque,
1137 1195 1199 1236 sic,
1213 1199 1253 1228 ut
1266 1195 1424 1238 vidimus,
1449 1200 1488 1229 et
1507 1195 1679 1230 Ausonius

975 1255 1029 1286 ep.
1045 1248 1096 1278 16.
1111 1249 1148 1277 et
1163 1244 1362 1278 Macrobius
1376 1246 1468 1279 Som.
1483 1246 1543 1280 lib.
1558 1255 1586 1280 1.
1599 1256 1631 1280 c.
1645 1249 1678 1280 2.

975 1296 1130 1337 AEsopias
1145 1305 1226 1328 vero
1236 1295 1370 1328 Seneca
1381 1296 1484 1330 Cous.
1498 1297 1542 1330 ad
1554 1297 1681 1340 Polyb.

975 1354 1006 1377 c.
1034 1348 1089 1378 27.
1120 1349 1161 1378 ut
1183 1345 1338 1378 codicem
1363 1345 1522 1389 Rigaltii,
1548 1347 1592 1380 de
1611 1356 1678 1390 qno

975 1399 1056 1428 ante
1068 1394 1151 1436 dixi,
1162 1395 1330 1430 omittam.
1371 1396 1491 1439 Atque
1504 1397 1589 1431 licet
1603 1397 1678 1431 bac

974 1445 1044 1478 sint
1081 1445 1214 1487 eadem,
1247 1450 1394 1488 propter
1428 1447 1679 1490 diphthongum

976 1495 1113 1528 Graeeae
1129 1496 1223 1529 vocis
1237 1494 1418 1538 Αἰσώπειος,
1443 1507 1547 1540 qnam
1560 1497 1678 1531 Latini

973 1555 1064 1578 nunc
1077 1555 1141 1587 per
1163 1555 1192 1588 e,
1215 1555 1306 1579 nunc
1319 1556 1384 1588 per
1396 1547 1422 1588 ι’,
1438 1546 1584 1580 reddere
1596 1556 1677 1581 con·

974 1602 1173 1640 sueverunt,
1213 1599 1380 1632 alterutro
1423 1603 1540 1632 tamen
1575 1599 1679 1634 modo

973 1649 1148 1690 scripsisse
1157 1649 1344 1682 Phaedrum
1354 1659 1495 1683 necesse
1508 1654 1575 1684 est.
1601 1691 1607 1699 .
1618 1650 1676 1684 De

973 1709 1040 1742 qno
1056 1709 1134 1732 cnm
1158 1700 1244 1732 nihil
1265 1700 1451 1734 habeamus
1461 1701 1564 1743 certi,
1575 1701 1678 1735 mira·

972 1759 1049 1782 mur
1062 1750 1235 1793 equidem,
1249 1751 1339 1794 quod
1354 1751 1471 1784 mirari
1489 1760 1566 1784 sese
1576 1750 1676 1785 dicat

970 1794 1096 1841 Faber,
1121 1800 1186 1833 hac
1207 1801 1251 1833 de
1276 1810 1316 1833 re
1339 1800 1584 1835 dubitationem
1610 1810 1674 1835 nos

972 1859 1123 1883 movere.
1169 1850 1271 1885 Quod
1287 1860 1368 1884 vero
1375 1851 1542 1894 Isidorus,
1553 1855 1592 1885 et
1602 1853 1675 1896 plc-

970 1901 1067 1943 rique
1081 1910 1125 1933 ex
1139 1901 1386 1934 recentioribus
1408 1901 1588 1944 AEsopicas
1613 1912 1675 1946 ap-

971 1950 1112 1993 pellant,
1124 1951 1254 1993 nescio,
1274 1961 1318 1984 an
1333 1951 1423 1985 bene
1435 1950 1580 1995 faciant,
1593 1962 1672 1987 cum

971 2000 1174 2034 alterutrum
1202 2011 1248 2034 ex
1283 2001 1460 2044 proedictis
1495 2002 1672 2046 requirere

970 2061 1038 2084 vox
1059 2052 1199 2094 Graeca,
1221 2061 1288 2095 qua
1301 2052 1457 2095 plerique
1471 2056 1614 2086 utuntur
1627 2062 1674 2087 ex

971 2102 1219 2145 antiquioribus
1229 2107 1267 2136 et
1280 2102 1489 2144 melioribus,
1503 2102 1672 2139 videatur.

969 2153 1089 2196 Scheff.
1111 2155 1122 2173 ‘
1134 2154 1261 2197 AEsopi'
1270 2157 1385 2187 tamen
1400 2154 1412 2173 ‘
1426 2153 1572 2188 fabulas'
1583 2155 1673 2189 dixit

970 2205 1222 2240 Quinctilianus
1236 2204 1296 2239 lib.
1310 2214 1335 2240 1.
1352 2215 1384 2240 c.
1397 2207 1431 2238 9.

766 2408 1125 2453 PROLOGUS

256 2489 277 2524 1*
297 2487 429 2528 AEsopus
442 2485 577 2528 Auctor]
610 2485 729 2529 Phryx
744 2485 917 2520 fabulator

210 2537 356 2578 AEsopus
371 2538 507 2570 caeteris
535 2538 570 2569 in
596 2537 661 2570 hoc
684 2547 810 2580 genere
833 2538 913 2571 scri-

209 2587 314 2620 bendi
326 2588 503 2620 materiam
519 2587 679 2629 praebuit‚
694 2588 749 2620 vel
762 2587 852 2630 quod
869 2597 912 2619 ex

209 2638 326 2680 primis
342 2638 490 2670 studium
509 2639 544 2670 id
557 2638 735 2679 tractavit,
750 2639 805 2670 vel
820 2638 911 2681 quod

210 2689 361 2722 creditur
375 2688 487 2730 ἄριστα.
500 2687 624 2721 πάντων
632 2688 687 2732 (ut
696 2689 745 2720 ait
756 2687 911 2731 Aphtho-

208 2738 300 2781 nius)
314 2738 492 2781 συγγράψαι
504 2738 578 2772 τοὺς
595 2738 716 2780 μύθους.
758 2738 910 2772 Avienus

209 2799 290 2821 sane
317 2799 395 2823 cum
422 2790 573 2823 Phaedro
603 2789 755 2823 materiae
787 2789 910 2822 ducem

968 2487 1032 2520 sihi
1068 2487 1231 2528 AEsopum
1263 2485 1395 2519 fatetur
1430 2485 1673 2529 praeposuisse,

967 2535 1177 2569 Praefatione
1201 2536 1244 2568 ad
1260 2535 1490 2569 Theodosium
1514 2535 1667 2578 Impera-

966 2590 1089 2618 torem.
1124 2586 1303 2618 Neveletus.

1007 2637 1141 2678 AEsopus
1151 2636 1276 2677 nudor]
1310 2635 1389 2668 Hoc
1412 2639 1527 2668 tamen
1551 2635 1586 2668 in
1606 2635 1668 2669 du-

964 2685 1055 2718 bium
1071 2690 1175 2718 vocat
1191 2685 1319 2719 Fabius
1339 2685 1399 2718 lib.
1413 2695 1448 2718 v·
1470 2686 1481 2704 ‘
1493 2685 1569 2718 111ae
1585 2696 1666 2729 quo-

965 2746 1031 2779 que
1047 2735 1185 2777 fabulae,
1206 2746 1297 2778 quae,
1317 2735 1452 2768 etiamsi
1472 2735 1516 2768 ab
1541 2735 1666 2780 AEsopo

963 2788 1126 2831 originem
1142 2797 1210 2821 non
1226 2790 1449 2830 acceperunt,
1463 2786 1557 2830 (nam
1570 2788 1666 2838 vide·
