1806 3236
393 244 597 279 rnAEnm
631 245 740 280 ran.
771 244 1078 280 AEsomARuM
1112 245 1208 279 mn.
1241 246 1275 279 1.
1305 234 1378 278 13.

151 342 285 379 elutior.
318 338 378 378 Ita
391 343 403 364 ‘
416 343 529 388 prima
541 341 681 388 puella‚’
695 344 777 378 Ter.
791 344 863 377 Eu-

149 395 250 431 nuch-
263 403 322 430 ιιι.
336 399 369 430 6.
392 400 431 430 et
444 396 488 430 de
503 406 709 440 quacunque
721 405 772 438 re,
783 405 862 439 quae

149 450 312 493 prostat,
324 451 366 481 ut
378 446 390 466 ⁴
403 446 500 490 prius
514 446 643 480 foedus’
658 447 751 482 Flor.
765 456 793 481 1.
809 450 862 480 16.

148 508 219 548 non
243 502 416 542 tempore,
444 499 506 534 sed
534 500 725 543 religione:
749 503 787 533 et
813 500 863 533 ita

148 550 287 595 pu‘sim.
313 552 429 586 Bam.

191 605 215 636 9
234 603 350 646 Atiae
359 605 477 638 seuleus
491 606 578 648 dam,
593 605 666 648 ξω]
691 605 864 639 ostendere

148 653 208 688 liic
221 664 284 698 pro
305 659 499 697 ostentare,
522 656 677 699 jactare,
703 661 743 689 ut
769 655 863 699 apud

147 705 272 749 virgil.
287 706 367 740 AEn.
381 716 418 741 v.
431 710 509 740 376.
523 709 534 728 ‘
551 708 789 751 Ostenditque
800 708 862 741 hu—

146 766 263 792 meros
274 758 389 792 latos!
435 759 506 792 Ubi
522 759 664 792 Servius
681 760 770 793 male
783 759 864 792 Vir-

148 809 269 851 gilium
284 809 532 852 reprehendit:
546 811 637 844 unde
649 815 748 854 patet
759 822 862 855 quam

147 859 355 894 inconcinne
364 860 542 894 Gebhard.
554 862 659 905 Crep.
668 871 726 896 ur.
739 865 793 896 1⁰.
804 872 863 896 vo·

147 911 256 946 luerit
267 912 325 946 hic
341 912 506 956 leghem
520 924 555 947 os
570 915 709 948 tendere.
724 915 846 950 Bnrm.

191 963 283 997 Dant
301 965 368 997 vult
382 973 487 998 vocem
504 965 681 1008 ostmdere]
718 965 862 1009 Apulei·

149 1023 207 1053 ¹¹⁸:
229 1014 346 1049 ‘Dum
371 1016 447 1050 vult
469 1016 658 1050 clarissime
676 1016 860 1061 clangere.’

193 1118 380 1162 ostendere]
402 1120 413 1139 ‘
425 1120 511 1165 Pro,
518 1120 720 1156 ostentare?
733 1122 863 1156 Salma-

147 1169 230 1203 niun.
255 1169 344 1204 Gna.

191 1224 234 1255 10
257 1221 394 1265 Emisit]
422 1223 480 1257 Sic
503 1224 646 1259 Terent.
666 1224 807 1258 Phorm.
824 1234 860 1260 v.

147 1272 182 1307 ὅ.
203 1274 215 1292 ‘
228 1273 365 1307 Emissa
379 1278 434 1308 est
447 1276 577 1310 mauu.’
615 1277 727 1320 supra
741 1276 813 1310 fab.
829 1282 862 1311 5.

146 1325 157 1343 ‘
174 1323 250 1359 Ore
265 1324 406 1360 demisit
425 1326 568 1361 cibum.'
613 1329 672 1362 Sic
696 1328 786 1362 enim
811 1328 862 1362 ibi

83 1388 90 1395 =
144 1376 216 1420 legi
229 1381 394 1420 oportere
409 1377 482 1411 dixi
507 1382 593 1422 tum,
619 1383 657 1412 et
680 1380 737 1413 vel
763 1380 861 1413 locus

144 1427 204 1463 hic
231 1428 426 1464 coufirmat.
449 1429 556 1472 Senes.
600 1432 708 1465 Forte
737 1432 861 1466 melius

146 1478 203 1515 hic
217 1478 290 1522 legi
304 1485 435 1523 posset,
455 1482 590 1516 Amisit.
633 1482 692 1516 Ita
708 1483 864 1526 Curtius,

146 1529 193 1563 de
206 1538 315 1565 corvo
331 1541 471 1576 quoque
483 1534 595 1567 verba
610 1533 756 1577 faciens,
771 1536 796 1570 l.
812 1545 863 1570 ιν.

147 1591 180 1615 c.
193 1584 228 1616 6.
244 1591 278 1615 n.
295 1585 351 1616 11.
365 1582 378 1601 ‘
394 1584 502 1618 Forte
518 1587 772 1628 praetervolans
787 1597 864 1621 cor-

146 1643 213 1667 vus
226 1633 377 1677 glebam,
399 1645 503 1679 quam
525 1637 697 1679 unguibus
713 1637 864 1682 ferebat,

147 1683 265 1718 subito
279 1685 417 1719 amisit:
462 1687 512 1720 Et
535 1687 629 1721 idem
653 1689 714 1723 lib.
725 1698 781 1722 rx.
806 1692 863 1723 26.

146 1735 157 1754 ⁸
170 1734 293 1769 Nolite
305 1740 461 1770 maturos
475 1736 609 1771 fructus
622 1749 687 1782 per
701 1740 863 1774 inertiam

149 1788 314 1822 amittere
329 1797 350 1822 e
365 1789 549 1824 manibus:
591 1790 732 1835 Apulei.
745 1793 863 1827 Meta-

148 1849 235 1874 mor.
257 1849 311 1874 vx.
333 1841 344 1860 ‘
358 1841 410 1875 Ut
431 1843 487 1876 vel
509 1852 612 1876 unam
638 1843 683 1876 de
705 1845 863 1879 manibus

148 1891 290 1926 amitt„
303 1891 468 1927 offulam-²
505 1894 564 1928 Ad
579 1905 683 1939 quem
697 1897 813 1931 locum
826 1906 862 1931 v.

149 1943 336 1980 Pricoeum.
380 1945 439 1979 Ita
464 1951 501 1979 et
524 1947 648 1980 Cicero
674 1949 772 1982 Verr.
804 1957 864 1984 111.

149 1996 204 2028 1⁸.
227 1996 238 2016 ‘
252 1995 340 2030 Cum
354 2007 428 2030 rem
439 1997 483 2030 de
499 1999 653 2032 manibus
668 2000 864 2036 amisisses!

147 2045 209 2078 Sic
234 2046 329 2088 apud
347 2047 490 2082 Lucret.
512 2057 563 2082 ιν.
578 2052 654 2082 507.
677 2051 864 2085 Lambinus

150 2096 238 2139 legit
250 2108 260 2130 ι
271 2097 282 2115 ‘
298 2097 412 2132 Quam
425 2099 584 2133 manibus
600 2101 785 2135 manifesta
795 2103 866 2136 suis

150 2147 313 2182 amittere
328 2150 543 2193 quaequamx’
564 2161 628 2194 pro
650 2153 806 2196 emittere,
829 2158 866 2188 et

150 2199 294 2243 egregie
325 2200 493 2234 vindicat.
537 2203 615 2236 Nec
646 2208 743 2237 recte
780 2210 867 2247 puto

152 2251 331 2284 Muretum
357 2258 396 2285 et
410 2251 608 2286 Acidalium
624 2254 717 2297 apud
738 2255 868 2290 Aucto·

151 2311 226 2336 rem
242 2301 384 2345 Dialogi
405 2302 450 2336 de
476 2302 619 2338 Orator.
645 2315 723 2349 cap.
739 2309 771 2340 5.
802 2317 866 2350 pro

149 2355 161 2373 ⁴
177 2353 322 2389 Amittit
350 2356 529 2399 studium:
562 2358 698 2391 Emittit
723 2359 864 2403 legere:

148 2416 234 2440 ,nam
248 2406 299 2442 sic
315 2408 441 2451 passim
457 2409 550 2452 apud
567 2410 786 2453 Ciceronem,
809 2412 867 2444 Li-

153 2458 263 2500 vium,
278 2464 316 2492 et
328 2459 515 2502 Caesarem,
536 2460 546 2478 ‘
561 2460 724 2494 amittere
735 2463 866 2495 occasi-

153 2509 281 2544 onem.’
310 2509 368 2544 An
384 2517 501 2545 tamen
516 2523 586 2546 non
603 2515 730 2548 rectius
748 2517 867 2550 Omisit

154 2561 344 2605 legendum
372 2562 431 2604 sit,
474 2563 726 2598 dubitationem
754 2567 868 2610 injicit

155 2611 276 2647 Acron
303 2613 346 2649 ad
370 2614 497 2648 Horat.
513 2615 588 2648 Sat.
614 2625 658 2649 11.
680 2619 714 2650 6.
744 2624 796 2651 vs.
813 2621 867 2652 56.

155 2663 218 2698 ubi
232 2664 322 2698 hanc
337 2666 494 2698 eamdem
510 2664 678 2709 fabulam,
696 2668 741 2701 ad
765 2680 867 2713 quam

157 2713 332 2749 adluserat
347 2716 526 2759 Horatius,
539 2717 651 2752 refert
661 2719 714 2753 his
730 2721 866 2755 verbis:

157 2766 168 2785 ⁴
181 2766 328 2809 eorm,
340 2777 420 2801 cum
442 2769 597 2812 praedam
613 2780 674 2803 ore
696 2777 870 2815 portaret,

159 2817 321 2853 laudatus
335 2829 356 2851 a
372 2820 487 2862 vulpe,
502 2821 594 2864 quod
610 2821 733 2856 bonam
750 2833 870 2857 vocem

155 2867 316 2913 haberet,
329 2870 479 2906 clamare
503 2872 688 2918 incipiens,
711 2874 871 2911 omissam

1537 233 1626 278 373

913 343 1068 386 praedam
1096 342 1239 386 perdit!
1296 342 1346 375 Et
1369 341 1411 375 L.
1437 340 1626 383 Septimius

912 396 1063 439 (Dictyn
1078 395 1282 428 Cretensem
1298 391 1442 435 vocant)
1458 392 1519 425 lib.
1537 401 1573 425 v.
1590 395 1627 425 7.

912 448 923 467 ⁴
933 446 1020 480 Avis
1038 446 1155 490 aquila
1170 445 1320 478 stridore
1332 453 1457 487 magno
1470 442 1629 476 immittit

914 507 965 540 se,
1000 501 1108 541 atque
1145 501 1304 530 extorum
1334 500 1473 539 partem
1509 494 1628 537 eripit,

913 558 1063 593 moxque
1079 548 1305 591 supervolans
1328 546 1373 579 ad
1397 556 1502 580 naves
1527 546 1629 579 Grae-

914 610 1034 634 corum
1047 599 1176 642 pergit,
1190 599 1308 642 ibique
1322 602 1462 641 raptum
1474 597 1629 631 omittit:

915 652 1022 696 Apud
1047 652 1190 685 Terent.
1215 650 1368 694 Adelph.
1394 661 1430 683 v.
1461 653 1495 683 8.
1517 650 1528 669 ‘
1545 651 1629 684 Non

913 702 1073 745 omittis,’
1111 703 1222 736 Micio
1251 703 1340 736 dicit
1369 703 1532 745 Demeae,
1569 701 1630 745 qui

913 755 1069 789 manibus
1095 765 1174 789 eum
1190 755 1347 789 tenebat.
1394 755 1520 788 Senec.
1536 753 1631 797 Aga-

912 817 1039 840 memn.
1056 809 1132 840 141.
1152 807 1163 826 ‘
1179 806 1333 840 Proinde
1358 806 1458 839 omisi
1473 805 1630 848 regimen

914 870 935 893 e
955 860 1112 893 manibus
1127 858 1238 892 meis.²
1283 858 1375 891 Vide
1401 861 1438 892 et
1460 857 1506 891 ad
1522 855 1628 891 Ovid.

913 910 1033 945 Amor.
1049 919 1092 945 11.
1109 915 1142 945 1.
1159 914 1214 945 17.
1237 911 1354 944 Burm.

957 965 997 995 ll
1025 961 1155 1004 Vulpes]
1180 962 1249 995 Ms.
1265 962 1379 1004 vulpis.
1403 961 1527 996 Heius.

957 1017 999 1047 12
1025 1013 1104 1047 Tam
1130 1013 1270 1055 demum]
1308 1013 1499 1055 Eleganter
1529 1012 1631 1045 notat

906 1065 1036 1110 judicii
1050 1064 1266 1098 tarditatem.
1287 1065 1430 1097 Terent.
1442 1064 1574 1097 Heaut.
1587 1073 1631 1097 11.

912 1128 961 1151 sc.
977 1121 1010 1151 3.
1032 1118 1043 1137 ‘
1059 1117 1157 1150 Vah!
1185 1125 1278 1149 nunc
1295 1115 1433 1148 demum
1448 1115 1635 1157 intelligo!

911 1169 1014 1203 Adde
1026 1169 1138 1202 Andr.
1153 1178 1191 1202 v.
1204 1178 1253 1202 sc.
1270 1171 1302 1202 3.
1315 1167 1432 1211 ibique
1442 1167 1631 1200 Donatum.

911 1220 1033 1263 Scheff.

958 1272 1056 1305 Corvi
1069 1273 1218 1315 deceptus
1231 1271 1358 1314 stupor]
1396 1270 1441 1304 Id
1456 1273 1537 1313 est,
1547 1270 1632 1303 Cor-

911 1334 975 1358 vus
992 1324 1167 1367 stupidae.
1209 1323 1267 1357 sic
1295 1325 1417 1356 ‘error
1443 1319 1634 1363 Herculis,'

911 1377 949 1411 id
977 1380 1045 1418 est,
1069 1376 1243 1410 Hercules
1273 1384 1406 1416 errans,
1432 1378 1473 1407 ut
1499 1373 1574 1406 dixi
1596 1373 1634 1406 in

912 1428 1182 1462 Verisimilibus.
1228 1427 1287 1461 Sic
1316 1426 1484 1469 Virgilius
1504 1425 1539 1458 in
1553 1434 1633 1468 pro-

911 1480 1102 1514 lusionibus
1117 1481 1127 1499 ‘
1139 1478 1355 1513 noctuinum’
1372 1483 1475 1512 vocat
1489 1478 1500 1497 ⁴
1512 1482 1634 1521 stupo-

913 1531 1012 1573 rem‚'
1025 1531 1063 1564 id
1085 1536 1154 1574 est,
1174 1530 1347 1564 hominem
1368 1529 1570 1573 stupidum:
1596 1532 1635 1563 et

914 1583 1073 1617 Catullus
1094 1583 1276 1616 similiter:
1299 1582 1414 1615 ‘Talis
1440 1582 1508 1614 iste
1534 1590 1632 1614 meus

914 1639 1038 1677 stupor
1052 1634 1102 1667 nil
1115 1634 1225 1676 videt,
1234 1633 1320 1666 nihil
1333 1632 1452 1666 audit!
1496 1633 1552 1665 De
1565 1641 1634 1676 quo

913 1685 1006 1719 infra
1020 1685 1084 1719 sub
1099 1684 1216 1719 finem.
1238 1684 1371 1728 Βελίαρ.
1415 1684 1459 1717 Id
1481 1687 1548 1726 est,
1559 1678 1636 1717 co'r-

914 1745 978 1770 vus
1015 1736 1203 1780 stupidus3
1237 1737 1372 1779 aliquot
1398 1735 1561 1778 exempla
1588 1735 1635 1768 ad

915 1790 1115 1834 Oppianum
1154 1790 1222 1824 Vir
1258 1789 1403 1824 doctiss.
1450 1788 1633 1823 conradus

914 1843 1167 1877 Rittershusius
1191 1843 1391 1886 congessit:
1414 1842 1490 1876 haec
1514 1845 1634 1875 autem

914 1896 983 1929 erit
993 1905 1073 1928 mea
1085 1895 1253 1938 symbola.
1298 1893 1405 1936 Apud
1421 1893 1635 1936 Martialem,

913 1946 1120 1980 ‘doctorum
1146 1946 1255 1979 corda
1291 1945 1465 1987 virorum,'
1501 1945 1538 1978 id
1566 1949 1635 1987 est,

915 1997 1014 2031 docti
1024 1998 1102 2031 viri.
1139 1995 1245 2040 Apud
1264 1997 1482 2040 Euripidem,
1497 1996 1572 2038 ἐμὸν
1585 1995 1635 2030 δέ·

915 2060 976 2091 uus
991 2060 1071 2092 pro,
1094 2059 1170 2082 me:
1194 2048 1234 2080 τὸ
1263 2048 1323 2082 σὺν
1357 2048 1452 2090 δέμας
1480 2059 1558 2092 pro,
1584 2053 1636 2090 te,

918 2101 1012 2145 apud
1030 2101 1178 2134 eundem
1193 2101 1228 2133 in
1243 2100 1404 2134 Hecuba.
1451 2100 1510 2134 Ita
1530 2100 1554 2133 ὦ
1575 2113 1634 2141 μη·

916 2153 987 2196 τρὺς
1008 2153 1086 2194 ἐμᾶς
1108 2151 1221 2194 σέβας,
1258 2162 1323 2195 pro
1348 2151 1373 2184 ὦ
1394 2154 1494 2196 μῆτερ
1514 2155 1635 2190 ‹refluc-

916 2205 996 2247 μίαε
1020 2206 1072 2238 ita
1086 2203 1247 2246 Μέμνονος
1260 2203 1327 2246 βία,
1344 2213 1418 2246 *pro
1445 2205 1635 2237 Memnone

918 2258 995 2301 ipso
1011 2257 1105 2300 apud
1128 2257 1332 2298 Pindarum,
1357 2259 1395 2289 et
1410 2256 1504 2298 alibi,
1519 2255 1636 2289 Αῖάκου

917 2309 1036 2342 παίδων
1060 2309 1091 2341 τ’
1119 2308 1209 2351 ὀργαὶ
1230 2308 1317 2352 (quo
1338 2308 1413 2340 loco
1437 2307 1516 2351 ὀργὴ
1537 2308 1635 2341 indo-

917 2362 969 2396 les
985 2361 1056 2406 est)
1079 2371 1143 2404 pro
1170 2361 1295 2394 AEacus
1318 2364 1356 2393 et
1375 2359 1448 2394 filii.
1492 2360 1560 2394 His
1574 2360 1636 2393 ad·

917 2414 980 2446 das
1009 2413 1164 2456 lepidum
1194 2411 1279 2444 illud
1307 2411 1424 2452 Ennii,
1454 2411 1552 2445 ‘Olli
1580 2420 1635 2443 re·-

920 2464 1063 2506 spondit
1079 2464 1192 2496 suavis
1204 2472 1306 2495 sonus
1320 2461 1482 2503 Egeriai!
1515 2461 1558 2494 Id
1570 2466 1637 2503 est,

918 2516 950 2548 ei
964 2517 1182 2558 suaveloquens
1208 2514 1342 2555 AEgeria
1360 2513 1533 2555 respondit.
1578 2513 1637 2546 Ita

918 2567 928 2586 ‘
946 2577 1059 2600 meum
1082 2566 1155 2599 cor’
1171 2576 1247 2609 pro,
1271 2575 1348 2607 ego.
1369 2564 1462 2606 apud
1486 2564 1636 2598 eundem

918 2629 1000 2662 pag.
1015 2627 1137 2651 xxvu.
1153 2617 1369 2651 collectionis
1391 2615 1635 2650 Scriverianae.

919 2669 978 2702 Ita
1002 2669 1153 2712 denique
1169 2667 1264 2710 apud
1294 2667 1453 2699 Persium
1469 2666 1478 2684 ‘
1493 2676 1552 2698 cor
1568 2667 1637 2699 En·

919 2719 991 2762 nii,'
1022 2730 1085 2763 pro
1111 2720 1223 2752 Ennio
1250 2719 1338 2762 ipso.
1377 2718 1458 2751 Fab.
1489 2719 1636 2753 Dictum

921 2775 975 2804 est
1006 2781 1109 2814 supra
1135 2781 1166 2804 c.
1195 2773 1227 2803 8.
1272 2769 1376 2803 Adde
1401 2779 1537 2812 quoque
1552 2770 1636 2803 Bar.

922 2822 1032 2856 thium
1069 2822 1202 2856 Adver.
1242 2820 1302 2854 lib.
1347 2830 1410 2854 Lu.
1440 2824 1472 2854 2.
1516 2821 1636 2864 Stupui-

922 2873 1073 2909 refertur
1089 2873 1132 2908 ad
1149 2873 1313 2916 animum,
1341 2878 1377 2906 et
1389 2877 1577 2916 usurpatur
1593 2873 1635 2907 de
