1806 3236
433 622 798 684 JUDICIA
855 624 970 683 ET
1022 615 1584 686 TESTIMONIA
1640 609 1643 618 '‘

694 828 815 898 DE
894 813 1371 880 PHAEDROs

452 1230 482 1275 J
485 1244 652 1276 oannes
672 1231 892 1276 Cardinal.
910 1234 1042 1277 Bona
1058 1234 1102 1276 in
1120 1233 1295 1278 Notitia
1314 1232 1573 1281 Auctorum.
1611 1292 1615 1294 .

284 1320 558 1380 PHAEDRUS
587 1337 756 1390 Thrax,
789 1337 981 1393 Augusti
1022 1337 1218 1381 Caesaris
1250 1338 1449 1389 libertus,
1476 1337 1739 1390 fabularum,

285 1417 413 1459 quas,
434 1406 513 1447 ut
501 1419 600 1461 ipse
619 1406 685 1448 ait
702 1407 780 1449 lib.
801 1417 847 1447 v.
877 1406 1150 1449 auctoritatis
1172 1407 1316 1460 gratia
1337 1406 1554 1463 AEsopias
1571 1419 1741 1449 nuncu-

283 1473 422 1526 pavit,
440 1473 576 1515 libros
597 1473 791 1528 quinque
811 1473 1077 1529 conscripsit
1094 1472 1308 1556 Iambicis
1324 1474 1524 1554 versibus
1548 1473 1741 1517 cultissi-

284 1538 370 1580 mis
388 1542 432 1582 et
449 1539 830 1595 elegantissimis.

554 1661 750 1705 Thomas
771 1662 1011 1705 Reinesius
1032 1662 1295 1718 Eponymol.
1316 1629 1466 1705 incdit.

344 1745 565 1790 Phaedrus
581 1746 750 1798 Thrax,
770 1744 964 1801 Augusti
994 1748 1095 1791 Lib.
1123 1748 1298 1791 fabulas
1320 1747 1484 1810 AEsopi
1503 1747 1742 1803 pulcherri-

286 1813 371 1855 mis
388 1814 594 1856 versibus
613 1814 783 1856 Latinis
801 1814 1003 1857 reddidit.

327 1933 531 1977 Jacobus
549 1934 868 1978 Bidermannus
886 1948 912 1978 e
931 1934 1036 1979 Soc.
1056 1934 1087 1978 J
1089 1948 1170 1979 esu
1187 1935 1371 1990 Utopiae
1389 1927 1467 1979 lib.
1488 1947 1521 1978 1.
1541 1949 1644 1993 pag.
1659 1937 1703 1980 3.

345 2020 583 2065 Phaedrum
597 2021 718 2064 horis
740 2021 989 2064 subsecivis
1007 2035 1086 2077 per
1098 2022 1327 2078 proximos
1340 2021 1508 2078 priores
1525 2022 1620 2065 dies
1639 2022 1743 2077 legi,

288 2089 459 2131 Tiberii
477 2090 692 2144 principis
719 2089 937 2141 libertum,
968 2089 1150 2133 doctum
1174 2093 1320 2133 cetera
1342 2089 1598 2144 scriptorem
1617 2092 1661 2132 et
1679 2089 1744 2133 fa·
1763 2092 1768 2099 '

288 2157 531 2199 bulatorem
551 2169 657 2199 sane
671 2170 757 2199 non
775 2156 1027 2211 inficetum3
1048 2157 1211 2212 quique
1228 2156 1452 2212 probioris
1472 2157 1744 2212 aliquantum

288 2224 467 2275 indolis,
503 2237 639 2278 quam
674 2224 809 2267 hodie
841 2225 1052 2279 pleraque
1082 2214 1332 2267 >fabularum
1362 2229 1638 2277 commenta}
1668 2228 1745 2267 aut

290 2292 437 2334 verius
458 2292 543 2334 aevi
562 2291 701 2334 nostri
721 2291 967 2334 dedecora:
996 2292 1041 2334 in
1061 2292 1224 2346 quibus
1251 2291 1447 2345 legendis
1477 2296 1642 2346 proeter
1665 2292 1744 2335 bo-

290 2371 370 2401 nas
389 2359 536 2411 horas,
556 2371 722 2402 morum
743 2372 917 2414 quoque
935 2359 1262 2414 animorumque
1281 2358 1555 2413 dispendium
1574 2362 1654 2402 est.

417 2480 448 2524 J
450 2493 491 2523 o.
513 2479 717 2523 Pricaeus
731 2481 848 2524 notis
869 2481 916 2523 in
935 2480 1119 2537 Apuleii
1139 2479 1406 2536 Apologiam
1425 2492 1526 2535 pag.
1545 2478 1616 2522 18.

349 2565 563 2608 Phaedrus
581 2564 880 2620 lepidissimus
901 2564 1174 2609 Fabularum
1186 2563 1394 2619 Scriptor.

449 2684 619 2741 Caspar
641 2684 849 2728 Barthius
869 2684 1107 2727 Adversar.
1127 2684 1209 2727 lib.
1231 2693 1362 2725 xxx.
1384 2696 1485 2738 cap.
1507 2683 1578 2726 22.

352 2768 571 2823 Ingenuas
605 2768 786 2812 Phaedri
820 2768 995 2812 fabulas
1029 2780 1056 2809 a
1087 2767 1231 2823 prima
1263 2766 1455 2823 pueritia
1495 2767 1541 2808 in
1569 2765 1742 2809 deliciis
