1806 3236
224 256 308 301 598

224 363 295 396 rius
310 363 404 396 dicta
420 373 440 396 a
454 372 508 396 me
523 365 614 404 sunt,
629 362 758 395 diserte
773 372 930 396 asserun-

223 419 292 449 tur.
325 415 438 448 Faber.
482 415 609 447 Saltem
638 414 798 456 opinione
825 415 930 457 vulgi,

224 476 268 499 ex
296 477 363 510 qua
392 476 459 498 non
486 466 688 499 indecenter
721 470 844 499 nasuto
877 467 927 499 illi

223 517 354 551 Noster
368 516 489 549 tribuit
503 516 591 549 hanc
605 517 822 550 sententiam.
857 517 928 550 Ali-

223 576 261 599 as
277 567 425 610 aequales
440 565 513 599 fere
528 566 639 609 fuere,
653 571 692 600 ut
704 572 800 600 recte
813 568 929 601 Faber

223 618 338 651 docet.
392 620 596 661 Quanquam
622 619 688 652 alia
713 620 801 653 ratio
822 619 928 654 fuerit

222 670 371 711 Jasonis,
396 670 462 702 alia
486 671 628 712 Minois,
651 675 691 703 ut
717 671 854 713 prolixe
875 681 928 704 os·

222 721 318 754 tendi
345 721 389 754 de
403 722 509 755 Milit.
526 722 651 755 Navali
671 722 719 754 lib
736 731 763 754 1.
787 732 818 755 c.
836 725 866 755 1.
890 727 927 756 et

221 773 281 806 lib.
296 782 337 805 ιι.
352 782 382 806 c.
395 776 425 805 1.
449 773 507 805 ubi
523 773 628 806 habes
645 774 793 807 omnium
806 774 927 808 horum

223 824 486 866 expositionem.
511 824 618 864 Schef.

266 878 309 907 19
330 875 531 916 Per-domuit]
569 875 737 908 Instituto
751 876 854 908 maris
868 876 927 908 im·

223 926 333 969 perio,
349 926 393 958 de
408 936 475 969 quo
499 926 556 969 egi
580 927 733 959 nonnihil
757 928 927 970 praedicto

223 985 342 1018 opere,
371 986 539 1019 agamque
569 977 756 1018 diligenter
779 978 814 1009 in
839 978 928 1011 illius

223 1038 313 1062 nova
326 1029 489 1071 editione,
505 1040 580 1072 quae
595 1040 687 1062 nunc
711 1034 763 1063 est
778 1031 841 1063 sub
857 1041 930 1064 ma-

221 1080 333 1114 nibus.
370 1081 427 1113 Sic
442 1080 548 1121 enim,
560 1090 636 1113 cum
649 1081 714 1114 ista
728 1082 928 1124 scriberem,

222 1131 435 1164 credideram
466 1132 684 1174 typographo
713 1131 930 1166 Amsteloda-

221 1183 342 1224 mensi,
373 1184 431 1226 qui
455 1184 545 1216 ultro
571 1184 757 1217 editionem
782 1185 883 1218 istam
909 1196 929 1218 a

221 1243 277 1266 me
293 1237 498 1276 poposcerat
520 1244 585 1276 per
598 1235 734 1268 litteras
751 1245 819 1267 non
831 1246 928 1269 unas.

223 1285 301 1319 Quo
321 1285 504 1326 justiorem
532 1284 644 1318 habeo
667 1295 821 1318 caussam
848 1297 928 1319 con-

221 1335 389 1394 querendi
416 1336 520 1368 etiam
549 1336 690 1378 publice
716 1337 759 1369 de
784 1338 929 1379 perfidia

219 1385 341 1428 ipsius,
353 1396 434 1419 cnm
460 1387 655 1428 praesertim
679 1397 743 1429 per
756 1396 832 1420 eam
846 1389 929 1421 mihi

220 1442 340 1479 erepta
352 1437 398 1470 sit
412 1438 546 1470 occasio
562 1438 790 1487 pulcherrima
802 1439 928 1473 edendi

221 1487 295 1530 ejus
311 1488 425 1530 operis
440 1488 476 1520 in
492 1489 703 1521 Germania
687 1499 761 1531 Jam
773 1493 855 1522 ante
870 1499 928 1523 an-

220 1547 282 1570 nos
297 1539 484 1581 plusculos.
507 1539 612 1579 Schef.

262 1592 306 1621 20
325 1590 494 1632 Exemplo]
517 1590 707 1633 Supplicio,
722 1603 834 1634 poena.
853 1594 927 1627 (3ae-

222 1650 277 1672 sar
289 1641 330 1673 B.
343 1640 389 1673 G.
402 1650 426 1674 ι.
459 1644 468 1660 ‘
487 1641 637 1674 Obsides
654 1641 853 1677 nobilissimi
869 1655 927 1678 cu-

214 1692 341 1734 jusque
370 1692 497 1725 liberos
540 1703 694 1736 poscere,
723 1698 760 1727 et
804 1696 838 1728 in
869 1706 926 1729 eos

220 1743 334 1776 omnia
357 1745 514 1786 exempla
536 1745 778 1788 cruciatusque
800 1747 928 1781 edere.'

218 1793 364 1826 Terent.
380 1795 467 1826 Eun.
490 1800 558 1828 act.
574 1805 609 1828 v.
636 1806 684 1829 sc.
700 1801 733 1829 5.
771 1799 781 1816 ‘
795 1799 927 1831 Futura

221 1845 381 1887 exempla
421 1845 544 1878 dicunt
582 1846 625 1879 In
658 1856 736 1880 eum
766 1848 928 1892 indigna!

220 1894 351 1929 Donat.
376 1896 386 1914 ‘
403 1896 536 1929 Graves
553 1907 676 1940 poenae,
692 1909 768 1942 quae
784 1905 927 1942 possunt

221 1947 359 1980 caeteris
374 1948 581 1982 documento
607 1961 697 1993 esse,
721 1955 861 1996 exempla
877 1953 928 1986 di·

220 1998 367 2031 cuntur.'
389 1998 495 2040 Schef.
537 2002 582 2034 V.
598 2002 750 2036 Gellium
765 2014 815 2037 vl.
830 2008 881 2038 14.

263 2050 436 2092 Impetum]
471 2051 651 2085 Incursum
676 2053 863 2095 piratarum
878 2056 927 2088 iu-

219 2100 356 2142 telligit,
385 2105 422 2133 et
450 2101 498 2144 id,
534 2102 626 2145 quod
656 2104 699 2136 de
732 2105 928 2148 inhospitali

219 2151 336 2184 Ponto
352 2158 589 2195 pra’cesserat,
600 2155 753 2197 respicit.
776 2157 867 2189 Vide
883 2158 927 2190 de

220 2201 297 2235 Mil.
313 2202 438 2235 Naval.
474 2203 567 2245 Scio,
586 2204 669 2237 alios
696 2206 856 2249 accipere
883 2209 927 2241 de

218 2254 358 2296 injuria,
382 2265 446 2297 per
482 2256 611 2288 caedem
649 2257 826 2301 Androgei
864 2260 927 2293 filii

218 2305 315 2339 facta
330 2307 441 2340 Minoi
457 2307 500 2340 ab
524 2307 806 2353 Atheniensibus,
822 2316 926 2355 atque

219 2357 270 2390 ita
286 2362 323 2390 et
338 2358 516 2401 Interpres
532 2360 663 2393 Gallus.
708 2361 776 2393 Sed
792 2372 859 2404 qua
875 2373 926 2395 ra-

219 2408 313 2441 tione
327 2409 461 2451 impetus
480 2411 597 2443 vocari
621 2411 743 2453 possit,
766 2413 926 2455 equidem

219 2460 308 2492 haud
326 2461 436 2493 video.
481 2462 619 2494 Etenim
634 2462 767 2503 impetus
792 2463 846 2495 hic
867 2474 926 2505 po-

220 2510 305 2542 situs
320 2520 382 2552 pro
407 2511 666 2554 impetentibus,
687 2512 778 2544 sicut
805 2513 881 2545 Lib.
897 2523 923 2546 1.

220 2571 252 2594 c.
268 2566 299 2595 5.
343 2563 353 2581 ‘
371 2562 601 2605 Improbitas'
617 2574 680 2607 pro
695 2564 856 2606 improbis
870 2578 878 2598 :
894 2577 925 2599 c.

221 2615 271 2645 13.
301 2613 311 2630 ‘
329 2613 470 2656 Stupor’
486 2624 549 2656 pro
565 2616 717 2659 stupido,
732 2618 795 2649 διο.
818 2617 927 2658 Schef.

219 2664 263 2697 V.
278 2665 316 2697 C.
331 2664 479 2698 Pithoei:
510 2666 684 2708 imperium.
727 2668 834 2709 Lege,
848 2670 926 2701 Jus-

219 2718 304 2758 tz'que
318 2717 490 2750 vindicavit
505 2720 676 2761 exemplum
691 2720 815 2761 imperi,
831 2722 925 2762 quasi

219 2767 335 2799 dicat:
371 2767 566 2810 Acquisivit
591 2770 656 2802 sibi
680 2770 814 2802 laudem
839 2771 925 2813 justi

219 2817 368 2860 imperii,
390 2829 451 2860 pro
466 2821 624 2861 exemplo
643 2821 730 2862 justi
752 2821 925 2864 Principis

222 2874 274 2902 est
301 2871 459 2914 habitus3
484 2873 532 2905 sic
553 2874 566 2892 ‘
579 2874 762 2908 Vindicate
779 2875 925 2918 laudem,

694 266 836 300 NOTAE
867 267 1132 301 VARIORUM
1167 267 1218 301 IN

978 363 1166 406 honorem,'
1195 363 1287 407 apud
1313 364 1537 398 Pater-culum
1561 362 1686 434 sepes

979 414 1038 448 lib.
1052 423 1093 448 ιι.
1108 424 1139 448 c.
1157 417 1231 449 121.
1254 416 1370 450 Heius.

1022 468 1063 498 21
1086 465 1200 498 Lector
1216 467 1310 509 Cato]
1342 467 1412 500 Sed
1437 470 1475 500 et
1500 467 1684 500 censeret

979 516 1067 549 Cato
1090 516 1221 559 duplex
1250 518 1446 551 severitatis
1477 518 1685 560 exemplum

977 567 1056 601 Val.
1070 577 1113 600 ιι.
1129 577 1159 601 c.
1174 571 1206 601 9.
1221 572 1258 601 et
1272 558 1365 602 idem
1376 578 1419 602 11.
1434 579 1467 603 c.
1483 571 1537 602 to.
1559 569 1570 589 ‘
1581 568 1684 603 Quin·

978 619 1054 661 quis
1075 624 1232 652 sanctum
1248 624 1285 653 et
1301 621 1474 663 egregium
1489 621 1598 659 civem
1616 621 1684 664 sig·

977 668 1118 702 nificare
1132 670 1229 712 velit,
1242 670 1304 703 sub
1316 671 1452 704 nomine
1468 672 1611 705 Catonis
1624 671 1684 705 de-

976 719 1096 754 finiat!
1143 722 1231 759 Quid
1256 732 1330 764 ergo
1354 732 1477 765 possum
1494 722 1608 764 saun
1618 723 1684 764 dio,

975 771 1071 803 lector
1084 771 1189 806 Cato?
1210 773 1402 805 Salmasius.
1425 773 1514 806 Gud.

1002 819 1131 855 'Lector
1143 823 1238 865 Cato]
1278 823 1321 856 Id
1337 827 1404 865 est,
1431 823 1490 866 qui
1514 794 1685 866 perpetuo

976 871 1125 905 frontem
1141 877 1355 915 caperatam,
1369 877 1406 906 et
1428 873 1527 912 senili
1543 873 1686 907 tristitie

977 926 1131 958 striatam
1147 926 1251 968 geris,
1261 931 1365 969 teque
1377 927 1545 958 morosum
1561 934 1603 958 ac
1615 924 1687 965 fans

978 976 1139 1009 tidiosum
1154 986 1306 1010 meorum
1330 977 1516 1010 carminum
1529 975 1686 1019 judicem

978 1028 1134 1070 praebes:
1172 1029 1241 1070 cui,
1275 1028 1438 1072 quicquid
1474 1037 1586 1070 agam,
1613 1028 1686 1060 sive

980 1078 1069 1121 quod
1103 1088 1225 1112 recens
1266 1079 1451 1122 inveniam,
1481 1079 1564 1117 sive,
1594 1078 1687 1121 quod

978 1129 1157 1172 antiquum
1188 1140 1352 1173 reponam
1379 1134 1485 1175 atque
1508 1129 1687 1173 refingnmfi

979 1190 1153 1224 nunquam
1181 1181 1369 1224 satisfacio,
1403 1189 1587 1225 nunquam·
1611 1182 1688 1224 pto:

979 1240 1052 1264 ceo.
1091 1232 1148 1264 Sic
1172 1233 1358 1265 Petronius
1385 1231 1546 1266 Arbiter:
1574 1231 1686 1267 ‘Quid

978 1291 1033 1314 me
1049 1283 1217 1324 spectatis
1228 1283 1419 1319 constricta
1439 1282 1568 1325 fronte,
1583 1283 1687 1316 Cato·

978 1336 1063 1367 nes?
1099 1335 1350 1378 Damnatisque
1373 1345 1471 1368 novas
1485 1335 1687 1378 simplici-ta-

980 1385 1023 1417 tis
1049 1395 1135 1427 opus
1151 1385 1175 1417 ?’
1211 1386 1341 1419 Notum
1367 1390 1419 1418 est
1440 1386 1476 1419 in
1501 1386 1588 1420 tales
1601 1385 1688 1418 illud

979 1437 1172 1479 Satyricum
1186 1448 1195 1469 z
1230 1437 1241 1455 ‘
1256 1438 1397 1470 Tertius
1413 1447 1433 1470 e
1447 1437 1536 1470 coelo
1558 1436 1689 1470 cecidit

979 1487 1090 1521 Cato.'
1126 1488 1222 1521 Nota
1252 1488 1392 1521 Catonis
1414 1489 1601 1522 severitasz
1627 1488 1688 1531 qui

979 1538 1029 1570 ita
1045 1538 1089 1570 de
1102 1548 1138 1571 se
1154 1538 1232 1581 ipso
1247 1539 1339 1581 apud
1350 1539 1569 1573 Sallustiumz
1593 1541 1604 1559 ‘
1619 1539 1689 1574 Qui

979 1590 1061 1623 mihi
1091 1594 1196 1633 atque
1223 1590 1335 1623 animo
1363 1600 1442 1624 meo
1474 1591 1599 1624 nullius
1625 1599 1688 1624 un-

979 1654 1080 1686 quam
1096 1644 1213 1677 delicti
1240 1645 1384 1687 gratiam
1411 1644 1580 1687 fecissem,
1595 1645 1687 1678 baud

978 1695 1081 1728 facile
1098 1695 1240 1729 alterius
1261 1695 1395 1728 libidini
1410 1694 1594 1729 malefacta
1607 1705 1689 1730 eon-

979 1747 1167 1780 donabam?
1203 1748 1297 1780 Hinc
1315 1748 1443 1789 passim
1461 1752 1499 1780 et
1514 1748 1686 1781 Martialis

981 1798 1131 1830 Catonem
1154 1798 1223 1830 κατ’
1251 1798 1476 1838 ἀντονομασίαν
1509 1799 1598 1832 dixit
1622 1809 1686 1842 pro

977 1850 1103 1882 tetrico
1120 1859 1161 1883 ac
1171 1859 1308 1882 moroso
1318 1859 1474 1892 censore,
1488 1850 1572 1883 utin
1589 1850 1689 1892 Epis-

978 1901 1049 1933 tola
1069 1900 1135 1933 tib.
1164 1910 1191 1933 ι.
1223 1899 1388 1942 praefixa:
1426 1901 1437 1920 ‘
1456 1901 1536 1934 Non
1576 1900 1685 1934 intret

979 1951 1066 1985 Cato
1094 1952 1266 1985 theatrum
1291 1956 1458 1993 nostrum,
1485 1955 1558 1993 aut,
1584 1951 1613 1985 si
1637 1951 1688 1984 in·

979 2003 1138 2044 traverit,
1167 2001 1328 2045 spectet!
1370 2003 1419 2035 Et
1448 2002 1623 2045 Epigram.
1653 2005 1687 2036 8.

978 2054 989 2073 ‘
1007 2055 1077 2087 Cur
1091 2055 1126 2087 in
1148 2054 1335 2092 theatrum,
1360 2053 1450 2086 Cato
1478 2062 1612 2093 severe,
1628 2063 1686 2087 ve-

977 2105 1059 2138 nisti
1072 2105 1095 2138 ?’
1120 2105 1166 2138 Et
1196 2105 1299 2148 Epig.
1330 2105 1387 2138 lib.
1404 2113 1457 2137 xx.
1487 2107 1541 2138 29.
1584 2105 1596 2124 ⁶
1613 2105 1685 2140 Qui

978 2159 1207 2198 spectatorem
1229 2155 1328 2198 potui
1354 2154 1477 2188 fecisse
1507 2155 1687 2201 Catonem,

977 2208 1118 2241 Solvere
1161 2207 1220 2250 qni
1264 2207 1386 2240 Curios
1438 2207 1685 2250 Fabriciosque

978 2257 1123 2301 graves?
1155 2258 1202 2290 Et
1218 2256 1317 2299 Epig.
1332 2257 1392 2290 lib.
1418 2260 1520 2291 x.19.
1564 2258 1684 2290 ‘Tunc

977 2319 1034 2342 me
1062 2309 1120 2342 vel
1149 2309 1251 2351 rigidi
1279 2309 1396 2350 legent
1424 2308 1594 2342 Catones?
1635 2308 1686 2341 Et

979 2361 1080 2402 Epig.
1096 2360 1154 2393 lib.
1169 2369 1204 2392 v.
1219 2362 1272 2392 53.
1316 2360 1327 2378 ‘
1345 2359 1577 2401 Epistolisque
1592 2367 1684 2391 com·

977 2412 1095 2443 modat
1121 2420 1262 2453 gravem
1288 2410 1434 2451 vultum,
1458 2410 1584 2443 Similis
1619 2409 1684 2442 Ca-

979 2463 1066 2504 toni,
1078 2462 1269 2504 Tullioque,
1280 2461 1459 2503 Brutoque
1472 2459 1496 2493 :'
1515 2462 1580 2493 &c.
1597 2459 1684 2492 Ritt.

1022 2513 1118 2554 Cato]
1162 2511 1447 2553 Proverbialiter,
1471 2511 1516 2543 de
1541 2520 1595 2552 eo,
1623 2511 1683 2553 qui

976 2565 1177 2596 morositate
1192 2562 1322 2605 ingenii
1338 2562 1451 2594 omnia
1465 2561 1590 2603 carpit.
1623 2562 1681 2594 Sic

976 2625 1073 2648 usum
1102 2624 1236 2657 quoque
1261 2612 1468 2652 Martialem,
1493 2612 1685 2645 Rittershu.

975 2667 1044 2699 sius
1072 2666 1234 2698 ostendit.
1278 2665 1371 2696 Puto
1399 2667 1512 2695 autem
1536 2659 1592 2696 liic
1620 2673 1680 2706 po.

975 2715 1123 2749 nendum
1137 2719 1299 2757 punctum
1309 2713 1598 2754 interrogationis,
1613 2723 1681 2747 non

975 2768 1011 2800 in
1023 2776 1125 2800 versu
1137 2766 1273 2804 demum
1285 2763 1456 2807 sequenti,
1466 2768 1504 2796 ut
1515 2763 1555 2797 fit
1568 2765 1680 2806 vulgo.

976 2818 1081 2858 Sches.

1019 2873 1060 2904 22
1085 2868 1287 2908 Necsabelloe
1301 2877 1355 2901 nec
1368 2866 1505 2908 fabuler]
1539 2866 1683 2900 Fabeuas
