1806 3236
359 229 557 261 PHAEDRI
593 228 1032 262 FAB.AE801³1ARUM
1067 231 1165 262 Lm.
1199 231 1264 262 lv.
1296 221 1340 262 5.

151 319 269 361 &U
290 323 485 386 anditione]
530 324 610 358 Hac
638 325 728 367 lege,
755 325 821 359 1100

113 362 355 419 linium.
354 375 532 408 Formula
557 376 700 418 propria
717 376 822 418 juris-

114 425 360 460 mitorum.
403 425 494 459 Vide
520 427 544 460 1.
561 427 590 459 si
611 427 698 470 quis.
713 426 749 460 ff.
775 428 820 461 de

113 473 242 512 0¹0·ss-
235 485 312 511 0010
328 479 354 511 1.
365 487 438 521 seq.
453 482 491 511 et
507 478 595 511 aliis.
626 478 734 519 Schef.

119 525 122 530 ’
156 528 267 562 m
276 532 314 562 08
319 529 500 572 fortunam]
513 528 662 562 Ἀπασαν
671 529 730 569 τὴν
739 529 822 563 οὖσί-

111 586 162 615 υ.
203 580 375 615 mintius
397 585 450 614 est
470 582 617 624 plurale,
635 582 732 614 Totas
746 581 820 622 for-

110 635 215 666 mu.
238 632 328 666 Ritt.

114 689 119 698 ⁸
150 684 343 727 rmum]
376 685 463 718 Rern
483 683 702 726 familiarem,
729 684 820 718 bona

107 735 347 777 haereditaria,
370 736 406 768 in
436 736 614 778 singulari,
640 736 733 779 quod
759 746 818 770 no-

107 785 264 819 tandum.
308 786 434 820 Horat.
447 787 513 830 Ep.
528 797 554 820 1.
567 791 600 820 5.
622 788 632 806 ‘
643 789 722 823 Quo
735 788 818 820 mihi

107 834 164 868 for
181 845 260 879 0110,
270 836 298 869 si
309 845 377 869 1100
389 837 595 870 conceditur
604 848 684 870 usus
694 837 718 870 ?'
758 839 817 871 Sic

112 895 156 919 00
170 896 206 920 ιι
225 897 304 920 cum
321 888 494 931 plerisque
517 889 604 921 Mss.
631 889 817 931 legendum

107 942 212 982 etque
224 939 468 982 exponendum
484 949 558 972 esse
580 940 694 973 locum
715 941 817 983 hunc,

108 990 237 1027 vel,ex
263 990 358 1024 hisee
381 991 505 1024 Nostri
529 1000 667 1033 censeo,
695 995 816 1024 contra

105 1039 267 1074 Lunbini
287 1042 506 1083 seutentiam,
531 1047 635 1085 atque
659 1042 815 1075 aliorum.

103 1092 212 1138 Apul.
226 1087 326 1128 Abin.
339 1104 399 1128 m.
420 1095 431 1114 ‘
442 1095 582 1128 Praeter
597 1099 729 1129 tantam
743 1094 814 1127 for·

102 1140 197 1178 tune
219 1146 355 1188 copim
375 1147 460 1180 'octo
475 1146 624 1189 pedibus
640 1147 814 1179 auctiores

101 1195 354 1245 rene-vimus)
410 1197 504 1231 Item
528 1202 629 1240 post:
663 1198 675 1217 ‘
688 1198 813 1230 Fortu-

100 1256 181 1281 mm
190 1249 409 1291 popularium
417 1249 700 1292 inquirebamus.'
707 1248 811 1288 Scluat:

99 1295 183 1333 vid.
197 1299 243 1332 ad
257 1299 402 1334 Quinct.
416 1309 468 1334 vr.
486 1302 518 1333 1.
533 1299 594 1334 fin.

140 1353 189 1385 >lo
210 1351 264 1384 Ne
276 1353 370 1398 daea]
388 1352 458 1386 Με.
470 1352 532 1386 Ni.
554 1352 650 1386 Gud-

142 1403 197 1437 Μ
205 1404 283 1437 anta
293 1403 472 1446 meant
481 1402 714 1446 autfruuntur]
729 1403 812 1436 Frui

97 1450 194 1496 (108οᾸ
203 1464 267 1498 pro
293 1455 398 1497 datis,
422 1455 577 1498 antique.
620 1455 678 1488 Sic
703 1464 809 1496 supra

98 1504 122 1540 l.
133 1515 192 1540 m.
201 1505 227 1539 f.
238 1510 273 1540 7.
296 1508 460 1549 ι1110010,
472 1517 550 1550 quae
562 1507 706 1540 laudas?
722 1508 808 1540 Rite.

143 1557 326 1601 mur]
349 1558 433 1591 Frui
457 1559 546 1600 datu,
569 1563 695 1602 quarto
715 1569 810 1592 casu.

98 1599 247 1648 Plautus
262 1607 359 1642 Asiu-
374 1618 411 1642 v.
435 1618 484 1642 sc.
508 1611 540 1642 1.
563 1609 731 1642 ‘Exorari
749 1619 810 1652 po-

78 1670 81 1674 ·
100 1660 200 1701 terit,
223 1665 265 1694 08
288 1660 379 1694 sinat
406 1671 483 1699 sese
509 1662 598 1694 banc
613 1660 709 1695 frui!
752 1662 811 1695 Ita

97 1711 227 1746 habeut
247 1712 327 1746 libri
340 1717 492 1756 veteres,
506 1714 596 1757 quod
613 1713 731 1747 nescio
747 1724 810 1747 001·

97 1758 275 1798 mutarint.
309 1779 311 1781 -
331 1765 420 1800 Cato
446 1765 491 1798 de
522 1765 564 1799 R.
598 1766 638 1798 R.
669 1775 702 1799 c.
734 1768 809 1799 149.

95 1810 108 1832 ⁴
119 1812 288 1882 Pebulum
302 1814 375 1849 frui
385 1816 536 1860 occipito
549 1825 592 1849 ex
605 1817 686 1851 Kal.
699 1816 808 1861 Sept!

107 1915 220 1950 Tam
233 1917 343 1961 siml]
369 1919 448 1952 ssim
459 1922 527 1961 est,
542 1923 640 1962 tunc,
651 1924 687 1972 et
701 1919 808 1954 refer-

96 1972 155 2002 tur
167 1969 212 2002 ad
226 1969 402 2009 conferant
430 1969 549 2005 Schef.

139 2022 184 2063 12
207 2020 362 2062 Centena]
384 2021 461 2054 Hoc
473 2026 529 2055 est
540 2026 677 2055 centum
691 2022 808 2065 singu-

94 2061 153 2112 ln)
167 2080 244 2114 qun
271 2072 390 2104 valent
404 2075 504 2106 2500.
521 2077 676 2106 scutatos
691 2084 808 2107 mone-

94 2125 143 2155 toe
169 2120 305 2155 Italic'ae
329 2122 386 2155 vel
413 2125 512 2156 0000.
539 2123 669 2166 Imper.
714 2125 807 2158 Vide

94 2171 148 2206 01.
163 2171 375 2206 Gronovinm
391 2173 426 2206 in
449 2174 503 2206 De
519 2174 664 2208 Sestert.
678 2174 807 2209 felicis-

94 2223 172 2256 simi
186 2223 317 2267 ingenii
333 2234 374 2257 ac
397 2224 674 2267 profundissimae
690 2227 805 2260 erudi,

95 2275 201 2308 tionis
216 2285 333 2318 opere.
355 2277 464 2315 Sches.

138 2329 180 2359 18
206 2327 335 2369 Implet]
372 2329 575 2370 Eleganter,
613 2328 658 2361 ad
689 2329 804 2372 expri-

92 2377 252 2410 mendam
268 2379 539 2420 magnitudinem
555 2380 643 2422 ejus,
659 2385 804 2423 propter

93 2427 272 2461 raritatem
288 2437 397 2461 casus.
441 2429 500 2462 Sic
515 2429 621 2464 Ovid.
644 2431 655 2449 ‘
667 2431 801 2464 Orbem

93 2478 204 2520 gloria
227 2478 404 2521 complet)
451 2480 696 2522 Symmachus:
721 2483 801 2515 ἸΕ-

92 2534 229 2563 temam
256 2530 455 2573 complebat
481 2532 617 2567 nomine
632 2534 802 2566 Romam!

135 2634 176 2665 14
198 2633 424 2676 duriaperitos]
449 2634 554 2678 Lege,
563 2634 656 2667 Juris
667 2636 799 2678 peritos.

92 2681 214 2716 Heius.

133 2734 343 2777 Juriaeperitoae
355 2735 505 2778 consulit]
527 2735 611 2770 JCti
627 2737 717 2770 sicut
733 2742 801 2771 tes-

90 2785 252 2818 tamentis
263 2785 431 2819 &ciendis
442 2795 536 2829 saepe
548 2787 801 2822 adhibebantur

88 2834 142 2878 (id
158 2835 251 2878 quod
265 2837 380 2870 multis
395 2838 519 2880 probat
533 2839 798 2873 auctoritatibus

89 2886 133 2918 B.
150 2885 348 2920 Brissonius
371 2887 430 2921 lib.
458 2897 526 2926 vn.
550 2889 799 2934 Formularum,

1492 221 1577 266 581

868 330 908 359 et
922 336 989 369 ego
1005 327 1151 369 amplius
1163 325 1327 360 confirmo
1339 325 1486 370 quodam
1502 327 1579 361 1000

870 377 1137 419 Epigrammatis
1164 377 1339 420 Agathiae,
1362 377 1454 420 quod
1481 382 1582 427 extat

872 427 1058 470 Antholog.
1084 429 1147 461 lib.
1163 438 1206 462 n.
1231 428 1287 462 tit.
1303 431 1358 462 22.
1373 428 1417 462 εἷς
1431 428 1578 472 iarpobs·
1568 453 1578 462 .

869 479 928 512 ubi
944 480 1100 513 medicus
1118 484 1251 522 aegroto
1266 479 1404 522 suadet,
1418 485 1457 514 ut
1468 480 1581 514 Jnris-

868 531 1020 574 peritum
1056 536 1212 565 accersat
1249 531 1424 564 condendi
1457 529 1587 565 caussa

869 583 1069 616 testamenti
1085 594 1094 615 :
1115 581 1237 626 Θάρσει.
1257 582 1314 615 τὸν
1332 582 1457 623 νομικὸν
1478 582 1512 616 δὲ
1526 582 1581 616 κά-

868 639 929 666 λει·
951 634 1004 666 καὶ
1017 633 1167 677 χρήματα
1181 634 1300 666 σαυτοῦ
1316 632 1360 666 Εὖ
1374 634 1499 676 διαθεὶς,
1513 634 1580 672 βιό-

867 690 926 718 “rov
949 687 1032 726 λῆγε
1045 684 1294 729 μεριμνοτόκου.)
1345 685 1403 718 Ita
1419 685 1525 718 iidem
1541 688 1579 718 et

868 736 912 769 de
937 737 1224 779 interpretatione
1251 736 1445 769 ultimarum
1461 737 1580 769 volun-

869 792 979 821 tatum
991 788 1271 827 consulebantur,
1282 787 1310 820 si
1323 787 1482 830 ambigue
1494 787 1578 831 quid

869 840 1036 882 scriptum
1053 843 1334 882 nuncupatumve
1347 843 1452 881 esset,
1466 842 1506 872 ut
1521 849 1578 872 vo—

865 892 1036 925 luntatem
1061 891 1236 924 testatoris
1263 901 1327 933 per
1356 891 1578 933 conjecturas

866 942 1033 986 quasdam
1057 942 1277 985 indagarent,
1290 946 1455 986 tanquam
1474 953 1578 976 vena-

866 999 921 1027 tor
935 997 972 1027 et
988 994 1083 1027 canis
1106 1004 1213 1036 sagax
1230 992 1340 1026 feram
1355 1003 1418 1036 per
1431 993 1579 1036 vestigia

865 1046 941 1088 ejus
978 1046 1200 1088 persequitur
1228 1045 1273 1078 ad
1304 1055 1412 1089 usque
1440 1046 1576 1079 cubilia.

864 1096 952 1129 Ritt.

910 1147 1069 1189 Consulit]
1094 1146 1242 1190 Proprie
1268 1147 1312 1180 de
1337 1147 1461 1190 peritis
1472 1147 1576 1191 juris,

864 1199 954 1232 unde
970 1204 1007 1232 et
1028 1200 1038 1219 ‘
1054 1199 1232 1232 Consulti'
1254 1199 1486 1232 nominantur.
1518 1200 1577 1233 Ci-

862 1260 945 1284 cero
970 1250 1006 1283 in
1030 1251 1123 1284 Mur.
1139 1251 1183 1284 de
1197 1251 1307 1285 Jctis:
1334 1252 1403 1284 ‘Et
1419 1255 1575 1284 vestrum

860 1300 947 1334 illud
958 1301 1044 1334 licet
1059 1302 1262 1335 consulere!
1286 1301 1394 1342 Sches.

905 1353 1006 1385 Nemo
1042 1352 1190 1395 expedit]
1230 1353 1281 1386 Ut
1315 1362 1388 1395 sup.
1421 1352 1484 1387 lib.
1512 1362 1573 1386 111.

860 1414 937 1447 cap.
963 1408 1018 1439 1⁵.
1050 1404 1220 1447 (Expedi,
1245 1405 1326 1448 quid
1354 1403 1445 1437 feci!
1468 1403 1575 1444 Schef.

859 1456 1053 1498 Satyricum
1068 1466 1172 1497 agere
1187 1456 1244 1489 hic
1258 1455 1422 1489 videtur:
1452 1455 1575 1489 itidem

859 1512 900 1540 ut
912 1508 1053 1541 Terent.
1067 1507 1208 1540 Pborm.
1225 1517 1265 1541 11.
1278 1510 1312 1539 4.
1338 1507 1469 1540 Prason.

902 1561 946 1591 16
967 1559 1172 1601 Fructumve]
1207 1557 1413 1600 Repetenda
1438 1562 1493 1590 est
1515 1568 1574 1591 ne-

860 1609 954 1651 gatio
969 1619 1013 1641 ex
1029 1609 1198 1651 superiori
1214 1619 1327 1642 versu.
1366 1610 1571 1652 Quanquam

859 1669 926 1703 ego
966 1661 1105 1693 mallem
1152 1661 1306 1694 Fructum
1340 1671 1396 1693 nec
1430 1661 1570 1703 cupiant.

858 1712 973 1746 Schef.
1016 1713 1171 1746 chtum
1190 1713 1271 1746 siv.
1288 1713 1328 1746 C.
1344 1712 1439 1745 Pith.
1466 1712 1571 1746 Heiu-

857 1774 934 1796 stus.

903 1816 1063 1859 Tulen'nt]
1131 1815 1362 1859 Acceperint.
1422 1815 1570 1848 Plautus

857 1867 969 1900 Merc.
997 1867 1039 1900 A.
1066 1878 1108 1901 11.
1133 1868 1192 1901 Sc.
1217 1871 1249 1900 3.
1277 1867 1405 1902 ‘Quod
1433 1876 1570 1909 posces,

857 1916 972 1952 feres!
996 1918 1102 1959 Schef.

900 1972 943 2002 18
968 1970 1159 2011 Consumpta
1173 1969 1237 2011 est]
1260 1969 1456 2002 Illustravit
1465 1968 1568 2014 liujus

855 2020 954 2053 verbi
970 2031 1080 2060 usum,
1103 2021 1138 2052 in
1161 2021 1226 2053 1100
1252 2030 1302 2062 10,
1324 2019 1507 2052 Daviesius
1523 2019 1567 2052 ad

855 2070 949 2103 Hirt.
961 2070 1006 2103 de
1022 2071 1100 2103 Bel.
1113 2071 1216 2103 Alex.
1231 2081 1310 2112 cap.
1327 2073 1382 2103 47.

900 2124 943 2154 19
965 2122 1156 2154 Testamenti
1180 2122 1303 2163 aeneus]
1335 2121 1435 2154 Inter
1456 2122 1566 2154 lineas

855 2173 891 2205 in
911 2174 981 2207 Ms.
999 2174 1098 2206 Rem.
1114 2174 1236 2206 eadem
1250 2174 1484 2217 antiquissima
1498 2185 1568 2208 ma·

854 2234 902 2257 nu
913 2229 1054 2258 notatur
1066 2235 1076 2265 ;
1093 2225 1127 2256 in
1140 2225 1206 2258 alio
1219 2225 1341 2258 codice
1354 2224 1422 2258 fuit
1433 2236 1568 2266 census,-

855 2276 948 2319 quod
986 2276 1135 2319 intelligi
1171 2280 1288 2319 potest
1321 2277 1366 2310 de
1405 2278 1566 2321 pecunia,

854 2339 956 2372 quam
978 2328 1059 2362 filiae
1080 2328 1239 2362 conferre
1259 2333 1295 2362 et
1310 2334 1564 2372 repraesentare
1614 2370 1623 2381 ·

852 2381 954 2413 matri
984 2390 1027 2413 ex
1062 2380 1161 2413 bonis
1193 2380 1346 2422 paternis
1374 2381 1564 2416 debebant.

854 2432 1026 2525 Glrggnm]
1047 2483 1137 2516 Vide
1166 2482 1208 2515 de
1239 2482 1304 2515 hac
1335 2483 1429 2516 vocis
1459 2484 1563 2527 hujus

851 2534 1106 2576 significatione
1121 2534 1259 2567 cellarii
1278 2544 1378 2567 curas
1392 2537 1564 2578 posterio-

852 2594 907 2617 res
925 2595 960 2627 p.
974 2588 1029 2617 88.

894 2638 938 2668 20
961 2636 1072 2668 Fidem
1094 2635 1273 2677 advocavit]
1295 2635 1337 2668 Id
1359 2639 1426 2674 est,
1448 2637 1562 2679 (locus

850 2686 940 2719 enim
957 2686 1082 2728 dignus
1100 2686 1158 2729 qui
1174 2686 1396 2730 explicetur‚)
1411 2687 1479 2721 fide
1501 2698 1563 2722 sua

851 2747 912 2770 usa
937 2742 992 2770 est
1007 2737 1144 2779 mulier,
1163 2742 1211 2778 et,
1228 2741 1268 2770 ut
1289 2738 1323 2770 in
1348 2742 1560 2773 testamento

849 2789 1080 2831 perscriptum
1096 2787 1223 2830 fuerat,
1245 2788 1294 2822 ita
1315 2787 1414 2831 fecit,
1429 2790 1473 2822 ad
1490 2791 1560 2833 pri-

850 2849 944 2873 orem
960 2844 1093 2882 ραι-80111
1106 2839 1198 2882 quod
1208 2839 1349 2881 attinet,
1359 2844 1398 2874 ut
1413 2841 1560 2884 scilicet,

848 2891 859 2910 ‘
873 2891 981 2925 tribus
1030 2891 1253 2935 aequabiliter
1300 2891 1526 2927 distribueret
1535 2893 1559 2936 3¹
