1806 3236
205 199 292 242 370

676 206 819 239 NorAE
853 205 1119 254 VAmoRtJM
1154 206 1207 238 m

202 306 302 340 favet
328 305 425 338 Rem.
456 303 579 345 codex,
607 302 664 345 qui
687 301 792 335 habet
810 301 912 335 Utinm
963 303 1057 335 locus.
1081 300 1174 334 Gud.

206 367 272 400 pro
286 356 417 396 Utilia;
441 364 518 387 nam
542 353 730 396 saepissime
750 353 841 386 ineo
855 363 911 386 co-

207 408 285 441 diee
300 407 319 440 1
335 410 488 439 mutatur
502 405 538 437 in
560 404 603 437 L.
647 404 706 437 Sic
733 403 807 436 fere
825 413 914 436 sem·

209 469 284 502 per,
306 458 364 490 nbi
378 456 561 499 legendum
584 459 639 488 est
651 455 756 498 jocus,
776 454 915 498 scripsit

1012 353 1058 385 Ut
1071 352 1126 385 iu«
1139 351 1218 386 milui
1228 350 1422 395 profuerint]
1438 351 1480 386 V.
1493 351 1535 385 C.
1557 351 1601 385 Ue
1613 351 1671 387 in·

966 404 1045 438 milui
1058 407 1208 447 quantum
1228 413 1261 446 p.
1284 403 1364 447 mg.

727 694 988 740 FABULA
1032 693 1188 739 XIII.

259 810 367 854 Vulpis
380 813 412 843 et
430 809 564 852 Corvus]
596 810 723 843 Exstat
742 808 839 852 ‘apud
849 809 916 842 Ba-

211 862 321 894 brium
338 866 374 894 et
391 860 624 903 Aphthonium
639 860 712 894 fab.
725 864 780 894 29.
805 860 885 902 Rig,

257 916 272 945 l
301 913 380 955 Qua]
404 913 472 946 Ms.
488 913 710 955 Vossii,quae.
734 912 860 946 Heius.

255 965 399 999 Laudari
413 964 516 996 verbis
528 963 679 1006 subdolis]
694 964 803 996 Vetus
819 963 919 996 Glos-

213 1016 356 1048 sarium:
377 1014 551 1058 *Εἲρωνεία,
566 1014 776 1048 Blanditiae?
801 1014 883 1056 Rig.

260 1066 403 1108 Gaudet]
447 1066 568 1099 Codex
596 1066 756 1099 Danielis
785 1067 855 1099 ista
884 1066 918 1099 in

214 1118 338 1160 plurali
354 1117 467 1150 effert.
511 1118 649 1150 Pariter
660 1122 697 1150 et
713 1117 848 1150 schedae
866 1126 919 1149 re-

214 1169 293 1210 giae,
310 1179 392 1212 quas
409 1168 545 1201 easdem
563 1178 636 1201 esse
661 1179 738 1201 cum
754 1168 849 1201 dicto
863 1179 919 1202 co-

215 1220 306 1261 dice,
321 1230 388 1252 non
405 1220 493 1252 male
516 1230 560 1252 ex
575 1220 627 1252 his
643 1220 851 1263 caeterisque
870 1220 920 1253 lo-

215 1270 263 1302 cis
279 1271 475 1312 suspiceris.
500 1270 606 1310 Schef.

259 1321 420 1363 Subdolis]
443 1322 536 1354 Dolo
557 1321 715 1355 formatis
732 1327 769 1355 et
783 1332 920 1364 compo·

215 1372 292 1404 sitis
319 1372 362 1404 ad
395 1373 604 1405 voluntatem
636 1372 820 1406 audientis.
864 1373 922 1406 Ita

158 1439 160 1442 >
217 1424 363 1455 Plautus
379 1422 412 1454 in
426 1423 527 1465 Capt.
541 1422 620 1456 Act.
632 1433 690 1457 ιιι.
705 1424 762 1457 Sc.
772 1427 804 1458 3.
819 1424 829 1442 ‘
843 1424 922 1457 sub·

217 1475 296 1506 dola
321 1474 512 1507 mendacia'
540 1479 697 1517 usurpat,
725 1480 762 1508 et
790 1476 825 1508 in
849 1476 924 1509 Tri-

218 1535 308 1557 num.
324 1524 405 1557 Act.
419 1534 461 1557 11.
484 1525 541 1558 Sc.
558 1529 589 1558 1.
612 1525 655 1557 de
671 1535 809 1559 amore:
827 1526 838 1544 ‘
855 1526 923 1559 Eos

218 1575 326 1617 cupit,
343 1585 401 1607 eos
418 1580 653 1617 consectatur,
669 1576 811 1610 subdole
827 1577 923 1609 blan-

218 1625 333 1658 ditur!
356 1626 462 1666 Schef.

263 1680 284 1708 2
312 1677 388 1708 Fere
402 1678 478 1709 dant
502 1687 611 1718 poenas
625 1677 712 1720 turpi
724 1677 924 1720 paenitentia]

219 1728 337 1769 Longe
352 1727 434 1759 mihi
449 1728 576 1760 rectius
592 1728 743 1770 videtur,
771 1729 863 1771 quod
890 1730 926 1761 iu

219 1779 342 1811 codice
382 1778 538 1810 Danielis
577 1780 708 1820 reperit
739 1779 924 1821 Rigaltius‚

219 1830 313 1863 Sera.
366 1830 458 1862 Nam
484 1839 587 1862 seram
613 1830 831 1872 poenitentiam
856 1830 924 1863 dici

219 1884 398 1923 receptum
414 1884 490 1921 est;
513 1880 656 1922 nonita,
671 1884 803 1924 turpem.
841 1881 925 1914 Cur-

219 1932 288 1963 tius
304 1931 364 1964 lib.
379 1939 439 1964 111.
453 1934 484 1963 2.
501 1934 553 1964 19.
574 1931 585 1949 ‘
600 1932 688 1964 Sera
702 1932 826 1965 deinde
852 1942 924 1974 poe-

220 1981 368 2014 nitentia
398 1981 503 2014 subiit
528 1981 684 2024 Regem!
722 1982 840 2015 Livius
863 1982 923 2015 lib.

221 2041 330 2066 xxix,
351 2032 361 2051 ‘
379 2033 535 2065 Celerem
559 2033 651 2065 enim
674 2033 926 2075 poenitentiam,

218 2083 279 2116 sed
296 2093 407 2116 seram
423 2087 461 2116 et
475 2084 646 2125 inutilem,
660 2084 781 2127 sequi?
814 2086 862 2118 Et
877 2085 926 2118 sic

219 2134 347 2177 passim
362 2134 431 2166 alii.
476 2134 518 2167 In
534 2135 668 2168 schedis
691 2135 796 2178 regiis
820 2135 926 2169 fuisse

221 2186 318 2218 aiunt
333 2186 423 2219 Sero:
436 2186 639 2228 poenitentioe‚
655 2187 746 2229 quod
762 2196 829 2219 non
849 2197 927 2230 pro·

220 2235 278 2269 b'o.
323 2238 394 2269 Pro
417 2238 504 2280 turpi
527 2237 562 2269 in
585 2238 753 2280 praedicto
769 2239 928 2270 Danielis

221 2288 341 2320 codice
358 2288 477 2330 tarpeis
491 2287 630 2330 legitur,
653 2292 694 2320 ut
706 2288 748 2320 ad
759 2298 868 2330 poenas
878 2298 930 2322 re-

221 2338 366 2371 feratur.
413 2338 648 2381 Optime,nisi
663 2337 775 2372 fallor.
810 2340 930 2381 Turpes

220 2389 398 2431 intelligit,
426 2390 469 2422 ob
486 2389 736 2433 turpitudinem
762 2393 800 2423 et
823 2390 928 2422 dede-

223 2449 282 2472 cus
298 2449 342 2472 ex
368 2439 431 2482 eis,
455 2439 534 2482 quia
555 2438 641 2482 fere,
669 2439 727 2482 qui
752 2439 801 2472 sic
829 2440 928 2482 puni-

223 2495 340 2532 untur,
356 2490 454 2523 simul
470 2490 553 2523 risui
569 2491 713 2523 aliorum
728 2494 810 2524 sunt
824 2500 928 2533 expo-

223 2541 291 2573 siti.
315 2540 423 2580 Sches.
469 2539 727 2584 Ἀντανάκλασις,
755 2545 815 2574 aut
844 2543 928 2574 allu-

222 2592 274 2624 sio
290 2591 334 2624 ad
350 2590 462 2632 ἔτυμον
485 2593 694 2635 poenitentiae.-
717 2592 760 2625 de
788 2602 855 2635 quo
878 2593 929 2625 sic

225 2642 351 2676 Auson.
374 2644 495 2686 Epigr.
525 2647 579 2677 12.
602 2645 612 2663 ‘
629 2645 711 2690 Sum
734 2643 823 2685 Dea,
851 2654 928 2686 quae

223 2693 307 2726 facti
344 2704 412 2726 non
452 2694 606 2738 factique
645 2695 746 2738 exigo
784 2705 929 2737 poenas;

224 2746 361 2787 Nempe
391 2749 431 2778 ut
456 2747 634 2790 poeniteat,
670 2747 719 2779 sic
751 2747 929 2779 Metanoea

223 2796 349 2829 vocor!
403 2797 523 2841 Turpe
549 2798 700 2842 quidem,
729 2797 929 2841 poenitenda

970 807 1212 848 committere;
1234 816 1305 840 non
1331 815 1415 840 vero
1444 809 1560 850 turpe,
1585 815 1676 841 eom-

971 859 1151 891 missorum
1166 858 1404 901 poenitentiam
1418 867 1536 900 agere.
1575 857 1615 890 ‘u
1625 868 1678 900 μ·-

971 907 1081 941 τάνοια
1094 907 1284 951 φιλοσοφίαι
1297 907 1382 951 ἀρχὴ
1394 906 1601 952 γίνπαῆὢίῐ
1614 908 1679 946 ffi-

973 962 1117 995 erocles.
1150 961 1238 994 Inde
1254 961 1363 1004 (quod
1376 965 1477 995 notat
1491 960 1678 1004 approbet-

974 1023 1042 1056 que
1074 1013 1280 1046 Heraclides
1305 1013 1494 1055 Allegoriis
1519 1013 1681 1048 Homeri.-

973 1064 1042 1107 cis)
1055 1063 1075 1103 ἡ
1088 1063 1146 1097 σὺν
1159 1064 1306 1107 φρονήσει
1317 1063 1467 1106 μετάνοια
1476 1064 1510 1098 ἐν
1517 1065 1587 1098 τοῖς
1594 1063 1682 1103 ποώ-

972 1127 1067 1157 μασιν
1079 1117 1193 1157 Ἀθηνᾶ
1204 1115 1375 1158 νομίζεται.
1419 1115 1679 1151 ΔΙειιιιᾶοῐΜ.

975 1169 1067 1211 apud
1087 1169 1266 1202 sulianum
1294 1167 1383 1210 Imp.
1407 1167 1443 1200 in
1466 1166 1679 1206 cauteribus-5

973 1219 1012 1251 Ἣ
1036 1217 1238 1260 μεταμέλεια,
1260 1217 1390 1261 σώφρων
1417 1216 1516 1257 πάνυ,
1542 1216 1596 1249 καὶ
1619 1218 1682 1250 τῶν

975 1269 1226 1313 ἑξημαρτηκότων
1246 1269 1379 1312 σώτειρα
1397 1268 1520 1309 δαίμων.
1563 1269 1681 1302 Quare

974 1322 1019 1354 ab
1034 1332 1089 1363 eo,
1107 1321 1199 1364 quod
1216 1320 1399 1363 praecedit,
1424 1319 1594 1352 Phaedrus
1614 1319 1680 1352 hoc

975 1372 1153 1414 epitheton
1181 1371 1296 1404 sumit.
1340 1369 1383 1403 Τὸ
1411 1369 1475 1413 γὰρ
1495 1368 1609 1412 saaph
1625 1370 1684 1408 τῆς

976 1423 1122 1466 αἱρέσεως
1146 1423 1188 1466 τῇ
1215 1421 1407 1465 μεταμελείᾳ
1429 1421 1611 1463 ἐλέγχεται,
1643 1425 1684 1454 ut

976 1476 1104 1508 iterum
1133 1475 1330 1508 Hierocles.
1369 1473 1507 1508 Prason.
1563 1472 1683 1507 codex
1707 1485 1718 1493 ’

976 1526 1163 1558 Vossianus
1189 1524 1313 1568 habetfi
1358 1524 1449 1557 Sera
1475 1525 1555 1557 dant
1577 1533 1686 1566 pano

975 1580 1084 1618 turpes
1109 1575 1314 1618 poenitentioe.
1358 1575 1475 1617 Lege:
1501 1575 1584 1608 Sem
1606 1575 1685 1607 dant

973 1638 1082 1671 poenas
1098 1631 1204 1670 turpes
1221 1626 1418 1669 poenitentia.
1441 1625 1563 1659 Heius.
1590 1625 1684 1660 Jor-

978 1679 1082 1712 nand.
1097 1679 1140 1711 de
1167 1678 1254 1711 Reb.
1284 1678 1368 1711 Get.
1394 1687 1472 1719 cap.
1498 1679 1554 1710 81.
1575 1676 1688 1709 ‘sen

979 1729 1194 1770 poenitudine
1210 1729 1244 1761 in
1261 1728 1391 1770 campis
1412 1727 1621 1760 munitiones
1634 1724 1686 1759 ef-

977 1779 1166 1820 flagitant!

1015 1830 1096 1863 Fere
1105 1831 1159 1862 dat
1172 1839 1279 1871 poenas
1289 1829 1376 1871 turpi
1382 1827 1584 1870 paenitentia]
1598 1827 1685 1861 Cod.

977 1880 1149 1921 Danielis,
1168 1881 1308 1921 gaudent
1322 1879 1424 1912 verbis
1437 1879 1585 1920 ubdolis,
1606 1878 1686 1910 Sera

978 1932 1056 1963 dant
1083 1941 1191 1972 poenas
1219 1935 1327 1972 turpes
1350 1929 1547 1971 poenitentia.
1607 1929 1685 1962 Hoc

979 1982 1120 2025 Guyeto
1137 1982 1274 2023 placet3
1299 1981 1361 2014 sed
1383 1980 1570 2014 Salmasius
1587 1979 1686 2022 legit,

979 2033 1058 2065 Sero
1072 2034 1149 2065 dant
1170 2041 1277 2074 poenas
1298 2032 1385 2074 turpi
1403 2031 1608 2074 poenitentia,·
1631 2031 1686 2065 vel

980 2084 1057 2117 Sere
1065 2094 1129 2126 pro
1138 2084 1227 2117 Sero.
1238 2084 1495 2116 ‘Paenitentiam
1507 2082 1622 2125 tgere’
1633 2086 1688 2117 est

982 2135 1072 2177 apud
1085 2135 1203 2167 Valer.
1219 2135 1363 2168 Maxim.
1410 2133 1526 2176 Turpio
1536 2133 1688 2176 poenitew-

983 2188 1030 2219 tia
1045 2192 1109 2229 est,
1121 2187 1200 2230 quia
1213 2186 1397 2229 decipitur,
1410 2187 1469 2229 qui
1479 2185 1595 2219 verbis
1608 2184 1687 2218 sub-

983 2238 1071 2270 dolis
1085 2238 1256 2270 laudatur.
1285 2238 1372 2270 Gud.

1012 2290 1094 2322 Fere
1108 2290 1164 2321 dat
1171 2298 1280 2331 poenas
1293 2288 1380 2330 turpi
1389 2287 1518 2330 permit]
1533 2287 1613 2320 Non
1627 2286 1687 2320 abs

982 2350 1021 2373 re
1037 2340 1241 2383 quibusdam
1254 2340 1385 2373 rectius
1394 2339 1581 2380 videbitur,
1593 2338 1686 2381 quod

982 2391 1158 2434 exemplar
1181 2391 1338 2424 Danielis
1366 2390 1539 2433 suggerit:
1563 2389 1628 2427 Qu·
1654 2399 1688 2421 se

982 2443 1106 2475 laudan·
1138 2436 1279 2484 gaudent
1306 2441 1409 2474 verbis
1426 2439 1572 2482 subdolis,
1606 2440 1687 2473 sera

980 2495 1059 2526 dant
1072 2504 1178 2536 poenus
1192 2493 1312 2535 turpet}
1323 2492 1517 2535 poenitentia.
1540 2491 1621 2534 Rig.

1025 2547 1045 2576 3
1071 2545 1176 2582 Quum
1202 2546 1241 2576 de
1258 2543 1405 2583 fenestra
1430 2540 1555 2586 corvus]
1604 2541 1686 2575 Huc

983 2595 1137 2637 pertinet
1164 2593 1396 2628 Horatianum
1410 2593 1498 2626 illud
1513 2593 1628 2635 Epist.
1644 2602 1686 2627 u.

982 2646 1073 2678 ‘Sed
1101 2646 1227 2678 tacitus
1241 2645 1338 2687 pasci
1361 2645 1390 2677 si
1413 2649 1529 2686 posset
1552 2653 1687 2685 corvus,

983 2696 1128 2728 haberet
1143 2696 1226 2728 Plus
1238 2695 1348 2737 dapis,
1358 2698 1396 2727 et
1406 2695 1492 2727 rixae
1503 2695 1612 2727 multo
1623 2694 1685 2729 mi-

982 2758 1046 2780 nus
1062 2745 1292 2789 invidiaeque!
1349 2745 1505 2779 Eandem
1531 2754 1613 2779 vero
1635 2744 1684 2778 sa-

983 2799 1096 2831 bulam
1110 2798 1158 2831 sic
1182 2793 1433 2840 paucis‘narrat
1446 2796 1614 2841 Apuleius
1626 2796 1685 2831 lib.
