1806 3236
267 172 354 218 430

266 281 321 321 ἔμ’.
365 279 488 321 Studio,
517 279 552 312 id
577 282 643 322 est,
669 277 916 314 voluntati‘illi
939 285 977 315 et

268 330 520 364 benevolentiae
548 340 632 373 erga
653 340 721 373 me,
734 336 774 364 ut
790 332 977 374 saepissime

267 381 360 423 apud
387 381 589 414 Ciceronem
615 381 778 424 aliosque.
822 384 877 416 Ex
902 382 977 425 Seu,

267 432 457 464 Monachus
487 431 682 474 descriptor
711 431 875 467 formavit
912 435 978 476 Ita,

268 487 371 525 atque
399 484 452 515 dio
487 483 522 515 in
556 483 601 516 sic
630 484 819 527 convertit,
842 494 919 518 nam
942 486 978 518 in

266 534 331 566 hoc
361 535 481 567 codice
507 535 542 568 D
571 535 760 578 saepissime
786 546 849 579 pro
873 537 917 570 S.-
940 541 980 570 ut

267 587 383 627 sedulo,
397 595 460 628 pro
475 587 514 618 de
528 587 611 620 dolo.
654 588 721 620 Vel
748 587 818 630 legi
839 592 978 630 posset:

267 635 323 667 Ita
349 635 406 677 sis,
431 637 580 677 rependet
598 637 647 669 illi
669 636 806 670 brevitas
824 638 978 679 gratiam.

266 685 420 728 Sis‚pro,
437 687 465 718 si
481 687 541 720 vis.
586 687 712 720 Cicero
733 687 777 720 de
801 688 976 721 Oratore:

265 736 276 754 ‘
290 736 458 769 Libenter
497 737 602 770 etiam
638 738 835 780 copulando
871 738 979 772 verba

260 787 468 830 jungebant,
496 793 534 821 ut
558 789 672 830 sodes,
697 799 772 831 pro,
793 789 821 821 si
846 789 978 830 audes3

266 837 325 879 sis,
343 848 418 880 pro,
433 839 462 871 si
477 838 550 872 vis.’
593 840 642 872 Et
671 839 762 872 idem
786 849 850 882 pro
877 840 978 873 Rosc.

266 889 277 918 ἔ
294 887 372 930 Age
396 899 486 922 nunc
502 889 596 922 refer
609 890 770 932 animum,
783 891 842 933 sis,
862 890 907 923 ad
923 900 978 923 ve-

268 939 429 973 ritatem?
466 941 648 983 Rependere
660 941 815 982 gratiam,
831 942 919 975 dixit
934 941 978 974 ad

266 989 495 1024 imitationem
527 992 644 1024 Ovidii
681 986 826 1026 Metam.
855 1002 897 1025 11.
929 1002 978 1026 vs.

266 1043 342 1073 694.
367 1042 377 1060 ‘
391 1042 617 1085 Rependatnr
633 1044 742 1086 gratia
751 1043 868 1077 facto?
893 1044 978 1076 Gud.

315 1094 477 1136 Rependet
489 1093 538 1126 iai
553 1093 690 1127 brevitas
708 1093 865 1136 gratiam]
889 1094 979 1129 Quia

266 1144 359 1188 χάρις
380 1145 514 1182 βαιοῖσιν
542 1143 660 1184 ὀπηδεῖ.
704 1145 774 1177 Sed
803 1149 918 1177 tamen
942 1149 980 1177 et

266 1197 441 1230 brevitate
456 1196 558 1228 nimia
576 1195 742 1238 quosdam
757 1194 885 1228 offendi
897 1195 979 1229 scri-

266 1248 321 1280 bit
335 1248 360 1279 l.
376 1256 433 1279 ιιι.
448 1245 473 1278 f.
491 1249 544 1278 10.
574 1246 645 1279 Pro
664 1246 888 1279 commendatio
900 1256 977 1288 pro-

267 1299 323 1331 cul
335 1317 337 1320 -
349 1297 453 1330 dubio
481 1297 729 1338 reponendum,
750 1297 976 1330 commentatio.

270 1348 367 1389 Cujus
377 1348 504 1380 verbosa
518 1347 734 1380 commentatio
753 1347 865 1388 nescit,
881 1347 976 1379 nimi-

267 1409 343 1432 rum
367 1398 556 1440 rependere
580 1399 739 1439 gratiam⁴
783 1398 863 1431 Hoc
886 1398 975 1431 enim

266 1451 327 1484 ἀπὸ
337 1451 440 1483 κοινοῦ
455 1450 696 1491 repetendum.

311 1505 352 1535 13
378 1500 490 1542 Cujus]
507 1501 576 1535 Ms.
593 1501 728 1540 Cui'J'us.

313 1553 411 1592 Cujus
425 1551 566 1593 verbosa]
596 1552 717 1584 Scribe
744 1552 806 1584 Cui
831 1552 977 1592 verbosas

267 1603 393 1636 deinde
412 1603 446 1635 in
467 1601 534 1635 fine
551 1613 671 1636 versus
690 1604 921 1644 commentatio,
933 1614 976 1636 ex

267 1654 441 1688 sententia
463 1654 507 1686 V.
529 1654 583 1686 Cl.
610 1654 762 1687 Cunradi
787 1655 978 1687 Rittersbu-

267 1704 320 1745 sii,
337 1714 403 1747 qua
413 1703 498 1735 nihil
513 1704 656 1737 rectius.
679 1705 803 1737 Mem.

269 1774 274 1779 -
309 1756 352 1786 14
387 1753 543 1795 Attende]
577 1753 757 1790 ‚Archelai
801 1754 976 1796 egregium

689 191 693 194 ’
745 185 888 218 NOTAE
921 186 1188 220 VARIORUM
1223 188 1276 220 IN

1029 281 1175 324 factum,
1205 282 1250 315 de
1283 292 1352 326 quo
1370 282 1591 318 'Plutarchus
1606 283 1658 318 'in
1666 299 1674 307 κ
1683 283 1735 317 A·

1030 333 1171 376 pophth.
1189 343 1270 376 pag.
1286 337 1360 367 177.
1375 333 1440 367 Ed.
1458 333 1616 368 Franeof.
1641 334 1722 369 Nee.

1075 386 1114 416 15
1138 384 1306 426 Modestis]
1339 384 1440 418 Hanc
1455 390 1572 419 notam
1580 384 1665 420 ‘neo‘
1676 386 1737 419 tri-

1031 433 1108 466 buit
1121 443 1221 466 sacer
1245 434 1355 468 codex
1381 435 1470 478 Reg.
1485 445 1509 469 ι.
1523 438 1554 470 8.
1569 438 1623 470 1⁸.
1666 435 1737 470 Sed

1033 487 1070 516 et
1084 482 1236 526 profanae
1251 483 1391 518 fabulae.
1433 486 1515 519 Vid.
1532 485 1736 529 AEsop··fab.

1033 537 1088 568 44.
1132 534 1308 567 Praeelare
1330 535 1492 585 Ambros.
1518 535 1623 571 offic.
1639 540 1738 572 ι.»18.

1035 584 1045 602 ⁴
1059 584 1189 627 Magna
1205 585 1311 628 igitur
1325 586 1513 621 modestia:
1536 597 1614 631 (με
1633 597 1738 631 quum

1035 635 1081 668 sit
1110 636 1213 668 etiam
1244 635 1297 670 sui
1319 637 1408 678 ῥιπὶς
1437 638 1623 681 remissior,
1650 638 1737 672 nibil

1033 685 1099 719 sibi
1135 697 1318 729 usurpans,
1353 687 1438 720 nihil
1471 687 1662 732 vindIcnns,
1701 694 1738 723 et

1033 737 1284 780 quodammodo
1314 738 1408 771 intra
1433 737 1526 772 vires
1550 747 1629 774 mn!
1656 748 1737 773 eon-

1035 788 1192 830 tractior,
1207 788 1303 821 dives
1321 791 1377 821 est
1398 787 1492 831 apud
1505 788 1630 831 noun,
1645 789 1739 832 §pud

1033 848 1133 882 quem
1148 848 1248 872 nemo
1263 839 1374 872 dives.
1418 839 1527 872 Dives
1537 842 1592 875 en
1605 838 1736 875 mode·-

1033 890 1094 932 tia,
1119 889 1199 932 quia
1227 890 1343 931 portio
1375 890 1446 923 Dei
1474 889 1552 923 est'..’
1601 889 1739 924 Sotadi·

1033 939 1165 973 dictum
1191 944 1267 972 est:
1293 938 1356 972 *Au
1387 938 1421 972 δὲ
1445 940 1618 984 σωφρονῇς,
1645 940 1739 974 τοῦτο

1031 993 1117 1024 Θεῶν
1145 993 1238 1034 δῶρον
1263 989 1402 1034 ὑπάρχει.
1437 991 1571 1025 Ρναοσλ.
1587 1019 1589 1022 .
1606 990 1740 1034 ·Oppo-

1031 1046 1162 1075 nuntur
1185 1043 1242 1074 hic
1263 1042 1386 1084 cupidis
1411 1041 1674 1086 ponemusque,
1697 1052 1738 1075 ac

1032 1093 1274 1135 intelliguntur
1299 1093 1399 1135 tales,
1426 1092 1486 1135 qui
1500 1092 1644 1126 modieis
1657 1097 1740 1127 aunt

1033 1145 1199 1178 contenti.
1244 1145 1402 1177 Donatus
1427 1144 1519 1187 apud
1536 1145 1738 1179 Terentium

1032 1195 1066 1228 in
1085 1195 1226 1237 Hecyra
1248 1199 1317 1228 act.
1332 1203 1386 1231 ιν,
1400 1204 1447 1228 sc.
1463 1198 1496 1228 1.
1532 1195 1544 1214 ‘
1558 1194 1736 1231 Modeste'

1031 1248 1310 1290 interpretatur‚‘
1320 1247 1484 1280 Adhibito
1496 1246 1622 1280 modo!
1631 1245 1739 1287 Schef.

1031 1299 1179 1341 Proprie
1191 1299 1226 1331 in
1241 1298 1393 1341 petendo
1402 1297 1554 1331 modestia
1565 1297 1739 1340 laudatur,

1031 1353 1067 1381 et
1083 1353 1238 1391 apparet.
1268 1349 1344 1382 Liv.
1357 1357 1480 1382 xxxu.
1495 1351 1528 1381 8.
1550 1348 1561 1367 ‘
1574 1348 1737 1382 caussam

1030 1400 1245 1442 postulandae
1254 1400 1422 1432 missionis
1430 1399 1643 1442 probabilem
1648 1410 1738 1442 esse,

1030 1450 1058 1482 si
1074 1451 1227 1483 modeste
1244 1450 1447 1493 peteretur?
1479 1451 1575 1484 Suet.
1583 1449 1673 1494 Aug.
1681 1453 1736 1485 24.

1030 1501 1040 1520 ‘
1053 1501 1236 1543 Legiones,
1245 1500 1446 1533 immodeste
1455 1500 1650 1535 missionem
1662 1511 1741 1544 pos·

1030 1552 1193 1593 tulantes,
1209 1550 1469 1584 exauctoravit:
1513 1550 1616 1585 Ovid.
1626 1552 1738 1594 Epist.

1032 1610 1095 1634 xx.
1124 1605 1179 1635 53.
1200 1601 1297 1634 ‘Aut
1322 1611 1414 1634 esses
1443 1600 1591 1635 formosa
1615 1603 1739 1644 minus,

1032 1656 1195 1695 peterere
1224 1651 1401 1685 modeste!
1455 1651 1537 1685 vid.
1559 1655 1598 1694 et
1625 1652 1751 1687 Tacit(

1031 1703 1122 1738 Ann.
1138 1713 1164 1736 1.
1180 1705 1232 1736 19.
1247 1707 1283 1736 et
1292 1702 1453 1737 Juvenal.
1470 1704 1598 1736 xn.12.
1620 1697 1736 1736 Burin.

827 1979 1085 2025 FABULA
1134 1980 1171 2026 Ι.

309 2117 326 2148 1
342 2115 513 2157 Juvencus]
534 2115 626 2149 Vide
641 2116 766 2150 Avien.
780 2116 850 2150 fab.
869 2119 921 2150 18.
940 2121 976 2151 et

265 2169 320 2199 28.
348 2167 426 2207 Rig.

271 2237 273 2239 -
307 2218 480 2250 Juvencum
493 2218 659 2259 deiectum]
682 2217 832 2260 Egregie
856 2222 892 2250 et
908 2219 975 2250 val-

265 2266 310 2298 de
338 2268 506 2301 concinne
533 2268 676 2308 Statius,
706 2268 791 2300 hanc
822 2267 973 2301 fabulam

265 2317 301 2349 in
317 2318 428 2350 animo
444 2319 587 2358 habens,
610 2318 717 2366 Their.
734 2326 802 2350 xn.
825 2318 835 2336 ‘
851 2318 908 2350 Sic
918 2319 973 2360 ju-

266 2371 326 2400 vat
351 2368 515 2400 exanimis
539 2368 746 2411 dejectaque
773 2368 890 2410 praeda
917 2378 971 2400 ca-

264 2427 395 2461 nesque
409 2419 679 2461 Degeneresque
689 2419 808 2460 lupos:
832 2428 972 2460 magnos

264 2469 327 2501 alit
352 2469 404 2501 ira
430 2469 573 2502 leones.’
618 2470 665 2502 Et
679 2468 873 2501 Martialis:
901 2470 911 2487 ⁴
929 2469 972 2501 In

263 2519 391 2551 Tauros
419 2520 542 2561 Libyci
568 2525 671 2552 ruunt
702 2520 860 2552 Leones:
891 2520 971 2552 Non

265 2573 345 2601 sunt
359 2569 597 2611 Papilionibus
612 2568 771 2602 molesti!
798 2568 884 2602 Gud.

268 2640 273 2643 -
308 2620 439 2661 Stabat]
477 2620 560 2652 Dixi
590 2630 694 2663 supra
721 2620 779 2652 lib.
806 2629 831 2652 1.
861 2630 890 2652 c.
915 2623 969 2653 28.

265 2670 342 2703 Nisi
359 2671 451 2712 quod
466 2670 520 2703 hic
537 2671 637 2702 simul
653 2663 787 2712 signum
804 2670 849 2702 sit
863 2670 971 2702 victo-

266 2720 336 2760 riae,
352 2720 429 2752 ideo
445 2725 481 2753 et
497 2721 558 2753 tali
572 2721 692 2753 habitu
707 2720 856 2753 victores
870 2721 970 2761 vulgo

266 2770 508 2813 depinguntur.
548 2772 696 2805 Consule
707 2771 882 2806 Barthium
899 2770 970 2804 Ad-

1031 2127 1101 2150 ver.
1118 2126 1199 2151 viu.
1226 2106 1257 2150 c.
1286 2118 1339 2150 13.
1368 2118 1406 2149 et
1434 2115 1492 2148 lib.
1516 2121 1625 2147 xvm.
1643 2122 1677 2152 o.
1702 2115 1735 2147 ἃ.

1029 2168 1162 2201 Statius
1173 2169 1268 2211 Sylv.
1287 2167 1346 2200 lib.
1355 2176 1381 2200 1.
1394 2166 1438 2199 de
1450 2174 1539 2208 equo
1549 2162 1737 2198 Domitiani

1030 2228 1150 2250 aeneo:
1186 2218 1315 2250 ‘AEnea
1345 2216 1475 2259 captivi
1501 2215 1629 2248 crimen
1652 2213 1738 2250 terit
1791 2236 1795 2240 -

1028 2269 1155 2310 ungula
1192 2268 1323 2301 Rheni!
1381 2266 1493 2312 David
1529 2274 1666 2309 quoque
1699 2264 1735 2296 in

1027 2318 1086 2351 Ps.
1098 2321 1152 2350 90.
1174 2319 1183 2336 ‘
1196 2318 1309 2360 Super
1324 2317 1479 2360 aspidem
1491 2320 1528 2349 et
1542 2315 1734 2348 basiliscum

1027 2368 1227 2408 ambulabis,
1253 2373 1290 2402 et
1315 2366 1535 2401 conculcabis
1547 2367 1680 2399 leonem
1696 2368 1735 2396 et

1028 2419 1236 2452 draconem.’
1290 2418 1396 2453 ovid.
1425 2418 1570 2451 Metam.
1591 2424 1633 2448 11.
1655 2417 1733 2447 652.

1027 2470 1038 2489 ‘
1050 2469 1245 2512 Spoliisque
1257 2469 1408 2501 animosa
1421 2470 1618 2509 superstans
1629 2464 1734 2498 Unda

1027 2521 1123 2553 velut
1138 2520 1262 2552 victrix
1276 2520 1428 2552 sinuatas
1443 2515 1591 2558 despicit
1601 2514 1733 2548 undas!

1025 2570 1083 2602 Sic
1108 2570 1199 2602 enim
1223 2570 1352 2611 optime
1379 2568 1471 2602 Nob.
1497 2566 1661 2599 Heinsius
1682 2566 1733 2598 ibi

1026 2620 1157 2652 scribit.
1201 2619 1302 2652 Adde
1330 2619 1415 2651 Fab.
1441 2619 1533 2650 Dec.
1549 2626 1599 2650 ιν.
1626 2627 1660 2659 p.
1674 2619 1729 2649 ⁶4.

1025 2670 1132 2709 Schef.
1176 2670 1293 2702 Valer.
1308 2669 1404 2701 Flac.
1415 2677 1465 2700 iv.
1478 2671 1554 2701 311.
1577 2666 1730 2715 ‘Laben-

1026 2725 1095 2752 tem
1117 2719 1270 2761 propulit
1295 2719 1407 2762 heros,
1431 2718 1478 2752 Et
1505 2727 1608 2762 super
1632 2717 1729 2751 insit-

1025 2769 1125 2814 tens,’
1147 2773 1213 2803 ὅτε.
