1806 3236
240 208 310 252 36>
662 225 875 259 sumum
899 227 960 259 m·
991 228 1242 261 TESTIMON
1253 230 1302 262 {A

501 351 704 396 Avienus
726 354 771 396 in
790 354 964 408 praefat.
993 348 1237 399 fabularum
1258 371 1448 402 suarum.

301 442 522 486 Phaedrus
541 444 674 487 etiam
712 447 882 499 partem
917 445 1112 501 aliquam
1148 448 1343 504 quinque
1363 450 1408 492 in
1440 449 1618 495 libellos
1642 465 1710 495 re-

244 510 391 554 solvit.

301 634 444 689 Septi.
467 634 654 677 Florens
692 634 970 679 Christianus
999 638 1045 680 in
1077 637 1225 681 Carm.
1257 638 1315 682 ad
1345 638 1571 683 Pithoeum
1596 641 1652 684 de

772 703 962 747 Phaedro
991 706 1192 761 loquens.

357 810 471 818 ——
490 787 682 844 destylo
704 792 836 844 atque
857 793 1071 846 tempore,

358 857 450 899 Par
469 858 758 913 proximusve
780 859 972 902 Laberio
990 861 1062 903 vel
1082 859 1257 905 Publio.

443 979 770 1023 Rittershusius
788 982 835 1023 in
859 983 993 1037 epist.
1017 983 1288 1027 dedicatoria
1308 984 1506 1029 Phaedri.

302 1069 509 1113 Fabellas
529 1072 726 1114 continet
745 1073 1016 1128 opusculum
1030 1075 1260 1130 expositas
1278 1088 1480 1119 sermone
1488 1076 1650 1120 Latino
1665 1081 1712 1122 et

239 1151 352 1193 puro
392 1142 525 1194 atque
563 1141 766 1194 genuino,
811 1141 857 1182 in
907 1154 997 1197 quo
1035 1143 1198 1185 multas
1236 1145 1432 1200 antiquae
1473 1145 1716 1200 elegantiae-

239 1209 368 1248 notas
399 1207 639 1262 impressas
670 1221 847 1251 cernere
873 1213 956 1261 est,
986 1211 1151 1253 multas
1182 1211 1329 1267 legere
1360 1213 1618 1266 sententias,
1649 1211 1719 1256 ad-

245 1275 467 1329 quaslibet
485 1276 591 1318 vitae
612 1282 765 1332 partes
784 1277 1061 1321 utilissimas,

301 1397 424 1440 Idem
455 1398 500 1439 in
527 1398 672 1454 Epist.
703 1399 761 1441 ad
793 1399 1110 1455 camerarium,
1139 1404 1216 1446 ubi
1249 1407 1293 1447 et
1316 1404 1374 1448 de
1409 1404 1650 1450 Camerarii

580 1467 904 1523 Bongarsiique
917 1469 1104 1525 judicio,
1134 1472 1217 1514 hoc
1236 1473 1381 1516 modo.

298 1562 369 1605 De
389 1562 474 1605 hoc
493 1563 645 1605 libello
665 1563 782 1606 idem
810 1578 890 1620 ego
922 1570 1082 1618 tecum,
1113 1570 1158 1609 et
1178 1580 1278 1609 cum
1304 1559 1575 1622 politissimo
1595 1568 1717 1620 viro,·

239 1631 269 1674 J
273 1632 418 1674 acobo
456 1632 718 1685 BongarsiO,
752 1634 913 1684 sentio,
946 1634 1186 1688 elegantem
1225 1647 1323 1678 esse
1363 1635 1644 1689 cumprimis,-
1665 1639 1720 1682 et!

240 1700 424 1743 florente
457 1700 604 1751 etiam,
637 1714 691 1743 ac
724 1715 836 1756 pura
871 1702 1027 1755 lingua
1059 1702 1222 1746 Latina
1257 1704 1487 1758 scriptum,
1517 1715 1571 1746 ac
1603 1716 1708 1759 sup-

241 1781 392 1824 parem
412 1781 514 1810 esse
539 1768 696 1823 judico
732 1769 844 1811 hunc
865 1769 1106 1812 Phaedrum
1126 1771 1317 1813 Laberio
1337 1784 1390 1813 ae
1411 1771 1574 1815 Publio
1593 1769 1707 1827 Syro

244 1835 573 1891 Mimographo.

484 1955 669 2013 Lipsius
689 1958 747 2001 ad
768 1958 928 2002 Senec.
949 1957 1132 2002 Consol.
1153 1960 1313 2016 Polyb.
1334 1974 1374 2003 c.
1394 1960 1465 2003 27.

298 2047 534 2098 PhaedruS‚
547 2047 717 2089 Tiberii
736 2047 961 2111 Libertus,
973 2048 1070 2103 jam
1091 2049 1349 2093 condiderat
1361 2051 1507 2104 (logos
1521 2047 1706 2105 AEsopi)
1760 2093 1765 2100 ,

242 2118 285 2157 et
303 2115 607 2170 pulcherrimis
627 2116 830 2158 versibus
850 2116 1041 2159 Latinos
1060 2117 1239 2170 fecerat,
1268 2118 1348 2174 qui
1367 2122 1534 2161 extant.

574 2237 797 2292 Rigaltius
817 2241 863 2282 in
884 2235 1028 2284 dedic.
1050 2241 1108 2283 ad
1129 2232 1378 2282 Thuanum.

301 2324 420 2367 Haec
439 2326 548 2367 ratio
567 2327 790 2369 fabulares
809 2329 954 2370 liberti
969 2329 1119 2383 jocos,
1129 2328 1311 2371 vernula
1324 2327 1571 2370 urbanitate
1585 2338 1706 2369 ama-

243 2392 356 2436 biles
377 2394 593 2448 argutiaS,
623 2395 798 2448 placere
818 2396 899 2438 tibi
917 2409 1054 2452 posse
1074 2396 1304 2451 persuasit.

773 2513 898 2560 Idem
919 2519 1055 2573 paulo
1073 2522 1187 2574 post.

303 2602 437 2644 Habe
466 2603 596 2657 igitur
624 2602 953 2661 imperatorium
974 2603 1196 2654 libertum,
1218 2615 1347 2657 quem
1359 2600 1472 2644 inter
1486 2600 1705 2643 rustican-

244 2669 350 2712 dum
380 2672 574 2714 suaviter
594 2671 882 2721 fabulantem,
912 2672 1002 2723 imo
1023 2672 1225 2726 graviter,
1257 2674 1300 2713 et
1334 2669 1511 2726 quidem
1545 2669 1704 2724 paucis

243 2737 625 2795 philosophantem
647 2737 891 2782 admireris.
