1806 3236
452 226 655 260 PHAEDRI
691 225 800 259 ms.
836 224 1140 258 AEsor1AnuM
1176 223 1270 256 ma.
1304 222 1337 256 1.
1369 211 1411 255 2.

194 327 383 361 mm·
394 323 499 368 iuquit
512 323 616 357 hercle
635 322 803 355 maledixit
817 321 906 354 mihi.

199 453 203 459 .
237 429 358 463 fleu-oie
384 431 462 462 tuus
491 426 615 470 inquit]
667 427 791 460 Barth.
816 426 906 461 Adv.

194 488 312 516 nvn.
328 484 383 515 lo.
427 480 579 514 Her-onie.
598 479 718 512 Heius.

201 537 280 568 ’νη
303 531 525 576 [we-me]
548 532 638 565 Sunt
651 530 908 574 hoecjudiciosa

193 584 374 628 ueriptoris
387 582 647 625 verbanden-co
664 582 908 626 distinguenda

194 635 522 680 apraeoedentibus.
560 636 640 668 Non
663 636 755 668 enim
770 636 909 668 &omre

193 696 268 722 me
289 687 430 721 dicitur.
471 687 622 720 Sensus:
645 685 796 720 Lacerat
820 697 910 729 eam,

193 744 235 772 ut
261 744 468 783 sequeretur
493 748 561 771 nex
586 747 648 772 seu
671 748 777 780 mors,
802 743 908 782 atque

195 790 410 834 illa‘injusta.
453 789 561 831 Solus.
798 788 805 794 ⁸
834 784 836 786 ’

241 845 283 876 115
307 841 476 885 Quifioris
487 842 592 875 auris
611 843 791 876 innocentes
806 843 911 885 oppri-

195 893 305 936 mant]
337 893 496 936 Respicit
505 894 624 927 statim
635 894 736 927 initio
752 894 910 936 opusculi

197 944 242 978 ‘ad
257 953 338 978 suos
360 943 598 978 adversarios:
622 944 667 978 de
680 944 803 989 quibus
819 944 911 978 infra
951 947 964 958 ⁸

194 996 347 1040 plenius.
385 995 516 1030 Similis
543 996 724 1039 Apologus
754 996 799 1029 de
824 997 910 1030 Fele

196 1052 236 1082 et
248 1047 356 1082 Gallo
365 1051 538 1081 narratur.
557 1046 649 1082 Vide
662 1047 787 1081 Fae'rn.
802 1056 910 1081 xurr.

197 1098 270 1135 Ubi
297 1099 366 1132 hoe
387 1098 488 1141 ponit
510 1097 694 1139 ἑπιμῦθιονε
733 1101 744 1118 ‘
758 1099 839 1132 Vim
852 1098 912 1143 qui

197 1149 327 1184 intorte
349 1155 464 1192 parat,
485 1151 634 1193 cupidus
649 1155 835 1195 certusque
851 1161 912 1184 no·

197 1200 314 1244 cendi,
327 1200 474 1235 Frustra
487 1201 583 1235 illum
604 1202 739 1236 ratione
761 1212 912 1246 premas,

199 1256 262 1287 ant
269 1252 350 1296 jue
365 1251 531 1287 refellas?
555 1253 642 1288 ΕΜ.

1584 211 1671 255 827

1006 319 1181 364 Qaifictie,
1200 319 1269 362 qma]
1310 318 1471 362 Satyrica
1497 317 1573 351 haec
1595 323 1675 353 sunt

960 376 998 405 et
1032 372 1209 405 Tiberium
1244 371 1446 414 respiciunt,
1470 369 1515 403 de
1548 379 1616 413 quo
1654 379 1674 403 e

959 423 1127 456 Suetonio
1142 428 1179 456 et
1190 423 1325 456 Seneca
1340 422 1564 463 notum,'eum
1586 420 1676 454 fictis

959 476 1159 509 criminibus
1176 476 1239 509 sub
1265 476 1402 509 nomine
1413 475 1575 517 justitiae,
1591 484 1676 517 quos

959 527 1081 570 vellet,
1102 527 1302 570 peremisse.
1348 527 1462 560 cauea.-
1488 529 1606 559 autem
1619 525 1677 558 hic

961 582 1043 613 sunt
1059 578 1216 620 crimina,
1231 577 1422 611 utGroecis
1436 575 1532 610 αἰτία.
1561 577 1677 610 Gloss.

959 629 971 648 ⁸
997 628 1100 672 Αἰτίαι,
1135 639 1272 668 caussa,
1319 629 1480 671 materia,
1521 629 1678 672 querela,

961 682 1079 724 culpa,
1093 680 1206 715 noxa!
1247 681 1336 713 (διαὶ.

1007 740 1115 773 Fictis
1127 739 1245 783 causis]
1272 740 1388 782 Supra
1413 739 1503 772 dixit
1523 739 1534 758 ⁴
1548 737 1679 771 illatis.’

965 792 1029 826 Est
1043 792 1154 834 ellips.
1165 792 1216 825 de.
1252 792 1376 833 Porro,
1387 789 1480 824 fictis
1495 790 1539 823 de
1551 790 1679 830 causis,

964 853 1041 887 pro,
1066 843 1169 877 fictas
1195 843 1240 877 ob
1261 853 1398 881 causas,
1413 846 1453 876 ut
1478 842 1680 885 saepissime.

965 895 1073 933 Schef.
1527 893 1529 895 ’

1010 946 1220 989 Oppi-imunt]
1248 945 1375 988 Lupini
1390 945 1534 988 hujusce
1549 944 1682 979 facino·-

964 998 1014 1031 ris
1029 1002 1198 1030 sexcenta
1211 998 1372 1040 exempla
1387 1007 1570 1031 occurrere
1585 997 1681 1039 olim,

965 1052 1221 1092 occurruntque
1237 1049 1425 1082 etiamnum
1447 1049 1570 1082 hodie:
1595 1050 1682 1082 adeo

965 1105 1005 1134 ut
1027 1101 1038 1120 ‘
1057 1100 1106 1134 Hi
1124 1105 1270 1144 regnent
1293 1100 1453 1144 qualibet
1475 1101 1562 1134 urbe
1586 1101 1686 1144 lupi,'

966 1156 1007 1185 ut
1030 1151 1122 1185 bene
1143 1150 1321 1185 fabulator
1341 1158 1459 1186 noster
1480 1152 1683 1196 Anonymus

966 1202 1083 1237 fabula
1097 1206 1130 1237 2.
1164 1203 1247 1237 Nev-

756 1496 1020 1542 FABULA
1067 1498 1135 1541 ΙΙ.

245 1617 351 1652 &aa
358 1618 481 1661 Regem
487 1620 646 1664 petentes]
656 1620 756 1655 Hanc
767 1621 918 1656 fabulam

202 1669 325 1704 retulit
350 1670 456 1704 etiam
493 1671 726 1716 Camerarius,
753 1673 809 1708 tit.
859 1674 919 1707 De

202 1722 310 1756 Ratio
321 1726 359 1756 et
371 1722 483 1758 Jove:
505 1729 543 1757 ct
557 1725 767 1759 consimilem
782 1725 827 1759 de
840 1725 919 1759 Asi-

201 1782 248 1807 no
269 1777 309 1807 et
323 1773 474 1808 olitore.
517 1775 600 1809 vid.
624 1776 839 1812 Artemidor.
857 1777 918 1812 lib.

202 1832 246 1859 u.
267 1827 366 1858 ⁴:41⁶.
394 1825 502 1860 Liber
515 1827 586 1861 Ms.
602 1827 769 1863 Biblioth.
784 1830 919 1863 Victor.

202 1875 327 1910 ‘Dum
340 1877 424 1911 nihil
443 1878 591 1913 auderet
607 1879 770 1914 ludentes
785 1881 919 1914 laedere

202 1935 318 1970 ranas,
331 1929 562 1972 supplicuere
570 1930 666 1973 Jovt,
678 1941 723 1965 ne
736 1932 811 1965 sine
818 1932 920 1975 Rege

201 1977 330 2015 forent.
351 1980 581 2024 Jupiterhuic
590 1986 672 2015 voto
688 1982 793 2015 risum
805 1983 921 2024 dedit;

205 2040 291 2064 ausa
305 2031 477 2065 secundas
493 2032 594 2065 Rana
615 2042 752 2075 preces,
767 2034 920 2067 subitum

206 2082 317 2116 sensit
343 2082 379 2115 iu
402 2091 503 2116 amne
532 2092 666 2117 sonum.
714 2084 805 2117 Nam
829 2085 922 2119 Jove

207 2133 314 2167 dante
346 2133 495 2172 trabem,
532 2135 642 2167 trahis
676 2135 749 2168 ictu
782 2135 923 2170 flumine

206 2188 316 2227 moto,
328 2185 508 2219 Demersit
518 2185 652 2219 subitus
664 2190 807 2229 guttura
818 2196 924 2221 rauca

207 2237 324 2270 timor.
356 2237 505 2270 Placato
520 2237 657 2270 rediere
678 2241 788 2280 metu,
803 2238 924 2273 videre

207 2288 374 2330 tigillum:
397 2287 533 2322 Stando
548 2289 670 2331 procul
694 2289 828 2333 Regem
848 2299 926 2334 pera

206 2339 356 2373 timuere
371 2349 482 2373 suum.
518 2340 570 2373 Ut
581 2340 698 2374 videre
708 2342 843 2376 trabem
861 2353 926 2386 per

207 2400 245 2425 se
260 2400 329 2424 non
349 2400 453 2434 posse
467 2391 612 2434 moveri,
626 2392 698 2426 Pro
717 2393 820 2427 Duce
834 2394 926 2428 fece·

209 2447 292 2476 runt
316 2442 421 2476 tertia
455 2446 536 2475 vota
566 2443 658 2477 Jovi.
709 2444 769 2478 Ira
800 2445 925 2480 Jovem

207 2493 331 2535 movit,
354 2494 484 2537 Regem
501 2494 613 2538 dedit,
631 2496 750 2530 intulit
763 2497 927 2540 hydrum.

210 2545 354 2588 Hydrus
362 2545 479 2579 hiante
491 2546 571 2589 gula
579 2547 686 2590 coepit
695 2547 791 2582 obire
800 2549 927 2585 lacum.

211 2597 379 2631 clamitat
402 2607 486 2631 ecce
511 2599 629 2632 lacus:
662 2600 847 2644 Mor-imur,
868 2602 927 2645 pie

211 2647 365 2692 Jupiter,
375 2649 452 2681 audi
462 2660 472 2690 ;
482 2650 626 2692 Jupiter
634 2652 774 2694 exaudi,
784 2653 928 2696 Jupiter

213 2699 312 2733 adfer
348 2710 451 2743 opem
467 2711 476 2734 ε
519 2702 593 2735 Nos
629 2703 755 2746 sepelit
791 2708 926 2747 venter,

214 2751 323 2784 nostri
352 2761 469 2786 sumus
504 2762 585 2786 esca
616 2755 778 2797 tyranni:
815 2754 929 2789 Aufer

215 2801 323 2834 cedis
338 2810 438 2844 opus,
461 2803 570 2837 redde
585 2805 711 2847 qnietis
732 2815 826 2849 opes.
862 2806 928 2840 Ille

216 2851 345 2887 refert:
383 2855 545 2899 Emptum
576 2855 678 2899 longa
705 2867 809 2901 prece
837 2857 930 2893 ferte

974 1623 1196 1665 magistrumz
1236 1622 1404 1656 Vindicet
1439 1626 1591 1656 aeternus
1618 1622 1690 1655 otia

974 1679 1094 1718 spreta
1115 1679 1242 1708 metus.
1291 1675 1407 1708 Omne
1430 1674 1512 1707 boni
1538 1674 1690 1717 pretium

974 1726 1079 1759 nimio
1107 1726 1246 1759 vilescit
1275 1726 1311 1758 in
1343 1736 1422 1767 usu,
1452 1726 1579 1770 Fitque
1609 1724 1692 1757 mali

973 1784 1077 1822 gustu
1102 1779 1236 1813 dulcius
1255 1789 1356 1812 omne
1378 1778 1518 1811 bonum.
1564 1777 1600 1810 Si
1616 1777 1692 1820 quis

972 1830 1093 1872 habet,
1109 1830 1201 1874 quod
1223 1829 1351 1863 habere
1379 1829 1495 1869 decet,
1517 1828 1564 1861 sit
1590 1828 1692 1861 laetus

971 1882 1147 1916 habendo.
1182 1881 1337 1915 Alterius
1353 1891 1421 1914 nou
1446 1881 1506 1922 sit,
1529 1879 1587 1925 qui
1609 1889 1690 1913 suus

973 1943 1051 1968 csse
1066 1933 1212 1977 potest!
1252 1934 1335 1975 Rig.

1001 1989 1019 2018 l
1033 1985 1186 2027 Athenoe]
1200 1985 1311 2025 Nota;
1323 1983 1574 2018 Democratica
1584 1983 1691 2015 licen*

976 2037 1025 2070 tia
1039 2037 1170 2070 desinit
1194 2046 1235 2069 ac
1259 2036 1386 2078 migrat
1407 2036 1442 2068 in
1465 2034 1694 2078 tyrannidem.

975 2088 1142 2121 Rationes
1159 2097 1203 2120 ex
1219 2086 1380 2120 Politicis
1395 2086 1571 2129 petendae.
1614 2085 1693 2118 Ele·

978 2143 1103 2182 gauter
1136 2139 1263 2172 Cicero
1292 2137 1337 2170 de
1365 2136 1528 2171 Divinat.
1550 2140 1584 2170 2.
1622 2137 1632 2155 ‘
1650 2135 1694 2169 Id

977 2191 1067 2224 enim
1079 2190 1192 2233 ipsum
1206 2200 1227 2223 a
1238 2189 1388 2222 Platone
1400 2187 1695 2231 Philosophiaque

978 2242 1186 2284 didiceram,
1223 2241 1404 2274 naturales
1441 2249 1517 2273 esse
1553 2248 1695 2272 conver-

979 2294 1093 2327 siones
1105 2293 1271 2337 quasdam
1283 2301 1397 2325 rerum
1411 2291 1643 2334 publicarum,
1655 2294 1696 2323 ut

979 2357 1031 2380 τω
1062 2350 1136 2379 tum
1172 2355 1192 2378 a
1230 2342 1445 2388 principibus
1479 2346 1697 2383 tenerentur,

981 2403 1054 2431 tum
1071 2407 1091 2430 a
1115 2396 1268 2440 populis,
1282 2394 1467 2438 aliquando
1487 2404 1508 2426 a
1530 2392 1696 2436 singulis?

981 2448 1041 2482 Sic
1056 2447 1195 2482 easdem
1218 2446 1375 2479 Athenas
1397 2445 1597 2480 Demetrius
1613 2455 1695 2488 quo-

980 2510 1047 2545 que
1068 2500 1260 2533 Phalereus
1283 2498 1367 2531 alias
1383 2498 1491 2530 etiam
1508 2496 1697 2539 occupavit

980 2551 1128 2594 imperio
1144 2548 1301 2592 improbo
1315 2559 1324 2580 2
1349 2552 1388 2581 ut
1397 2547 1567 2580 Phaedrus
1578 2550 1699 2580 noster

981 2603 1030 2637 ait
1047 2602 1138 2635 infra
1154 2601 1214 2634 lib.
1231 2609 1265 2632 v.
1296 2600 1350 2632 De
1366 2599 1554 2631 Pisistrato
1569 2601 1698 2639 autem‘,

981 2667 1051 2701 qna
1079 2660 1155 2689 arte
1182 2654 1397 2688 Athenarum
1427 2651 1607 2694 acropolin
1640 2651 1696 2684 bis

981 2707 1173 2750 occuparit,
1211 2704 1289 2737 vide
1329 2702 1547 2737 Herodotum
1585 2701 1645 2735 lib.
1669 2710 1697 2736 ι’.

980 2758 1156 2793 Justinurn
1171 2756 1234 2789 lib.
1249 2765 1293 2788 n.
1325 2754 1551 2787 Plutarchum
1575 2763 1617 2786 ac
1633 2754 1697 2787 La⁴

982 2808 1157 2842 iirtiumin
1182 2806 1320 2839 Solone.
1357 2804 1442 2848 Ejus
1461 2805 1591 2847 posteri
1616 2814 1698 2847 quo-

983 2871 1062 2905 que,
1088 2857 1320 2894 Pisistratidae
1342 2855 1609 2897 dicti,·Athenis
1634 2865 1698 2898 per
