1806 3236
196 221 327 265 -656

240 325 444 360 Simonides.
467 326 573 368 Schef.

241 379 458 462 ¹Rea-ulma]
482 379 677 420 Accubuit;
704 379 827 413 Horat.
844 381 909 422 Ep.
924 389 950 414 1.

264 429 356 479 .‘Si
386 433 485 472 potes
511 429 692 464 Archaicis
723 433 872 465 conviva.
901 442 951 464 re-

240 480 403 513 cumbere
419 481 542 514 lectis!
570 481 678 522 Schef.

283 531 455 573 Recubuit]
478 531 600 566 Poetae
615 543 858 576 nonnunquam
875 543 950 576 pro,

240 583 427 623 accubuit;
459 584 551 626 quod
578 584 719 626 optimae
750 585 950 618 Latinitatis

239 640 315 675 est;
338 635 398 667 sed
425 641 506 677 post
534 636 682 681 Neronis
708 641 867 678 tempora
880 635 950 668 fre-

239 686 398 728 quentari
429 686 535 728 coepit
563 680 753 729 reo-umbem,
779 687 949 730 quomodo

241 736 356 768 Graeci
383 735 572 778 ἀνακεῖσθαι,
601 737 794 771 ἀναπίπτειν.
837 738 950 771 Hora-

238 787 307 819 tius
325 791 437 819 tamen
452 788 564 829 Epist.
576 797 602 820 1.
618 789 628 807 ⁴
643 789 678 821 Si
692 792 790 830 potes
805 788 949 822 Archai-

237 836 286 869 cis
304 838 450 870 conviva
465 839 665 872 recumbere
681 839 834 873 mensis!
862 841 949 872 Gud.

279 890 321 920 20
345 888 550 930 Splendebat]
598 891 750 933 Proprie
778 892 842 924 hoo
873 901 949 924 ver-

235 941 317 974 bnm
332 942 376 974 de
398 943 563 975 conviviis
586 944 668 985 poni
695 943 814 976 docuit
835 943 950 977 Cerda

235 993 280 1025 ad
297 993 419 1035 Virgil.
436 994 512 1027 AEn.
529 1003 553 1027 1.
569 997 646 1028 637.
663 999 700 1028 et
715 995 765 1028 ita
779 995 949 1038 capienda

234 1045 295 1077 illa
312 1045 436 1077 Horat.
453 1045 524 1078 od.
542 1055 582 1078 ιι.
596 1049 650 1080 16.
667 1051 676 1066 ‘
691 1047 832 1079 Vivitur
845 1056 949 1089 parvo

239 1096 341 1135 bene,
356 1096 411 1129 cni
427 1101 610 1138 paternum
624 1097 795 1140 Splendet
809 1097 843 1130 iu
858 1107 950 1130 men-

233 1156 281 1179 ·sa
298 1147 393 1179 tenui
418 1148 562 1180 salinum
574 1148 596 1180 ε’
623 1148 683 1181 ubi
710 1158 781 1190 prae
811 1148 949 1191 reliquis

236 1197 487 1240 interpretibus
497 1208 619 1241 sapere
635 1199 701 1231 sibi
719 1199 810 1231 visus
823 1199 949 1232 Dacie-

236 1248 321 1290 rius,
335 1251 478 1291 splendet
505 1250 661 1292 exponit,
681 1250 810 1292 placet,
825 1250 950 1292 jucun-

242 1300 323 1332 dum
340 1305 403 1333 est.
449 1301 616 1341 Minime;
638 1300 700 1333 sed
731 1301 805 1333 vult
831 1300 950 1342 poeta,

237 1361 306 1384 non
317 1361 354 1384 se
368 1351 566 1384 desiderare
576 1351 814 1394 splendentem
825 1361 948 1393 magno

231 1406 407 1444 ‘apparatu
423 1406 459 1435 et
474 1403 624 1445 poculis,
641 1407 680 1435 ut
691 1402 760 1444 hic,
775 1412 921 1435 mensam
937 1412 946 1442 ;

238 1453 323 1485 satis
338 1453 405 1494 ipsi
419 1462 509 1494 esse,
530 1453 558 1484 si
585 1452 770 1495 splendeat
790 1453 948 1494 salinum,

236 1503 302 1535 hoc
326 1508 392 1544 est,
420 1513 554 1535 omnem
579 1513 707 1536 mensae
732 1503 947 1545 splendorem

239 1554 313 1586 sola
329 1553 484 1586 absolvat
500 1558 536 1586 et
557 1553 684 1586 faciat:
717 1564 783 1586 non
811 1554 821 1571 ‘
834 1553 947 1596 capit'

237 1603 423 1636 Horatium
454 1604 634 1645 ‘splendor
663 1604 799 1646 argenti
825 1605 949 1646 multi,’

233 1658 279 1687 nt
307 1655 462 1697 loquitur
486 1654 559 1688 Sat.
587 1665 612 1688 1.
633 1658 665 1688 4.
692 1658 745 1688 28.
766 1655 828 1688 sed
844 1656 947 1688 solius

236 1705 348 1738 salini.
393 1706 450 1738 Sic
475 1707 565 1739 idem
590 1707 732 1739 verbum
762 1707 806 1739 ad
833 1707 947 1740 focum

233 1761 272 1789 et
289 1757 448 1789 mundam
473 1767 600 1790 mensae
624 1758 874 1800 supellectilem
895 1768 947 1790 re-

232 1807 314 1839 tulit
337 1808 403 1849 Ep.
432 1818 456 1840 1.
474 1812 505 1840 5.
521 1811 552 1841 7.
575 1810 584 1827 ‘
600 1809 809 1842 Jamdudum
835 1809 947 1851 splen-

233 1857 295 1890 det
323 1856 435 1898 focus,
461 1862 498 1891 et
525 1858 588 1891 tibi
614 1859 742 1891 munda
757 1859 947 1901 supellex?

238 1913 276 1940 et
296 1908 418 1941 eodem
444 1919 559 1950 sensu,
588 1920 623 1941 se
655 1911 664 1928 ‘
681 1910 947 1951 splendidiorem

239 1959 413 1992 dominum
451 1961 621 2002 neglectae
658 1959 724 1992 rei'
758 1960 854 2002 dicit,
877 1960 946 1994 od.

235 2010 297 2043 lib.
316 2020 374 2049 ιιι.
391 2014 443 2044 16.
473 2011 591 2043 Burm.

282 2061 400 2093 Hilare
413 2061 547 2103 poculis]
570 2061 696 2104 Virgil.
725 2062 799 2095 Ecl.
821 2072 856 2096 V.
877 2062 888 2081 ‘
901 2063 948 2095 Et

236 2113 344 2146 multo
357 2113 525 2155 imprimis
537 2113 684 2146 hilarans
696 2114 853 2147 convivia
860 2115 948 2147 Bac-

240 2164 327 2197 cbo!
353 2165 484 2197 Pru-sch.
843 2180 845 2183 ·

278 2218 320 2248 21
345 2216 453 2257 Laeta]
479 2215 603 2258 Rigalt.
620 2216 731 2249 edidit
754 2217 834 2248 loete.
878 2216 948 2249 Sed

238 2267 287 2299 sic
299 2266 424 2307 Faber,
439 2277 517 2299 cum
533 2267 742 2299 editionibus
758 2267 949 2307 veteribus,

238 2316 327 2359 quod
346 2317 467 2358 probo.
513 2317 604 2349 Nam
620 2322 675 2349 est
688 2318 738 2350 ita
750 2317 895 2359 dictum,
910 2322 950 2349 ut

237 2367 337 2399 hilare
352 2368 535 2401 convivium.
564 2367 675 2400 Schef.

284 2419 477 2461 Resonabat]
500 2418 678 2461 Virgilium
700 2420 866 2461 respexit,
889 2420 948 2462 qui

239 2468 318 2501 AEn.
335 2479 404 2502 xu.
426 2471 436 2488 ‘
450 2470 628 2502 Resonant
643 2471 713 2502 late
728 2471 947 2512 plangoribus

241 2519 358 2552 aedes.'
381 2520 428 2552 Et
439 2520 488 2551 sic
505 2520 575 2552 alii.
610 2519 717 2560 Sches.

284 2575 327 2604 22
351 2573 491 2613 Repente
519 2572 627 2614 quum]
665 2573 778 2614 Lege:
810 2573 949 2614 Repente

241 2633 335 2664 quum
355 2624 488 2663 ‚iuvenes
510 2624 570 2655 duo
598 2623 699 2663 sparsi
725 2623 871 2664 pulvere,-
895 2622 948 2653 vel

243 2674 335 2716 quod
364 2675 484 2706 melius
507 2678 572 2714 est,
595 2675 675 2715 Rep.
696 2674 756 2706 duo
775 2673 947 2715 quumjuv.

242 2725 343 2758 Vitat
367 2726 457 2758 enim
484 2729 647 2767 quantum
676 2728 793 2766 potest
807 2748 824 2757 ..
843 2748 859 2756 ..
879 2748 895 2757 ν
914 2739 947 2756 ..-

248 2777 332 2807 Gud.

288 2826 362 2859 Duo
377 2824 522 2868 juvenes]
543 2827 648 2869 Lege,
680 2827 819 2869 Repente
847 2836 949 2859 eccum

990 329 1124 370 juvenes
1143 332 1206 364 auo
1232 331 1345 374 sparsi.

702 232 847 265 NOTAE
880 229 1148 267 vAmoRUM
1181 235 1234 267 m

1389 332 1473 366 Vel
1485 333 1645 384 Repente
1654 343 1704 368 ce-

999 391 1069 413 cum
1098 383 1159 414 duo
1177 392 1321 423 Juvenes.
1351 383 1486 416 Eccum
1509 393 1585 427 pro,
1605 376 1717 428 ecce„

1000 441 1066 464 non
1087 436 1219 465 tantum
1243 441 1318 475 pro,
1341 442 1426 466 ecce
1445 433 1552 468 illum.
1587 433 1705 470 Fiunt.

999 481 1127 524 Amph.
1163 483 1175 500 ⁴
1198 483 1337 519 Ecctun*
1353 483 1518 526 Jupiter-,³
1535 485 1707 520 merent.

1000 533 1087 566 Eun.
1112 543 1163 566 ιν.
1186 536 1218 566 7.
1241 534 1337 567 ‘Ubi
1366 535 1522 568 centurio
1546 540 1601 568 est
1619 535 1706 570 Sun-

1000 593 1057 626 ga,
1080 589 1116 617 et
1129 585 1323 627 manipulus
1337 583 1481 619 furum?
1492 585 1555 621 Sa.
1574 583 1706 645 Eodem

1001 634 1125 668 adest.’
1146 635 1283 668 Heius

1043 685 1157 727 Sparsi
1182 687 1321 728 palem,
1345 687 1417 730 εγω]
1453 687 1495 721 F.
1521 688 1706 736 mes·

999 736 1059 768 Sic
1088 735 1131 768 de
1166 737 1287 769 iisdem
1323 737 1466 779 gemini·
1493 735 1706 779 Ρὸίἱιὶσίδιιε,

999 787 1180 819 victoriam
1193 785 1424 820 Romanorum
1435 787 1572 832 aPem
1585 783 1707 823 nuo—

1001 836 1126 870 donum
1158 838 1254 880 Rege
1280 842 1492 880 reportatam
1518 838 1707 878 nuntianti-

1000 888 1076 929 bus,
1101 898 1178 921 cum
1206 890 1394 932 loquuntur
1412 890 1582 924 historici·
1594 890 1708 924 etalii

1001 943 1174 980 auctores,
1197 939 1355 973 sudorem
1375 944 1412 973 et
1436 940 1628 984 pulverem,
1651 941 1708 975 vel

1000 990 1106 1022 etiam
1141 992 1320 1032 pulverem
1351 990 1708 1036 cruoremqu’05‘1ipsis

1000 1041 1171 1075 tribuunt.
1216 1042 1307 1076 Vide
1321 1043 1361 1076 L.
1374 1042 1513 1084 Annmi,
1524 1040 1707 1077 bivemori

1002 1092 1066 1124 lib.
1088 1102 1137 1125 ιι.
1163 1093 1217 1126 tit.
1257 1094 1314 1126 De
1332 1094 1433 1126 bello
1459 1090 1646 1128 Macedon.
1671 1097 1705 1129 ².

1000 1143 1240 1185 Symmachum
1267 1146 1334 1187 Ep.
1349 1145 1417 1179 Vlib.
1443 1155 1473 1178 ι.
1500 1148 1555 1179 89.
1591 1146 1707 1180 Latin.

999 1195 1121 1227 Pacat.
1159 1196 1316 1238 Drepan.
1346 1196 1554 1239 Panegyric.
1585 1193 1704 1240 Valet.

999 1246 1095 1278 Max
1120 1246 1181 1279 lib.
1202 1257 1227 1280 1.
1253 1257 1284 1280 c.
1307 1247 1373 1280 ult.
1393 1248 1552 1282 nactast.
1575 1247 1635 1282 lib.
1660 1257 1705 1282 11.

997 1307 1029 1330 c.
1045 1301 1078 1330 8.
1101 1299 1188 1330 Rite.

1039 1351 1081 1381 23
1103 1349 1311 1392 Dffmntes]
1336 1349 1467 1383 Plinius
1479 1349 1539 1384 lib.
1554 1359 1634 1384 xxr.
1651 1353 1706 1384 13.

995 1400 1004 1418 ‘
1023 1401 1113 1433 Nam
1129 1405 1165 1432 et
1179 1400 1303 1433 sudore
1313 1399 1499 1434 diffluunt:
1521 1400 1627 1442 Sem.

1042 1454 1197 1495 Corpora]
1236 1454 1329 1487 Quid
1355 1458 1422 1496 est,
1443 1452 1604 1496 col-pm?
1622 1464 1704 1489 num

995 1503 1124 1536 Graeco
1141 1514 1235 1537 more
1251 1505 1402 1547 ponitur,
1417 1514 1493 1547 pro,
1507 1505 1621 1548 quoad
1632 1514 1707 1539 eor-

999 1565 1081 1598 pora
1092 1555 1103 1586 ?
1127 1555 1235 1598 Atqui
1248 1556 1310 1588 sud
1316 1566 1355 1593 or
1361 1565 1429 1589 non
1436 1560 1503 1596 est,
1511 1555 1576 1600 nisi
1587 1552 1620 1589 in
1628 1565 1706 1590 cor-

997 1607 1148 1649 poribus.
1203 1607 1299 1649 Lego
1324 1607 1429 1648 igitur
1449 1604 1585 1649 corpore,
1605 1602 1647 1641 ἑο
1661 1607 1707 1648 nd

998 1656 1144 1700 sequens
1174 1657 1358 1690 Humanam
1381 1657 1640 1699 ’σαρκίον-κιαι,
1654 1668 1706 1690 re-

997 1708 1097 1740 fero:
1137 1708 1324 1748 Habebam·
1350 1706 1491 1750 inquit,
1519 1707 1631 1750 majus
1669 1713 1707 1741 et

996 1759 1185 1801 speciosius
1214 1769 1350 1800 corpus,
1387 1768 1488 1800 quarn
1520 1759 1623 1801 vulgo
1652 1768 1705 1791 so-

994 1810 1071 1843 lent
1085 1810 1249 1842 homines.
1272 1809 1377 1848 Schef.

1040 1865 1081 1894 26
1106 1860 1275 1901 Provocet]
1298 1861 1368 1892 Ms.
1379 1862 1557 1901 provocent.
1578 1858 1670 1893 Gud-

1042 1911 1210 1952 Provocat]
1232 1911 1345 1943 Vocet
1359 1919 1379 1942 e
1394 1910 1563 1943 convivio.
1601 1911 1704 1943 Plau·
1747 1907 1749 1909 ’

998 1965 1054 1995 tus
1083 1962 1118 1994 in
1148 1961 1279 1994 Pseud.
1303 1962 1312 1979 ‘
1330 1960 1446 1993 Herus
1475 1961 1504 1992 si
1528 1960 1620 1993 domi
1649 1965 1705 1994 est

999 2016 1092 2053 tuus,
1121 2013 1204 2055 quin
1233 2011 1424 2054 provocas!
1441 2041 1453 2049 ,
1474 2011 1641 2044 Similiter
1669 2011 1705 2044 in

998 2063 1124 2095 Bacch.
1138 2062 1222 2095 Aet.
1236 2062 1406 2095 111;Se.3.
1429 2061 1535 2102 Schef.
1563 2062 1705 2096 Terent.

998 2114 1149 2146 Eunuch.
1162 2123 1219 2146 111.
1231 2117 1263 2146 1.
1280 2115 1290 2132 ‘
1302 2113 1516 2154 Pamphilam
1526 2117 1704 2146 cantatum

999 2175 1223 2207 provocemus
1237 2164 1260 2197 :¹
1298 2165 1356 2196 ubi
1385 2164 1563 2196 Donatus:
1598 2162 1704 2210 ‘Ele-

998 2220 1130 2258 gauter,
1146 2216 1226 2258 quia
1240 2215 1297 2247 ille
1321 2214 1404 2252 foris
1419 2218 1486 2256 est,
1499 2214 1572 2246 baec
1584 2212 1678 2246 intus
1692 2224 1702 2246 ε

998 2269 1094 2300 illum
1122 2267 1403 2306 intromittamus,
1425 2265 1515 2298 hanc
1537 2263 1709 2307 provocess

998 2329 1093 2352 mus:
1116 2318 1191 2350 haec
1220 2322 1275 2350 est
1303 2317 1338 2350 in
1361 2316 1474 2349 verbis
1489 2315 1611 2349 Poetae
1627 2325 1704 2358 ger-

997 2379 1099 2401 mana
1110 2368 1326 2410 proprietas!
1348 2369 1462 2400 Burm.
1510 2381 1516 2387 ·

994 2442 998 2444 v
1040 2422 1083 2452 27
1106 2419 1331 2461 Perturbatus]
1347 2419 1464 2460 Forte,
1474 2417 1703 2460 perturbatum

997 2470 1065 2503 Sed
1093 2475 1129 2503 et
1153 2470 1307 2502 servulus
1331 2470 1446 2512 potuit
1473 2479 1545 2502 esse
1565 2472 1700 2511 pertur-

997 2521 1098 2553 batus
1127 2525 1394 2563 commotusque,
1419 2524 1608 2562 conspectu
1629 2524 1701 2552 tam

998 2575 1152 2612 augustae
1165 2570 1296 2604 formae.
1322 2571 1428 2611 Schts.

1041 2622 1190 2663 Excitat]
1213 2624 1323 2654 Extra
1339 2625 1451 2653 vocat.
1497 2619 1586 2653 Nam
1601 2621 1701 2653 citare

997 2677 1062 2713 est,
1076 2682 1212 2713 vocare,
1227 2677 1266 2704 ut
1281 2673 1436 2714 superius
1448 2671 1531 2703 dixi.
1576 2671 1701 2704 Fabius

997 2723 1057 2755 lib.
1088 2731 1129 2754 11.
1152 2726 1183 2754 2.
1199 2722 1256 2754 ubi
1273 2721 1379 2754 refert
1397 2723 1481 2754 hanc
1504 2722 1699 2755 historiam:

999 2777 1007 2791 ·
1026 2773 1159 2805 Nuntio
1175 2776 1229 2809 est
1255 2772 1450 2805 excitatus!
1485 2772 1557 2806 Cic.
1575 2773 1619 2805 de
1634 2773 1698 2806 Or.

998 2834 1039 2858 11.
1063 2824 1240 2857 ‘Excitavi
1255 2827 1412 2856 moestum
1434 2828 1470 2857 et
1485 2824 1699 2858 sordidatum
