1806 3236
249 223 338 275 692

250 336 344 369 Hist.
374 344 400 369 1.
437 335 448 355 ‘
466 336 542 370 Nec
574 335 695 369 deerat
733 335 853 377 Otho,’
890 338 956 370 ὅτε.

249 388 355 427 Solios.
410 389 502 431 Lege
525 399 602 421 cum
623 388 772 421 Scriver.
787 388 831 421 ad
846 389 954 422 Mart.

249 440 316 481 Ep.
333 449 359 472 1.
373 442 405 471 3.
419 441 553 471 Jactant
568 439 664 471 basia.
686 439 807 472 Heius.

289 491 399 522 Jactat
423 490 525 532 Igasia]
569 490 612 522 Id
640 494 706 532 est,
736 490 956 523 deosculatur

246 539 417 572 hominum
435 540 598 573 dextras:
633 540 677 573 de
701 550 770 583 quo
791 551 886 573 more
901 551 954 574 su·

246 600 320 632 pra.
364 590 431 622 Vel
448 590 553 623 etiarn
579 590 623 623 de
650 591 776 623 osculis
791 601 953 633 genarum

244 641 414 683 intellige,
430 651 506 684 quae
528 651 597 674 non
620 642 730 674 minus
755 641 955 684 frequentia

245 691 338 732 apud
355 692 523 724 Romanos
539 691 645 724 fuisse
661 701 704 724 ex
719 692 873 725 Martiali
888 692 955 726 dis·

244 742 362 774 cimus.
388 742 473 775 Ritt.

286 794 397 826 Juctat
412 793 513 835 basia]
536 793 578 826 Id
595 797 660 835 est,
673 793 806 826 adorat.
844 794 953 828 Moris

244 848 320 876 erat
341 844 486 876 scenicis
506 853 642 876 scenam
665 844 825 886 ingressis
846 854 952 887 popu·

242 897 314 928 lum
344 895 501 928 adorare.
556 895 676 937 Epigr.
702 888 783 928 Vet.
812 894 871 928 lib.
898 905 950 928 ιν.

241 948 251 964 ‘
271 946 451 988 Ingressus
467 955 606 978 scenam
628 945 791 987 populum
807 946 952 979 saltator

241 997 376 1038 adorat,
391 996 514 1029 Solerti
531 995 660 1038 pendet
682 996 828 1038 prodere
844 997 951 1029 verba

240 1048 367 1081 manu!
403 1047 572 1081 Martialis
587 1047 646 1079 lib.
661 1056 711 1081 ιν.
754 1047 824 1080 Sed
839 1049 949 1090 magis

241 1100 285 1132 ad
301 1109 375 1132 rem
386 1099 494 1132 Tacit.
510 1098 602 1131 Hist.
617 1108 643 1132 1.
656 1101 710 1132 36.
736 1099 779 1132 de
796 1099 948 1133 Othone.

242 1152 328 1184 (ἔνια.

282 1203 394 1235 Jactat
409 1201 513 1244 basia]
532 1202 627 1236 .Juv.
641 1201 715 1235 Sat.
728 1210 778 1234 1v.
795 1204 849 1234 18.
893 1201 948 1234 De

236 1254 412 1287 Scenicis:
437 1254 591 1287 Martial.
603 1256 677 1286 177.
698 1253 708 1271 ‘
723 1253 860 1286 Circum
873 1253 947 1294 pul-

238 1304 313 1345 pita
342 1309 473 1345 nostra,
510 1306 558 1338 Et
592 1303 728 1336 steriles
765 1303 948 1336 cathedras

236 1354 335 1387 basia
347 1355 420 1386 sola
431 1354 599 1397 crepant.'
627 1356 741 1387 Jactat
754 1354 853 1396 basia,
867 1354 946 1388 ado-

237 1410 302 1439 rat.
323 1407 436 1438 Vetus
452 1407 628 1448 Epigram.
657 1408 667 1426 ⁶
679 1407 857 1447 Ingressus
873 1416 948 1439 sce-

235 1466 314 1490 nam
331 1458 495 1500 populum
515 1458 660 1490 saltator
678 1456 823 1489 adorat?
861 1459 946 1488 Ado-

233 1518 308 1541 rare
330 1513 386 1540 est
408 1507 500 1551 quod
526 1507 578 1539 ait
591 1505 769 1541 Juvenalis
796 1505 869 1538 Sat.
885 1515 946 1540 111.

236 1562 310 1592 166.
337 1560 347 1577 ‘
362 1557 395 1590 A
410 1558 501 1591 facie
511 1558 646 1600 jactare
658 1555 805 1588 manus.'
833 1555 943 1588 Tacit.

235 1609 330 1642 Hist.
343 1619 368 1642 1.
391 1610 400 1627 ‘
419 1610 495 1642 Nec
514 1608 635 1641 deerat
652 1606 769 1647 Otho,'
784 1608 849 1639 διο.
863 1606 944 1647 Rig.

277 1664 321 1693 29
346 1660 530 1701 Gratulari]
569 1659 666 1692 Idem
683 1658 790 1700 igitur
805 1657 945 1700 accidit,

235 1712 328 1754 quod
344 1710 454 1743 Asino
469 1711 587 1752 AEsopi
613 1709 699 1742 Fab.
720 1712 774 1742 26.
806 1709 942 1741 Prasch.

234 1762 419 1803 Absolute,
453 1761 626 1802 gratulari,
663 1770 739 1802 pro,
776 1759 944 1801 gratulari

234 1813 313 1846 sibi.
357 1812 414 1845 Ita
439 1813 497 1845 lib.
514 1821 565 1844 tv.
587 1814 641 1843 ll.
665 1812 675 1829 ‘
694 1811 808 1843 Quum
825 1813 942 1852 gratu-

230 1865 344 1896 lantes
368 1864 616 1906 persalutasset
641 1860 762 1894 Deos.'
808 1860 882 1894 Cic.
897 1860 942 1892 de

233 1915 334 1948 Orat.
356 1915 367 1933 ‘
384 1916 471 1947 Cum
485 1924 545 1946 vos
565 1923 633 1946 non
655 1912 758 1945 modo
781 1910 944 1954 frequen-

232 1971 301 2008 tes,
316 1966 376 1999 sed
392 1967 473 1998 laeto
489 1965 585 1998 vultu
600 1964 830 2006 gratulantes,
852 1961 943 1994 vide-

231 2017 300 2049 rit!
352 2016 450 2048 Suet.
476 2025 507 2048 c.
525 2018 578 2047 60.
601 2015 610 2032 ‘
628 2012 830 2047 Gratulanti
851 2011 943 2056 inter

231 2077 363 2110 poenas,
388 2067 478 2110 quod
501 2076 570 2099 non
593 2069 630 2098 et
653 2065 822 2097 locustam
843 2063 943 2096 obtu-

230 2119 353 2153 Iisset?
373 2118 477 2159 Schef.
521 2113 601 2150 vid.
617 2115 661 2148 ad
677 2115 737 2147 lib.
752 2123 803 2147 xv.
820 2116 875 2147 25.

275 2171 446 2212 Fautores]
483 2168 592 2201 Tacit.
604 2176 634 2199 1.
655 2166 667 2184 ⁴
683 2165 861 2198 Adversus
874 2164 941 2197 las-

232 2222 355 2254 civiam
371 2220 544 2253 fautorum
553 2217 668 2250 multa
683 2214 940 2249 decernuntur!

226 2280 322 2312 Gna.

278 2329 443 2370 Fautores]
455 2319 569 2361 'vetus
581 2324 792 2359 Glossarium
806 2335 814 2356 :
830 2323 840 2341 ‘
849 2324 969 2358 ‘Fau-s

231 2386 299 2420 tor,
314 2378 490 2423 ἐρεθιστής.’
513 2378 592 2419 Rig-

274 2434 316 2463 30
340 2432 495 2473 Equester
507 2430 594 2462 ordo.
627 2427 674 2460 Et
687 2432 766 2458 mox
783 2435 792 2457 :
813 2425 938 2466 plaudit

228 2481 372 2514 inludens
386 2480 492 2522 eques]
520 2480 607 2512 Erat
617 2478 654 2509 in
669 2477 805 2508 theatro
821 2479 937 2507 certus

230 2532 394 2575 Equestri
411 2530 537 2563 Ordini
561 2527 750 2561 attributus
773 2526 878 2566 locus,
893 2534 937 2557 ex

228 2591 300 2626 nuo
325 2585 535 2625 spectarent.
587 2578 758 2621 Equestria
781 2576 938 2619 appellat

229 2633 363 2666 Seneca
378 2630 560 2665 de'Benef.
576 2632 598 2663 l.
608 2635 678 2662 vn.
693 2632 748 2661 12.
782 2627 793 2647 ‘
807 2628 937 2669 Eques-

227 2685 318 2726 vtria,'
340 2685 465 2727 iuquit,
492 2684 501 2701 ‘
519 2682 668 2714 omnium
691 2679 846 2722 equitum
872 2678 937 2709 Ro-

227 2746 405 2769 manorum
429 2740 519 2768 sunt.
564 2733 688 2766 Inillis
709 2736 826 2765 tamen
841 2729 935 2762 locus

228 2797 324 2818 meus
350 2786 391 2818 fit
418 2785 593 2828 proprius,
619 2792 719 2827 quem
744 2779 936 2823 occupavi)

227 2837 275 2869 Et
290 2846 369 2869 mox
384 2848 392 2869 ε
429 2837 439 2854 ‘
457 2835 580 2869 Habeo
597 2835 632 2867 in
647 2831 873 2877 Equestribus
888 2830 935 2863 lo-

718 234 862 274 No'rAE
897 224 1165 275 VAmoRUM
1199 235 1252 276 ΙΝ

1008 346 1099 378 cum,
1114 347 1183 371 non
1199 341 1239 371 ut
1253 337 1425 380 vendam„
1434 347 1502 372 nou
1527 341 1567 372 ut
1590 335 1716 382 loem'}

1006 386 1074 422 non
1098 387 1138 422 ut
1161 389 1334 423 habitem:
1367 382 1404 422 iu
1427 389 1490 430 hoc
1509 393 1657 432 tantum,
1671 391 1715 425 ιη’

1005 443 1173 481 spectem.
1217 439 1395 473 Praeterea
1415 449 1484 472 non
1508 439 1668 486 mentiar,
1682 436 1715 478 af

1006 490 1131 533 dicam,
1145 501 1200 523 me
1225 489 1356 523 habere
1371 490 1406 523 iu
1422 483 1648 534 Equestribus
1663 487 1716 525 1οὲ

1005 551 1105 575 cum:
1140 539 1200 574 sed
1225 551 1301 574 cum
1321 541 1356 573 in
1382 541 1556 575 theatrum
1570 539 1715 583 venunt

1004 594 1108 635 plena
1123 598 1203 626 sunt
1216 592 1413 635 Equestria,
1434 595 1472 626 et
1493 592 1576 635 jure
1587 631 1590 633 ,
1601 592 1712 627 habeo

1004 644 1115 676 locum
1138 643 1222 684 illic,
1237 643 1317 685 quia
1330 642 1452 675 sedere
1467 646 1521 675 est
1532 640 1614 676 milii
1627 642 1712 677 libe-

1005 703 1100 734 rum;
1124 697 1162 726 et
1175 703 1240 726 non
1256 693 1381 732 habeo,
1395 692 1476 736 quia
1488 690 1534 727 ab
1544 692 1616 735 his,
1631 690 1724 734 cuns

1004 744 1127 787 quibus
1149 744 1208 786 jus
1233 743 1315 776 mihi
1341 743 1409 777 loci
1435 740 1614 777 commune
1641 743 1711 788 est,

1003 799 1193 838 occupatus
1208 794 1286 833 est‚'
1309 796 1374 827 ὅτε.
1419 794 1603 836 Equestria,
1617 794 1720 836 §dli-f

1003 850 1061 879 cet
1077 846 1209 879 sedilia.
1252 844 1396 878 Solebat
1410 849 1527 878 autem
1551 845 1650 879 loeus
1673 837 1712 880 in

1003 896 1140 929 theatro
1177 895 1283 929 tribui
1316 894 1505 928 secundum
1544 894 1712 939 cujusque

1002 956 1153 980 censum.
1199 947 1279 981 Qua
1300 946 1343 978 de
1369 955 1407 978 re
1430 944 1524 978 alibi.
1567 944 1659 987 Vide
1669 949 1712 987 et

1002 999 1154 1041 Lipsium
1179 998 1221 1031 ad
1237 996 1329 1030 Anu.
1344 1005 1407 1029 xv.
1422 995 1551 1037 Taciti,
1577 996 1627 1041 de„
1641 995 1728 1029 dis..

1001 1050 1118 1083 tinctis
1143 1050 1179 1082 in
1202 1049 1339 1082 theatro
1364 1049 1598 1091 spectatorum
1623 1046 1710 1094 locis

1001 1112 1041 1135 ac
1071 1100 1211 1134 sedibus
1244 1110 1307 1142 pro
1334 1098 1499 1141 cujusque
1526 1097 1708 1142 dignitate.

1001 1154 1088 1186 Rite.
1704 1149 1708 1153 ’

1042 1204 1197 1245 Equester
1211 1200 1300 1243 ordo]
1342 1201 1401 1234 sic
1414 1199 1526 1235 Tacit.
1539 1198 1630 1234 Anu.
1645 1197 1709 1234 lib.

999 1262 1065 1286 ΧΠ.
1081 1263 1160 1296 pag.
1174 1256 1250 1287 201.
1265 1252 1319 1285 ed.
1335 1262 1432 1294 parv.
1450 1252 1536 1286 Gaui.
1701 1243 1708 1255 ⁴

1041 1304 1180 1336 Stultum
1199 1301 1351 1344 errorem]
1372 1303 1533 1335 Errorem
1557 1311 1601 1335 ex
1623 1300 1709 1334 stul}

997 1355 1074 1388 titia
1111 1358 1148 1387 et
1178 1354 1306 1396 judicii
1339 1352 1542 1397 infirmitate
1573 1354 1707 1395 natum.

997 1407 1084 1439 Sunt
1097 1409 1212 1438 autem
1228 1414 1362 1438 errores
1377 1409 1415 1437 et
1429 1413 1475 1437 ex
1489 1403 1601 1436 causis
1616 1398 1706 1436 aliis.

998 1457 1099 1490 Quod
1125 1456 1206 1487 ideo
1221 1455 1325 1496 addo,
1339 1464 1382 1487 ne
1397 1455 1472 1497 quis
1487 1454 1637 1487 otiosum
1652 1448 1706 1486 ar-

996 1507 1155 1539 bitretur.
1179 1505 1287 1545 Schef.

1040 1559 1080 1589 31
1122 1557 1290 1588 Canticum
1317 1556 1417 1597 repeti
1440 1553 1549 1597 jubet]
1586 1553 1706 1588 Valer.

996 1609 1092 1640 Max.
1108 1616 1134 1640 1.
1151 1609 1183 1639 2.
1200 1609 1233 1639 4.
1256 1605 1267 1624 ‘
1283 1606 1412 1647 Livius,
1437 1605 1487 1638 sui
1509 1605 1624 1648 operis
1650 1614 1706 1638 ac-

997 1662 1063 1701 tor,
1079 1668 1155 1691 cum
1172 1657 1298 1700 saepius
1324 1667 1343 1690 a
1370 1656 1499 1699 populo
1523 1659 1705 1691 revocatus

995 1719 1115 1742 vocem
1131 1707 1348 1742 obtudisset.'
1371 1707 1457 1753 (ἕνα.

1039 1764 1081 1793 32
1097 1761 1200 1792 Homo
1215 1759 1315 1800 meus]
1337 1757 1486 1792 Quando
1500 1757 1544 1791 de
1560 1760 1703 1804 stupore

995 1811 1136 1843 alterius
1166 1819 1276 1841 sermo
1303 1812 1371 1849 est,
1399 1808 1579 1849 eleganter
1606 1807 1703 1841 illum

997 1865 1006 1880 ‘
1022 1862 1207 1894 Nostrum’
1223 1859 1377 1891 dicimus.
1410 1857 1582 1890 Catullus:
1606 1857 1617 1876 ‘
1633 1856 1702 1890 Ta-

995 1912 1035 1944 lis
1060 1913 1127 1945 iste
1156 1919 1252 1943 meus
1278 1913 1400 1951 stupor
1423 1907 1473 1940 nil
1487 1902 1597 1948 videt,
1618 1906 1702 1939 nihil

995 1963 1104 1996 audit.
1147 1963 1230 2005 Ipse
1255 1961 1331 2004 quis
1357 1959 1414 2000 sit,
1437 1962 1552 2004 utrum
1578 1956 1636 2000 sit,
1657 1966 1700 1990 au

994 2025 1063 2048 non
1090 2015 1148 2055 sit,
1172 2013 1206 2046 id
1232 2020 1370 2056 quoque
1394 2007 1528 2042 nescit.’
1572 2007 1614 2041 In
1631 2017 1700 2051 quo

993 2066 1070 2099 loco
1094 2064 1327 2098 doctissimum
1352 2060 1516 2103 Dipsium,
1530 2067 1701 2102 quemque

994 2121 1175 2159 tantopere
1200 2111 1441 2147 adolescentiae
1470 2119 1558 2143 mete
1580 2103 1700 2158 fa'vere

992 2167 1138 2209 gaudeo,
1149 2165 1280 2198 frustra
1294 2162 1400 2195 fuisse
1425 2161 1563 2194 nollem.
1608 2160 1699 2192 Nam

992 2222 1032 2250 ut
1045 2217 1092 2249 ibi
1110 2219 1255 2258 recepta
1267 2213 1415 2246 lectione
1427 2212 1569 2252 insuper
1578 2206 1700 2242 habita

992 2269 1217 2311 corrigamus,
1243 2274 1346 2311 merus
1373 2266 1492 2305 stupor,
1516 2270 1582 2303 ego
1606 2269 1700 2302 sane,

991 2320 1049 2362 qui
1075 2328 1170 2351 meus
1195 2322 1316 2358 stupor
1328 2318 1395 2355 est,
1408 2321 1561 2346 caussam
1587 2310 1698 2343 adhuc

991 2369 1118 2403 nullam
1133 2367 1332 2410 excogitare
1349 2363 1461 2407 potui.
1501 2361 1563 2394 Sic
1578 2365 1697 2394 autem

989 2422 1163 2464 loquimur
1189 2417 1290 2462 *quasi
1318 2425 1382 2458 per
1417 2413 1561 2447 ironiam
1599 2411 1695 2444 illum

989 2470 1281 2506 commendantes.
1328 2467 1417 2499 N-'am
1431 2464 1537 2497 etiam
1556 2469 1651 2503 vere,
1666 2460 1696 2506 si

990 2531 1090 2567 q‘uem
1116 2520 1305 2559 laudamus,
1333 2519 1343 2536 ‘
1362 2516 1493 2549 Noster
1518 2511 1616 2553 esto,’
1643 2507 1695 2543 di-

989 2584 1067 2607 cere
1093 2570 1345 2606 consuevimus.
1379 2565 1504 2613 Sckiop.
1547 2562 1694 2603 Elegan-

989 2623 1118 2655 tissime
1133 2620 1319 2653 illud-meus
1342 2618 1499 2657 usurpat,
1518 2612 1614 2645 velut
1629 2619 1694 2653 per

988 2670 1318 2706 commiserationem
1363 2670 1469 2698 tantae
1518 2661 1690 2695 stultitiae.

988 2722 1095 2762 Sches.
1140 2721 1282 2752 Petron.
1318 2726 1395 2758 cap.
1431 2717 1486 2747 41.
1521 2713 1531 2731 ‘
1557 2711 1692 2746 Duravi

987 2782 1109 2815 rogare
1145 2771 1370 2812 interpretem
1397 2773 1509 2800 meum
1521 2762 1542 2796 :'
1574 2766 1610 2795 et
1635 2763 1690 2794 62.

985 2825 996 2844 ‘
1009 2825 1122 2857 Homo
1137 2830 1231 2854 meus
1243 2818 1350 2861 coepit
1365 2815 1408 2849 ad
1422 2814 1538 2848 stellas
1549 2809 1692 2846 facem?
