1806 3236
157 2256 161 2259 ”
230 2259 404 2288 mercatus
425 2255 551 2297 fuerat,
573 2256 584 2274 ‘
600 2256 709 2299 Quae,'

243 214 331 260 588

285 321 435 354 Alienum
443 321 524 364 suis]
545 321 636 355 Vide
659 323 702 355 ad
725 322 864 357 Quinct.
886 323 944 356 Ιιι-

245 374 317 406 stit.
341 374 400 407 lib.
415 383 466 406 vs.
483 377 515 406 3.

251 438 254 441 ·
284 427 327 458 41
354 425 400 457 Ut
411 425 516 457 uinum
527 423 635 465 paret]
647 425 752 458 Forte
760 426 943 469 legendum

240 476 397 519 impetret.
423 476 515 508 Gud-

289 527 404 560 Vinum
415 527 522 569 paret]
548 527 606 560 De
620 526 684 561 hoc
699 528 776 561 loco
790 529 840 562 sic
855 529 943 563 Gro-

241 578 364 610 novius
391 577 434 609 ad
458 587 536 610 me:
570 579 580 596 ⁴
594 579 700 620 Lego,
720 582 755 611 ut
769 580 875 612 vinum
887 590 942 622 pe-

241 631 300 660 tat.
344 628 439 660 Suet.
469 628 591 661 Claud.
619 631 673 662 40.
706 630 716 648 ‘
733 630 942 673 Descripsit·

239 677 308 720 que
337 678 579 711 abundantiam
605 684 762 713 veterum
784 682 942 714 taberna-

240 738 330 770 rum,
345 729 434 761 unde
448 730 568 762 solitus
583 735 676 763 esset
687 731 800 764 vinum
813 732 893 764 olim
903 736 941 765 et

237 779 314 821 ipse
330 779 494 821 petere.”
539 781 758 826 Rectissime,
783 793 862 816 nam
888 794 940 817 se-

239 831 356 873 quitur
384 841 464 864 mox
495 835 640 865 ornatum
670 837 773 875 paret,
802 834 940 877 ingrata

237 881 457 923 repetitione.
480 882 589 923 Sches.
633 884 756 917 Parare
777 889 814 917 et
832 888 941 928 petere

238 941 333 974 saepe
358 932 522 965 confundi
551 933 696 967 vidimus
723 935 767 967 ad
797 935 938 979 Calpur.

236 984 290 1016 Fl.
303 984 403 1016 Decl.
421 991 512 1016 xxv.

245 1050 249 1055 »
279 1037 323 1068 42
343 1035 453 1076 Agros
464 1035 606 1078 abjiciet]
626 1037 697 1070 vili
722 1038 834 1080 pretio
859 1048 939 1072 ven-

236 1086 316 1127 det3
331 1085 454 1119 itidem
469 1086 578 1120 ferme
592 1089 773 1123 Terentius
788 1090 834 1123 de
848 1092 940 1134 psal-

234 1137 315 1179 tria,
329 1147 429 1180 quam
456 1138 670 1181 adolescens,
691 1145 732 1173 ut
747 1141 939 1176 'oblectaret

237 1189 413 1221 aetatulam
449 1199 555 1232 suam,
593 1196 766 1224 mercatus
809 1192 937 1236 fuerat,

236 1239 246 1258 ‘
258 1239 358 1280 Quae,
373 1244 535 1283 quantum
552 1246 681 1284 potest,
708 1243 834 1287 Aliquo
854 1245 938 1287 abji-

235 1290 361 1324 cienda
384 1296 451 1332 est,
480 1292 510 1324 si
537 1302 605 1325 non
634 1294 759 1335 pretio,
791 1295 937 1337 gratiis.'

234 1341 347 1375 Faber.
390 1343 447 1375 Sic
474 1343 523 1376 M.
546 1343 675 1376 Tullius
703 1345 714 1363 ‘
730 1345 939 1379 AEdificatio-

233 1392 322 1425 nem’
336 1393 426 1427 dixit
439 1394 450 1412 ‘
461 1394 637 1436 abjicere!
681 1395 791 1428 Dares
807 1396 936 1439 Phryg.

234 1443 280 1477 de
311 1445 397 1477 Exc.
434 1444 533 1486 Troj.
564 1446 575 1464 ‘
592 1445 726 1479 Hector
758 1448 936 1481 muliebria

234 1495 339 1528 verba
365 1490 523 1537 Abjicit'.’
573 1496 660 1530 Quae
690 1498 719 1529 si
748 1499 936 1541 cogitasset

232 1547 486 1590 Mynsingerus,
514 1548 606 1582 forte
642 1560 709 1583 nou
737 1551 935 1594 scrupulum

232 1598 299 1640 ipsi
324 1599 526 1641 injecissent
552 1601 660 1634 verba
686 1603 717 1644 ξ.
746 1605 802 1635 47.
846 1602 933 1635 Inst.

233 1649 277 1681 de
292 1650 334 1682 R.
351 1651 397 1683 D.
418 1651 429 1668 ‘
443 1651 546 1684 Quod
572 1651 728 1685 dominus
753 1662 796 1685 ea
819 1656 935 1686 mente

233 1699 427 1741 abjecerit!
471 1699 527 1734 Ad
550 1712 627 1744 quae
653 1703 705 1735 ita
727 1708 936 1736 commenta-

232 1754 289 1782 tur
303 1761 312 1783 :
337 1753 347 1770 ⁶
363 1750 579 1792 Argumento
599 1753 697 1795 huJus
713 1754 809 1786 verbi
824 1754 934 1796 (abje-

231 1799 334 1843 cerit)
360 1801 498 1834 videtur
524 1802 589 1835 hoc
615 1803 658 1835 de
683 1803 782 1836 rebus
799 1808 934 1837 tantum

230 1851 424 1893 mobilibus,
453 1862 530 1895 quae
550 1852 653 1894 abjici
667 1858 823 1895 possunt,
834 1854 933 1887 intel-

230 1901 404 1944 ligendum
419 1912 513 1935 esse:
536 1903 648 1935 verius
663 1907 778 1937 tamen
789 1909 858 1946 est,
878 1914 934 1937 res

231 1952 303 1984 solo
318 1962 453 1995 quoque
468 1953 653 1995 haerentes,
674 1958 711 1986 et
726 1964 801 1996 quoe
817 1953 935 1987 immo-

230 2002 318 2035 biles
347 2003 530 2044 habentur,
553 2013 615 2045 pro
639 2003 808 2036 derelicto
835 2003 935 2036 fieri.'

230 2055 364 2087 Prosch.
390 2055 502 2087 Faber
514 2055 645 2097 optime
655 2055 823 2088 hocloco:
846 2056 856 2074 ‘
868 2055 934 2088 Ab·

223 2104 330 2144 jiciet,
351 2105 412 2137 vili
437 2105 550 2147 pretio
564 2105 712 2146 vendet;
732 2106 852 2138 itidem
867 2105 934 2138 fer-

230 2164 286 2187 me
300 2155 481 2188 Terentius
504 2156 547 2188 de
561 2156 715 2197 psaltria,
741 2167 840 2199 quam
854 2157 934 2190 ado-

230 2206 376 2247 lescens,
387 2209 426 2237 ut
436 2205 627 2238 oblectaret
636 2207 813 2239 aetatulam
825 2217 934 2249 suam,

717 2257 727 2272 '
745 2260 810 2291 &c.
846 2259 934 2292 Haec

230 2305 341 2338 Faber
367 2306 511 2348 optime,
541 2310 581 2339 ut
607 2306 689 2339 dixi.
734 2308 806 2340 Alii
820 2309 935 2349 aliter,

229 2355 291 2388 sed
320 2355 461 2389 frustra.
505 2357 595 2389 Nam
619 2361 656 2389 et
672 2358 817 2392 Plautus
833 2359 883 2391 ita
898 2359 934 2391 in

220 2407 445 2439 *Mostellaria
460 2411 529 2440 act.
543 2417 600 2440 111.
615 2418 664 2441 sc.
676 2410 709 2440 8.
725 2409 734 2425 ‘
749 2409 934 2451 Nunquam

229 2457 354 2499 edepol
368 2467 423 2490 me
436 2458 507 2490 scio
522 2458 648 2491 vidisse
666 2468 805 2501 usquam
821 2460 934 2502 abjec-

229 2512 284 2540 tas
306 2508 419 2549 'aedes,
456 2508 523 2541 nisi
561 2509 662 2541 modo
699 2509 821 2542 hasce?
867 2510 933 2543 Ubi

230 2559 330 2591 simul
363 2560 502 2591 consule
539 2559 676 2599 clariss.
711 2559 932 2593 Gronovium.

229 2609 334 2649 Schefi
383 2609 462 2642 vid.
492 2610 647 2642 Gronov.
684 2609 771 2643 Obs.
796 2619 852 2643 111.
879 2614 933 2644 21.

230 2661 361 2693 Seneca
376 2660 419 2692 de
434 2659 558 2693 Benef.
573 2670 599 2693 1.
617 2664 669 2693 11.
685 2662 695 2680 ‘
709 2662 852 2703 Recipe,
863 2671 932 2693 non

229 2711 398 2753 desidero,
416 2721 494 2743 meo
509 2715 692 2744 contentus
708 2722 792 2745 sum.
837 2712 933 2745 Inte-

228 2763 292 2794 rim
318 2772 388 2794 uon
417 2762 564 2795 reddere
587 2766 720 2796 tantum
744 2762 830 2796 libet
841 2762 932 2806 quod

231 2813 419 2857 acceperis,
432 2813 492 2847 sed
509 2813 682 2856 abjicere?

706 227 850 260 NO'FAE
880 227 1149 263 vAluoRUM
1182 230 1235 262 IN

1035 325 1143 366 Agros
1167 326 1308 368 abjiciet]
1339 327 1541 361 Lactantius
1556 327 1694 376 proefst.

993 374 1196 418 ‘Abjecisse
1226 377 1388 420 quosdam
1424 388 1480 411 res
1510 370 1694 414 familiares

993 426 1094 459 suas!
1127 427 1182 460 Sic
1195 428 1307 461 Latin.
1317 429 1486 462 Pacatus.
1509 431 1520 448 ‘
1534 431 1694 474 Rejicere

993 478 1174 510 sumtum·'
1152 501 1162 518 ,
1189 478 1279 520 quod
1290 489 1470 522 perperam
1482 485 1593 514 mutat
1604 481 1693 516 Gro-

992 537 1069 561 ιιον.
1080 527 1164 562 Obs.
1178 538 1219 562 ιι.
1233 532 1288 561 22.
1313 530 1399 564 Gud.

1034 578 1177 621 Abiciet]
1201 579 1256 612 Sic
1270 578 1543 623 frequentissime
1557 587 1693 618 veteres

993 630 1166 662 alterumn·
1194 630 1230 662 in
1253 631 1319 663 hoc
1343 635 1380 664 et
1393 631 1560 667 similibus
1575 633 1692 667 verbis

991 681 1190 722 compositis
1204 691 1224 713 a
1236 681 1323 722 jacio
1347 689 1596 718 consueverunt
1609 685 1693 728 abji-

992 741 1084 764 cere.
1129 731 1219 764 Vide
1234 732 1382 765 indicem
1399 732 1586 776 Giphanii
1575 744 1611 768 ιιι
1627 736 1692 769 Lu-

991 781 1146 814 cretium.
1173 782 1257 815 Ritt.

1035 832 1191 865 ornatum
1212 832 1321 875 paret]
1365 833 1514 876 Indigna
1543 799 1694 879 Phaedro

990 883 1155 924 repetitio
1180 883 1330 925 eJusdem
1359 883 1469 925 verbi,
1492 884 1583 927 quod
1609 876 1693 919 duos

990 934 1146 975 proxime
1172 936 1368 976 sequentes
1393 943 1514 967 versus
1539 935 1692 969 claudat.⁴

989 985 1095 1018 Forte
1124 984 1180 1018 hic
1208 984 1390 1027 legendum
1415 994 1536 1027 parem,
1558 983 1694 1028 idest,

989 1039 1149 1068 ornatum
1165 1045 1284 1078 parem
1308 1036 1450 1068 moechae
1463 1046 1475 1076 ;
1489 1035 1694 1070 subaudiens

984 1090 1089 1129 paret,
1122 1087 1215 1129 qnod
1255 1087 1292 1119 in
1322 1087 1544 1120 antecedenti
1581 1097 1692 1122 versu.

988 1138 1056 1170 Vel
1070 1147 1112 1169 an
1126 1137 1312 1179 legendum
1327 1133 1389 1180 par
1402 1141 1445 1180 et,
1468 1138 1503 1170 id
1520 1142 1588 1181 est,
1602 1139 1693 1182 pari-

988 1191 1054 1230 ter,
1068 1188 1188 1221 eodem
1204 1188 1318 1228 modo,
1341 1198 1407 1231 qno
1428 1189 1487 1221 illa
1503 1189 1615 1222 vinum
1631 1199 1692 1232 pa-

987 1243 1056 1279 ret,
1082 1239 1155 1271 haec
1179 1238 1242 1271 sibi
1267 1239 1400 1281 pariter
1421 1243 1590 1274 ornatum.
1631 1240 1691 1274 Sic

986 1290 1078 1332 apud
1094 1290 1276 1323 Plautum:
1313 1291 1324 1309 ‘
1337 1291 1429 1325 Quid
1446 1291 1510 1324 tibi
1535 1292 1612 1335 est?
1641 1292 1690 1326 N.

987 1341 1051 1373 Pol
1079 1340 1162 1373 mihi
1193 1351 1256 1383 par
1282 1340 1386 1383 idem,
1409 1341 1500 1384 quod
1524 1346 1580 1375 est
1601 1342 1691 1376 tibi!

985 1391 1212 1424 Scribendum
1227 1398 1312 1433 puto
1323 1401 1386 1433 par
1396 1395 1440 1434 et,
1461 1392 1496 1426 id
1511 1397 1579 1436 est,
1601 1393 1691 1436 pari-

985 1446 1053 1475 ter.
1094 1442 1163 1475 Sed
1197 1447 1235 1475 et
1271 1443 1491 1476 scribendum
1521 1444 1691 1486 superiori

985 1501 1085 1524 versu
1096 1495 1133 1524 ut
1145 1492 1251 1525 einum
1264 1496 1430 1534 amparet.
1483 1493 1542 1527 Sic
1560 1496 1692 1528 vendere

985 1547 1022 1576 et
1036 1553 1226 1585 comparare,
1257 1544 1330 1577 sive
1359 1541 1491 1584 emere,
1514 1543 1692 1588 eleganter

985 1595 1050 1627 sibi
1064 1600 1298 1637 opponuntur.
1340 1596 1479 1637 Syllaba
1492 1596 1606 1629 autem
1623 1606 1690 1630 eom

985 1644 1090 1677 facile
1102 1645 1146 1678 ob
1161 1646 1402 1687 compendium
1424 1647 1612 1687 scribendi,
1634 1648 1690 1681 vel

983 1697 1156 1739 sequentis
1171 1706 1290 1729 versus
1305 1706 1421 1729 vocem
1431 1698 1588 1740 similem,
1597 1698 1690 1732 exci-

984 1747 1070 1779 dere
1096 1747 1220 1788 potuit.
1268 1748 1461 1789 Comparare
1486 1758 1562 1791 pro,
1577 1751 1691 1782 emere

984 1799 1173 1839 vulgatum.
1226 1798 1432 1831 Suetonius:
1472 1801 1482 1818 ‘
1502 1799 1689 1833 Animosn-

984 1850 1069 1882 sime
1083 1850 1310 1892 comparare!
1358 1852 1543 1884 Terentius
1560 1852 1689 1886 Heauta

985 1905 1052 1934 act.
1067 1910 1119 1933 nr.
1149 1911 1197 1934 sc.
1212 1904 1244 1933 6.
1281 1903 1291 1920 ‘
1306 1903 1382 1934 Des
1411 1901 1469 1945 qui
1492 1912 1624 1943 aurum,
1647 1912 1689 1936 ac

985 1957 1130 1993 vestem,
1151 1957 1254 1994 atque
1281 1952 1359 1995 alia,
1385 1962 1460 1994 qnae
1486 1962 1572 1995 opus
1597 1956 1689 1994 sunt,

985 2002 1186 2045 comparet!
1221 2003 1367 2035 Plautus
1397 2003 1492 2036 Poen.
1517 2004 1528 2021 ‘
1544 2003 1689 2046 Negotii

985 2053 1049 2085 sibi
1063 2053 1122 2095 qui
1147 2054 1240 2086 volet
1252 2053 1322 2085 vim
1337 2063 1474 2096 parare,
1497 2054 1630 2086 Navem
1653 2058 1691 2086 et

984 2103 1175 2145 mulierem,
1186 2104 1260 2136 haec
1275 2104 1357 2145 duo,
1373 2104 1576 2147 comparet!
1592 2105 1687 2138 Gud-

1027 2153 1142 2195 Paret]
1187 2154 1372 2195 Comparet
1416 2155 1495 2187 sibi·
1527 2155 1689 2197 pecunia,

983 2209 1085 2237 emat.
1130 2204 1187 2236 Ita
1204 2205 1276 2237 Cic.
1290 2205 1325 2236 in
1343 2205 1409 2247 Ep.
1426 2206 1468 2237 ad
1492 2204 1571 2238 Att.
1598 2206 1609 2224 ‘
1623 2205 1689 2238 Co-

983 2255 1052 2296 gito
1066 2259 1161 2287 trans
1175 2255 1326 2287 Tiberim
1351 2257 1469 2289 hortos
1483 2257 1613 2299 aliquos
1627 2266 1688 2298 pa-

983 2315 1060 2338 rare
1071 2305 1094 2346 ;'
1109 2310 1146 2338 et
1160 2306 1195 2338 in
1212 2306 1275 2339 Or.
1291 2316 1353 2348 pro
1369 2307 1512 2339 Flacco:
1535 2307 1545 2325 ‘
1560 2306 1597 2339 si
1614 2310 1685 2338 tam

983 2360 1020 2388 te
1035 2357 1151 2389 Crassi
1165 2356 1237 2398 agri
1254 2356 1488 2398 delectabant,
1511 2357 1568 2389 hic
1583 2357 1689 2390 alicu-

983 2407 1020 2439 bi
1042 2407 1078 2439 in
1105 2407 1335 2447 Crustumino,
1358 2410 1417 2439 aut
1445 2407 1480 2438 in
1508 2405 1687 2448 Capenati,

982 2457 1202 2499 paravisses.’
1246 2458 1391 2490 Plautus
1413 2457 1522 2498 addit,
1541 2459 1551 2476 ‘
1564 2457 1685 2490 Pretio

983 2507 1133 2549 parare.’
1158 2507 1265 2547 Schef.

1024 2562 1066 2591 44
1089 2557 1255 2598 Luxuriae]
1293 2559 1362 2590 Ms.
1390 2557 1531 2589 luxon'oe.
1575 2557 1684 2590 Luxu-

981 2608 1041 2640 rioe
1055 2618 1137 2640 vero
1153 2607 1392 2649 explicandum
1408 2611 1474 2647 est,
1488 2607 1684 2649 luxuriosis,

980 2661 1075 2692 luxui
1091 2659 1231 2699 deditis,
1255 2659 1376 2701 quibus
1392 2658 1512 2695 domus
1527 2658 1585 2690 illa
1600 2660 1687 2700 poli·

981 2715 1019 2743 ta
1046 2720 1124 2742 cum
1148 2709 1358 2741 ornamentis
1384 2708 1451 2740 suis
1476 2711 1683 2742 conveniens

981 2762 1060 2794 erit.
1104 2760 1161 2792 Sic
1175 2760 1186 2778 ‘
1198 2759 1342 2792 Invidia’
1355 2768 1417 2801 pro
1433 2759 1610 2792 invidiosis
1622 2761 1683 2792 ho*

979 2810 1126 2844 minibus
1149 2806 1203 2844 est
1225 2808 1445 2852 metonymia,
1471 2809 1683 2843 abstractum
