1806 3236
448 702 1277 792 PRAEFATIO.

113 1147 251 1211 Cmr
279 1169 390 1210 mo
420 1166 503 1211 nos
528 1166 695 1223 *viginti
721 1172 769 1212 et
792 1173 992 1225 quatuor
1020 1160 1167 1212 annos
1188 1166 1448 1211 Editionem
1469 1166 1601 1210 Phae·

111 1235 196 1288 uri,
213 1236 332 1280 omn
350 1235 538 1280 selectis
558 1237 803 1280 Variorum
825 1237 982 1289 Notis,
1003 1236 1175 1293 quibus
1196 1249 1322 1280 meas
1342 1236 1602 1293 adjeceram

113 1302 538 1358 &servationem-in
555 1306 704 1349 lucem
725 1306 998 1360 emisissem
1015 1319 1099 1361 ego
1112 1305 1295 1362 quidem
1310 1305 1604 1349 vehementer

110 1373 384 1436 gaudebam,
414 1376 791 1429 animadvertenS,
824 1376 1025 1433 opellam
1045 1389 1191 1419 meam
1220 1376 1600 1432 qualemcumque

38 1441 44 1446 ⁴
109 1441 238 1486 Viris
257 1444 410 1487 doctis
426 1453 518 1488 non
535 1444 846 1501 displicuisse,
882 1446 1023 1488 immo
1043 1458 1149 1488 vero
1184 1458 1214 1487 a
1245 1445 1454 1500 plurimis
1475 1458 1599 1500 mag·

109 1511 584 1569 nochuicimpertieos
599 1527 703 1556 esse
725 1514 931 1569 plausus.
964 1514 1127 1569 Neque
1142 1513 1281 1556 etiam
1299 1513 1599 1569 subsequenti

110 1583 315 1637 tempore
334 1582 576 1626 desumunt
595 1583 840 1637 elegantiae
878 1587 925 1625 et
957 1582 1173 1625 doctrinae
1203 1582 1340 1625 laude
1363 1582 1600 1637 conspicui

109 1648 208 1701 viri,
239 1651 319 1706 qui
338 1663 485 1694 meam
516 1650 703 1693 Phaedri
734 1651 992 1694 Editionem
1021 1652 1222 1708 reliquas
1242 1651 1440 1694 utilitate
1463 1664 1598 1706 supe-

96 1729 209 1767 ,τετε
229 1723 502 1763 censerent·
551 1719 648 1774 Ego
669 1732 793 1771 vero,
815 1725 868 1762 ut
889 1721 1085 1775 ingenue
1104 1721 1266 1773 fatear,
1289 1724 1336 1763 et
1354 1734 1442 1763 usu
1463 1720 1599 1763 edoc—

108 1789 199 1839 ωε.
208 1791 259 1830 et
269 1787 484 1832 Virorum
503 1789 738 1832 doctorum
759 1789 982 1845 suffragiis
1001 1791 1213 1843 monitus,
1232 1803 1342 1833 mox
1358 1790 1600 1845 intelligere

110 1857 249 1913 caepi,
274 1869 371 1900 non
402 1871 554 1914 pauca
584 1859 631 1901 in
661 1859 800 1902 hocce
833 1861 1057 1915 opusculo
1085 1873 1191 1903 esse
1221 1860 1296 1903 vel
1316 1872 1493 1910 manca,
1524 1857 1599 1901 vel

107 1925 200 1968 nen
218 1927 333 1969 satis
354 1932 569 1971 accurate
588 1929 822 1984 exposita,
853 1942 944 1984 quo
976 1929 1173 1971 maxime
1207 1927 1427 1970 referendi
1461 1926 1599 1970 Codi-

109 2005 213 2040 cum
255 1995 368 2040 Mss.
415 2010 498 2039 nec
538 2010 631 2040 non
671 1997 934 2040 Editionum
984 2003 1030 2041 et
1067 1998 1345 2040 Versionum
1387 1995 1599 2048 Indices;

108 2056 319 2120 «pisanam
355 2079 474 2122 quae,
516 2068 604 2110 etsi
640 2067 790 2118 utilia,
833 2066 1168 2122 interpretando
1210 2069 1359 2108 tamen
1402 2063 1597 2107 Phaedro

110 2146 272 2190 parum
303 2135 519 2178 inservire
554 2135 843 2188 viderentur3
874 2136 1091 2178 nonnulla
1127 2136 1280 2186 etiam,
1312 2147 1414 2189 quae
1443 2135 1600 2175 essent

109 2206 190 2245 ut
206 2203 326 2246 male
349 2205 542 2259 digesta,
574 2209 762 2247 autnon
784 2206 897 2248 satis
919 2205 1071 2247 lucide
1091 2204 1345 2260 explicata3
1376 2201 1597 2245 nonnulla

108 2270 307 2328 denique
340 2278 498 2316 textus
533 2274 654 2325 loca,
693 2288 853 2329 parum
895 2274 1131 2317 emendate
1171 2274 1309 2316 edita.
1388 2271 1595 2315 Maxime

108 2344 206 2387 emt
225 2343 492 2397 optandum,
524 2348 574 2386 ut
602 2344 736 2387 Notae
757 2344 931 2387 criticae
965 2356 992 2386 a
1013 2343 1199 2400 reliquis
1220 2348 1445 2398 separatae
1466 2354 1592 2383 com-

96 2410 387 2467 paruissent.
449 2413 588 2456 Nunc
611 2413 786 2456 demum
816 2415 932 2455 enim
967 2414 1289 2469 intelligebam,
1328 2412 1409 2454 tali
1447 2411 1598 2455 Nota·

107 2476 203 2522 mn
223 2481 522 2535 permixtione
553 2495 689 2524 usum
722 2483 822 2524 libri
859 2482 1083 2525 redditum
1105 2495 1205 2524 esse
1226 2481 1526 2523 difficiliorem
1547 2483 1597 2522 et

110 2547 436 2592 molestiorem.
497 2550 604 2593 Hoc
625 2551 758 2606 igitur
778 2557 875 2594 erat
895 2552 940 2594 in
962 2552 1097 2603 votiS,
1119 2556 1185 2601 ut,
1208 2551 1246 2593 si
1267 2548 1449 2605 quando
1472 2561 1596 2592 nova

774 2686 922 2719 NOTAE

147 2758 168 2778 ⁸
186 2756 269 2790 vid.
283 2757 396 2790 Esche
398 2758 533 2802 nburgii
558 2760 602 2793 V.
627 2760 680 2794 cl.
704 2761 824 2794 Hand·
880 2762 972 2795 Zeit.
997 2771 1076 2794 ann.
1093 2763 1189 2793 1⁷85.
1208 2764 1235 2792 t.
1251 2769 1294 2793 ιι.
1313 2769 1348 2802 p.
1367 2761 1442 2793 196.
1474 2758 1595 2802 Lange

106 2805 199 2842 buch
210 2808 386 2842 den-mass·
361 2820 406 2842 εει
391 2811 470 2844 sech
452 2820 495 2843 en
508 2812 684 2844 Literatur
700 2824 734 2855 p
748 2816 825 2847 248.
880 2813 914 2846 in
930 2811 1030 2856 praef.
1043 2811 1087 2845 ad
1104 2810 1292 2846 Phaedrum
1305 2821 1343 2859 p.
1359 2819 1421 2846 xv-

107 2856 249 2893 Εάἰιῆ.
277 2860 416 2894 censor
430 2860 554 2896 doctus
579 2863 614 2896 iu
630 2862 724 2907 Aug.
740 2865 825 2898 Litt.
