1806 3236
271 278 357 321 ⁷10
597 290 853 323 nnansus
887 290 1171 324 norrmNnM
1208 291 1423 326 PHAEDRt.

273 387 403 427 denuo
421 389 616 428 recensuit
640 396 681 429 et
710 391 1062 432 animadversiones
1095 393 1261 434 addidit.
1292 396 1526 447 Antverpiae,
1547 409 1595 436 ex
1626 394 1730 436 offic.

273 451 515 491 plantiniana
535 453 806 506 Raphelengii.
838 457 1052 496 8.—Nulla
1071 457 1144 496 alia
1163 465 1238 504 est,
1261 471 1375 510 quam
1393 459 1515 499 editio
1534 473 1596 500 an.
1613 465 1732 507 1598.

272 515 337 554 cui
370 516 663 568 Raphelengius
705 531 845 558 novum
883 520 1037 559 titulum
1069 520 1251 572 praefixit,
1290 529 1330 561 et
1364 524 1528 563 Meursii
1557 523 1734 564 animad-

272 580 470 618 versiones
525 581 686 632 adjecit,
733 581 782 621 de
829 583 971 635 quibus
1007 584 1060 624 sic
1097 585 1244 624 <statuit
1285 586 1573 626 Desbillonius:
1630 591 1642 610 ‘
1657 587 1734 626 Hae

271 643 622 683 animadversiones
667 645 747 684 viro
778 652 854 685 tam
889 647 1044 687 erudito
1076 661 1232 700 prorsus
1283 649 1452 702 indignae
1493 648 1606 690 sunt:
1653 663 1734 690 non

271 713 423 745 tantum
452 708 554 746 enim
585 709 706 748 multa
735 723 819 750 esse
849 711 1039 751 mutanda
1069 719 1110 751 et
1139 712 1408 764 interpolanda
1442 720 1484 754 et
1501 713 1679 754 addenda
1695 717 1736 753 et

270 771 535 811 abscindenda
563 786 768 825 perperam
783 775 964 827 opinatur
977 790 988 822 ;
1018 782 1057 815 at
1079 789 1211 815 versus
1223 777 1339 816 etiam
1361 770 1508 830 aliquot
1526 784 1733 821 tamleuor-

271 835 386 874 miter
403 835 551 888 diffingi
568 838 663 885 vult,
685 844 727 878 ut
748 840 834 890 jam
868 853 946 879 non
976 842 1060 892 ipsa
1094 841 1174 880 sive
1208 854 1357 889 sensus,
1389 844 1481 881 sive·
1501 838 1733 888 Latinitatis,

272 912 339 938 seu
373 901 484 939 metri
519 901 618 940 ratio
646 909 836 943 constare
867 905 1017 955 possit)
1072 905 1200 944 Nobis
1231 911 1359 944 tamen
1379 919 1457 946 non
1485 905 1525 945 in
1548 906 1758 951 ¹omnibus-

269 963 372 1003 ausis
391 964 522 1004 infelix
540 966 660 1005 fuisse
678 967 832 1007 videtur
850 969 1059 1008 Meursius.
1344 962 1346 964 ¹
1547 1000 1550 1002 -
1665 966 1669 969 i

323 1029 576 1069 —Neveletiz
617 1031 865 1083 Mythologia
882 1033 1077 1084 AEsopica,
1100 1032 1140 1071 in
1171 1046 1250 1084 qua
1278 1033 1413 1085 AEsopi
1446 1034 1604 1074 Fabulae
1623 1034 1736 1074 Grae-

272 1093 491 1132 co-Latinae
511 1105 715 1135 ccxcvn.
745 1109 909 1147 quarum
949 1108 1143 1137 cxxxvi.
1172 1098 1336 1149 primum
1374 1099 1589 1150 prodeunt:
1613 1100 1735 1138 Acce-

271 1156 372 1196 dunt
390 1158 543 1211 Babriae
564 1160 724 1199 Fabulae
754 1161 870 1200 etiam
907 1163 1114 1202 auctiores.
1181 1163 1384 1215 Anonymi
1409 1164 1550 1204 veteris
1576 1161 1736 1204 Fabulae

271 1221 411 1260 Latino
431 1222 602 1263 carmine
622 1224 787 1264 redditae
808 1237 883 1266 Lx.
905 1240 952 1266 ex
982 1227 1144 1266 exoletis
1164 1227 1402 1278 editionibus
1427 1234 1467 1268 et
1487 1227 1636 1268 Codice
1654 1228 1735 1267 Ms-

271 1285 351 1324 luci
371 1286 561 1327 redditae:
594 1289 692 1327 Haec
723 1290 851 1329 omnia
883 1304 930 1329 ex
961 1291 1207 1331 Bibliotheca
1239 1292 1428 1331 Palatina.
1483 1292 1738 1344 Adjiciuntur

271 1350 432 1402 iusuper
450 1351 618 1399 Phaedri,
640 1353 791 1400 Avieni,
812 1355 1004 1393 Abstemii
1042 1355 1214 1403 Fabulae,
1236 1369 1355 1407 opera
1383 1364 1424 1395 et
1450 1355 1584 1396 studio
1610 1357 1738 1397 Isaaci

272 1414 430 1453 Nicolai
448 1415 645 1463 Neveleti,
668 1430 758 1455 cum
779 1418 879 1457 notis
899 1418 1075 1470 ejusdem
1091 1419 1131 1457 in
1150 1419 1304 1459 eadem.
1335 1420 1594 1469 Franeofurti,
1633 1421 1737 1473 typis

271 1477 363 1518 Nic.
393 1478 633 1519 Hoffmanni.
679 1482 859 1532 Impensa
890 1483 1004 1523 Jonae
1038 1483 1155 1522 Rosae
1188 1494 1241 1523 M.
1273 1494 1347 1522 Dc.
1375 1495 1423 1524 X.
1453 1490 1491 1524 8.
1521 1497 1610 1524 eum
1641 1484 1737 1538 figg.

273 1542 370 1582 bux.
407 1556 431 1582 a
449 1543 557 1595 Virg.
586 1544 696 1592 Solis,
717 1545 1006 1599 chalcographo
1025 1553 1064 1586 et
1083 1552 1202 1598 poeta
1224 1548 1739 1605 Norimbergensi2-1Neve-

272 1607 388 1655 letus,
403 1606 548 1647 -Pithoei
567 1621 614 1646 ex
634 1621 765 1649 sorore
785 1622 921 1662 nepoS,
938 1615 1088 1650 textum
1107 1610 1246 1650 Pithoei
1261 1611 1427 1650 maxime
1441 1618 1614 1660 secutus,
1635 1613 1741 1659 Cod.

270 1671 466 1710 Pithoean.
488 1677 563 1710 vet.
583 1672 791 1712 lectionem
811 1674 851 1713 in
871 1675 1044 1727 margine
1060 1675 1246 1732 ascripsit,
1268 1676 1413 1727 passim
1425 1682 1556 1716 tamen
1571 1677 1739 1729 Rigaltio

273 1737 375 1775 bene
394 1735 609 1775 obsecutus
629 1743 712 1776 est:
741 1738 780 1776 in
800 1738 904 1777 notis
922 1739 972 1778 ad
1000 1739 1209 1778 Phaedrum
1230 1740 1381 1779 brevius
1407 1740 1596 1781 rationem
1623 1741 1738 1791 dixit,

272 1801 438 1852 ipseque
457 1800 747 1840 emendationes
767 1802 989 1857 proposuit,
1007 1803 1065 1842 vel
1085 1809 1284 1853 praeeunte
1303 1805 1484 1852 Romulo,
1501 1805 1568 1856 qui
1585 1805 1740 1846 Phaedri

272 1861 428 1903 fabulas
449 1864 577 1903 soluta
591 1865 770 1904 oratione
788 1865 971 1913 reddidit,
1004 1866 1131 1905 verbis
1156 1873 1199 1905 ut
1233 1868 1444 1919 plurimum
1474 1870 1648 1916 servatis,
1677 1871 1738 1910 vel

273 1926 413 1967 codice
445 1929 525 1968 Ms.
557 1929 663 1968 Petri
695 1930 880 1977 Danielis,
911 1931 971 1970 vel
1006 1932 1193 1978 Grutero,
1228 1945 1308 1984 quo
1339 1945 1433 1972 usus
1460 1940 1521 1974 est
1553 1933 1737 1986 magistro

266 1990 426 2041 juvenis
444 1991 711 2042 doctissimus,
730 1995 791 2034 vel
809 1995 926 2035 etiam
945 1997 1105 2048 proprio
1122 1998 1282 2049 adjutus
1295 1998 1462 2049 ingenio.
1490 2013 1494 2016 ’

331 2054 433 2101 1617
463 2056 661 2108 Rigaltina
681 2070 734 2100 11.
755 2060 913 2100 Phaedri
932 2062 1036 2113 Aug.
1057 2061 1145 2102 Lib.
1165 2062 1398 2102 Fabularum
1418 2059 1609 2115 AEsopiar.
1630 2063 1739 2102 Libri

274 2130 317 2158 v.
355 2120 470 2159 Nova
498 2121 633 2161 editio.
682 2123 799 2163 Oliva
836 2125 1000 2165 Roberti
1033 2127 1238 2179 Stephani.
1267 2126 1471 2178 (Parisiis.)
1495 2126 1611 2173 1617.
1643 2133 1739 2167 4.—

275 2183 375 2223 Rara
393 2184 529 2233 editio,
549 2191 588 2225 et
606 2186 728 2226 nitide
758 2189 861 2241 typis
880 2190 1080 2242 descripta
1099 2191 1327 2243 majoribus,
1345 2190 1480 2231 fasciis
1498 2190 1738 2244 marginum-

275 2261 352 2300 que
370 2248 491 2288 literis
510 2250 744 2302 capitalibus
765 2253 886 2292 minio
914 2255 1100 2295 coloratis
1125 2255 1325 2304 distincta,
1346 2268 1438 2295 cum
1463 2255 1564 2294 notis
1583 2254 1739 2307 Rigaltii

278 2313 575 2364 posterioribus.
631 2315 806 2356 Textum
835 2318 994 2359 exhibet
1025 2333 1049 2358 a
1080 2320 1283 2360 Pithoeano
1314 2332 1393 2358 non
1422 2332 1510 2359 raro
1527 2318 1736 2367 diversum,

279 2378 401 2428 quod,
416 2379 627 2429 judicante
656 2381 912 2431 Desbillonio,
939 2397 1016 2423 non
1045 2390 1125 2423 tam
1153 2383 1369 2424 diversitati
1395 2383 1602 2431 Codicum,
1622 2395 1738 2435 quam

277 2440 441 2481 editoris
467 2443 619 2482 libidini
649 2445 921 2485 ascribendum
953 2453 1026 2494 est,
1045 2447 1111 2498 qui
1140 2446 1313 2498 quamvis
1332 2459 1438 2498 saepe
1457 2459 1478 2485 a
1500 2447 1578 2485 Ms.
1598 2446 1738 2486 codice

278 2505 474 2553 Remensi,
490 2520 570 2558 quo
588 2508 712 2558 prima
728 2508 814 2549 vice
832 2509 872 2548 in
891 2510 1116 2550 adornanda
1134 2511 1208 2550 hac
1227 2510 1395 2550 editione
1413 2523 1506 2550 usus
1524 2516 1598 2558 est,
1606 2511 1735 2561 (conf.

279 2581 318 2608 a.
340 2570 476 2617 1599.)
494 2569 668 2610 diversus
690 2571 842 2625 abierit,
861 2579 902 2612 et
931 2574 1118 2614 nonnulla
1147 2574 1262 2619 etiam
1293 2574 1464 2614 auctoris
1493 2575 1610 2614 verba
1633 2574 1736 2614 malo

279 2645 440 2684 prorsus
458 2634 638 2686 exemplo
657 2635 841 2684 omiserit,
862 2636 956 2676 nihil
975 2644 1102 2677 tamen
1120 2638 1201 2678 fere
1221 2651 1387 2690 usquam
1407 2650 1523 2691 super
1540 2638 1599 2677 his
1617 2637 1737 2679 disse-

277 2695 368 2742 ruit,
388 2695 625 2751 lectoremve
644 2699 892 2740 commonuit.

283 2823 317 2862 B
334 2760 489 2800 Phaedri
521 2761 682 2803 Fabulae
711 2777 801 2804 cum
831 2763 1226 2808 animadversionibus
1257 2767 1321 2809 Jo.
1349 2765 1533 2807 Mem-sii.
1556 2767 1738 2822 Lugduni

319 2828 373 2864 at.
392 2830 429 2864 8.
