1806 3236
394 245 399 251 “
451 254 713 288 nncnnsus
751 239 1038 290 ΕὐιτιοΝυΜ
1074 258 1295 290 PnAEnm.
1514 247 1602 292 731

189 358 291 404 1775
309 353 387 395 Les
399 353 541 396 rables
561 355 613 395 de
627 356 782 397 Phedre
801 370 850 397 en
870 357 998 419 Latin,
1017 358 1244 410 auxquelles
1263 370 1316 398 on
1336 371 1357 397 a
1367 358 1476 410 joint
1487 359 1606 400 celles

130 405 183 458 de
198 417 236 458 la
254 419 443 460 Fontaine
462 427 502 460 et
522 419 592 460 des
611 427 742 461 autres
763 404 997 469 FabulisteS,
1019 423 1087 475 qui
1108 437 1132 475 y
1153 429 1223 463 ont
1253 423 1289 463 le
1308 424 1400 476 plus
1433 424 1484 464 de
1514 436 1604 477 rap-

130 487 238 534 port,
256 483 378 524 Paris.
403 489 466 524 12.
469 485 662 525 ——Editor
679 492 741 526 est
759 487 805 526 L.
826 487 872 526 P.
895 488 1042 527 Couret
1063 487 1114 527 de
1131 488 1372 528 Villeneuve.

182 568 240 577 -—
256 547 415 588 Phaedri
435 549 610 598 Fabulae,
625 563 719 591 cum
749 551 938 605 Append.
971 562 1141 592 xxxiv,
1178 553 1303 593 Fabb.
1318 553 1605 605 Norimbergae‚

131 623 181 651 ex
198 610 304 652 offic.
325 613 475 666 Riegel.
500 620 563 655 12.

186 698 242 706 -
259 677 417 718 Phaedri
446 679 622 728 Fabulae,
654 693 744 720 cum
779 683 1103 723 annotationibus
1138 684 1187 723 ad
1226 697 1341 724 usum
1372 683 1610 723 scholarum.

133 740 347 782 Accedunt
364 743 508 783 sabulae
528 744 684 785 Graecae
703 745 855 786 Latinis
870 748 1171 800 respondentes.
1201 749 1388 789 Venetiis.
1410 753 1463 790 24
1480 747 1574 799 maj.

191 807 298 855 1776
323 808 480 849 Phaedri
508 810 685 858 Fabulae,
714 824 803 851 cum
824 812 980 866 Sylloge
1004 814 1301 862 vocabulorum,
1335 813 1552 867 phrasim,
1573 819 1614 853 et

134 873 430 923 sententiarum,
451 888 522 928 per
535 877 600 916 Jo.
622 877 711 917 Jac.
733 877 893 918 Schatz.
915 878 1174 928 Francofurti,
1203 879 1310 932 apud
1340 880 1540 919 Broenner.
1573 884 1612 920 8.

134 937 309 978 -confi
329 951 396 980 an.
421 938 540 985 1746.

189 1024 244 1032 —
263 1002 352 1045 Lat.
371 1011 413 1046 et
430 1006 545 1059 Angl.
567 1007 781 1061 interprete
794 1009 934 1049 Franc.
954 1009 1113 1050 Fowke.
1133 1009 1316 1050 Londini.
1340 1015 1378 1050 8.

189 1068 419 1110 -Selecta
447 1084 495 1110 ex
515 1072 673 1112 Phaedri
702 1073 861 1120 fabulis,
893 1087 1049 1114 necnon
1077 1089 1126 1115 ex
1158 1077 1248 1116 Vet.
1282 1076 1394 1116 Test.
1428 1075 1467 1115 in
1500 1083 1616 1114 usum

135 1131 323 1174 classium
341 1135 587 1177 inferiorum.
608 1138 760 1187 Etonae,
781 1152 866 1178 exc.
880 1139 918 1178 J.
936 1140 1050 1180 Pote.
1072 1147 1135 1182 12.

191 1220 246 1229 —-
263 1212 356 1240 cum
375 1201 478 1241 notis
499 1203 638 1243 Germ.
657 1204 743 1244 Em.
761 1204 920 1244 Sinceri.
942 1206 1137 1257 Augustae
1158 1205 1274 1246 Vind.
1297 1211 1336 1247 8.

194 1268 300 1311 1777
327 1266 485 1306 Phaedri
499 1268 675 1308 Fabulae.
705 1269 764 1308 Ex
785 1269 960 1309 editione
979 1270 1064 1310 Jac.
1086 1270 1239 1311 Baden.
1258 1269 1428 1310 Hafniae.
1451 1276 1491 1310 8.

128 1358 131 1361 -
194 1323 301 1376 1778
329 1331 487 1372 Phaedri
520 1333 694 1381 Fabulae,
724 1347 814 1373 cum
836 1334 993 1374 selectis
1014 1335 1208 1375 variorum
1229 1341 1438 1376 auctorum
1457 1333 1618 1382 fabulis,

134 1399 180 1435 et
196 1394 294 1435 locis
319 1395 372 1438 ad
405 1396 507 1436 idem
526 1411 648 1451 genus
668 1386 973 1452 pertinentibus,
1004 1400 1055 1440 ad
1089 1414 1200 1441 usum
1227 1400 1370 1441 nobilis
1395 1399 1619 1452 juventutis

138 1459 245 1515 regio
263 1467 396 1502 sumtu
414 1461 620 1504 institutae.
643 1464 815 1513 Parisiis,
836 1465 944 1517 apud
969 1465 1100 1518 Nyon.
1127 1472 1175 1507 12
1199 1466 1292 1518 maj.

193 1548 249 1556 —
265 1539 359 1567 cum
374 1528 550 1568 versione
577 1528 719 1569 Italica
749 1527 1618 1581 Seb.zappalae.Catinae.12.—-Conf.an.

153 1579 272 1635 1766.

195 1669 358 1697 —cum
389 1658 493 1698 notis
526 1658 736 1708 variorum,
777 1667 942 1701 curante
972 1663 1079 1702 Petr.
1116 1661 1358 1700 Burmanno.
1390 1657 1525 1703 Editio
1557 1667 1623 1698 ιν.

142 1721 405 1765 emendatior.
436 1725 622 1779 Lugduni
642 1727 733 1767 Bat.
754 1728 866 1781 apud
899 1730 1006 1768 Sam.
1027 1733 1066 1767 et
1085 1728 1148 1768 Jo.
1173 1725 1430 1766 Luchtmans.
1454 1729 1493 1764 8.
1521 1723 1621 1776 maj.

197 1809 252 1817 —
269 1802 361 1829 cum
382 1790 489 1831 notis
508 1791 646 1832 Germ.
666 1793 753 1832 Em.
772 1793 938 1838 Sinceri.
957 1796 1150 1847 Augustae
1168 1791 1290 1830 Vind.
1313 1795 1351 1831 8.

195 1875 252 1883 -—
266 1853 426 1894 Phaedri
462 1856 623 1908 selectae
661 1858 691 1897 F
693 1858 824 1898 abulae
862 1859 902 1898 in
942 1872 1056 1899 usum
1095 1858 1322 1898 scholarum
1361 1853 1622 1906 Belgicarum.

144 1918 353 1959 Bruxellis.
378 1926 425 1960 12
457 1921 553 1972 maj.

199 2006 252 2013 —
270 1983 428 2024 Phaedri
451 1985 625 2034 Fabulae,
645 2000 692 2025 ex
721 1988 950 2028 recensione
981 1990 1086 2029 Petr.
1107 1986 1338 2028 Burmanni.
1361 1985 1531 2026 Accedit
1554 1998 1627 2025 no·

144 2060 280 2089 varum
297 2048 517 2089 fabularum
537 2052 766 2104 Appendix.
796 2054 1058 2106 Wirceburgi,
1078 2067 1144 2107 ap.
1165 2054 1203 2093 J.
1223 2054 1262 2093 J.
1285 2051 1432 2092 Stahel.
1456 2057 1519 2091 12.

198 2135 253 2144 -
270 2114 426 2156 Pbaedri
460 2117 637 2165 Fabulae,
666 2132 715 2158 ex
751 2131 830 2159 rec.
862 2119 1092 2160 Burmanni.
1124 2117 1411 2169 Norimbergae‚
1444 2129 1492 2155 ex
1521 2113 1627 2155 offic.

147 2177 298 2232 Riegel.
320 2186 343 2222 8
363 2181 459 2222 min.
482 2195 514 2222 s.
536 2189 599 2223 12.

200 2244 377 2286 —Idem
399 2246 513 2287 liber.
534 2248 657 2288 Halae.
687 2254 749 2289 12.

212 2315 317 2359 1779
346 2311 505 2352 Phaedri
537 2320 578 2353 et
615 2314 674 2352 Fl.
713 2313 855 2353 Aviani
894 2313 1070 2362 Fabulae,
1109 2326 1206 2371 cum*
1220 2310 1540 2353 annotationibus
1576 2310 1631 2351 ad

148 2387 266 2415 usum
284 2377 478 2419 Seminar.
497 2379 585 2420 Pat.
611 2380 777 2427 Patavii,
797 2380 902 2432 typis
922 2379 1138 2420 seminarii.
1161 2385 1224 2420 12.

204 2462 259 2470 -
277 2442 438 2483 Phaedri
458 2444 696 2484 Fabularum
715 2445 822 2485 Libri
853 2456 894 2485 V.
926 2446 1043 2486 Nova
1074 2443 1212 2492 editio,
1244 2442 1440 2496 prioribus
1472 2454 1632 2481 accura—

149 2503 242 2544 tior.
273 2506 491 2556 Avenione‚
528 2522 578 2548 ex
610 2516 770 2562 typogr.
807 2511 968 2551 Antonii
996 2510 1150 2563 Offray.
1187 2508 1482 2550 12.—Textum
1516 2506 1635 2546 habet

151 2568 233 2609 sine
247 2571 366 2611 notis.
386 2572 501 2612 Ordo
521 2575 830 2615 constructionis
849 2589 922 2628 per
941 2589 1137 2623 numeros,
1159 2574 1324 2627 singulis
1343 2571 1549 2614 vocabulis
1561 2571 1634 2612 im-

151 2635 313 2687 positos,
332 2644 497 2678 notatus
516 2646 590 2680 est.

205 2723 259 2731 —
279 2702 436 2743 Pbaedri
465 2705 627 2746 selectae
650 2706 811 2748 Fabuiae
829 2708 1039 2759 (xxxix.)
1057 2706 1109 2747 ad
1144 2720 1256 2747 usum
1293 2704 1529 2745 scholarum.
1563 2704 1633 2743 Se-

153 2764 277 2808 lectas
307 2767 565 2823 interpretum
590 2773 946 2815 animadversiones
967 2785 1134 2825 suasque
1165 2770 1315 2824 adjecit
1342 2770 1466 2810 Henr.
1485 2770 1633 2810 Braun.
