1806 3236
376 211 581 250 rnAEDRI
615 210 723 244 ΕΑΒ.
756 209 1061 246 AESOPIARUM
1097 211 1192 245 mn.
1225 213 1279 247 11.
1314 214 1456 246 PROL.

176 311 266 352 test,
284 308 352 344 nisi
367 307 413 342 'ln
434 308 628 343 nominibus
643 309 890 351 multitudinis,

175 359 495 406 aut-quespeciem
521 361 674 404 aliquam
700 360 889 395 includant.

175 411 407 448 &conobrem
422 422 490 457 non
503 420 641 455 possum
657 412 790 454 facere,
807 414 889 456 quin

172 463 366 508 improbem
384 465 430 499 N.
446 465 589 508 Rigaltii
603 466 646 498 V.
662 465 716 499 cl.
738 466 890 508 explica-

173 514 319 558 tionem,
346 515 404 560 qui
433 517 545 560 AEsopi
564 527 666 559 genus
683 527 748 559 pro
762 517 890 560 AEsopo

170 566 249 610 ipso
270 566 344 600 dici
365 568 452 602 vult.
497 569 664 602 Ceterum
682 568 774 602 istud
790 569 890 602 conti-

169 618 363 652 nent-nihil
389 619 482 653 aliud
509 624 565 653 est
592 630 707 663 quam,
723 624 889 664 constat3

171 669 318 704 Cicero:
341 672 353 690 ‘
367 671 430 704 Dii
455 681 524 705 non
551 672 647 704 venis
669 676 707 705 et
722 672 837 705 nervis
853 677 890 706 et

171 720 309 755 ossibus
334 722 572 763 continentur,
599 732 665 756 nec
700 723 788 756 escis
813 733 890 756 ves-

170 772 323 807 cuntur!
345 773 462 807 Faber.
506 775 683 808 Meursius
695 775 771 808 haec
785 779 888 818 putat

169 823 295 858 mutila
309 825 474 869 varieque
491 826 655 869 trajecta.
687 828 763 869 Ego
778 828 890 861 habeo

169 885 234 918 pro
263 875 421 918 integris.
479 877 674 910 Mem-sium
706 877 889 920 decepisse

169 925 378 960 vocabulum
404 937 506 969 genus
535 928 689 971 videtur,
711 929 806 972 quod
829 940 890 963 ne-

171 976 321 1019 aciabu,
348 979 519 1022 quomodo
534 979 729 1013 cohaereret
744 990 822 1013 cum
838 991 889 1015 se·

170 1028 370 1072 ‹fluentibus-
414 1030 492 1072 Ego
503 1039 631 1064 censeo
646 1031 821 1074 respicere
830 1043 888 1066 vo-

171 1088 248 1113 cem
273 1081 468 1124 madium,
494 1092 573 1126 qnae
597 1092 642 1116 ex
666 1093 768 1117 versu
783 1085 887 1118 tertio

169 1133 277 1167 enm
305 1134 374 1168 huc
412 1135 597 1170 trahenda.
659 1137 758 1171 Ordo
786 1139 887 1171 talis:

170 1187 282 1221 Genus
306 1187 490 1222 mortalium
527 1188 708 1222 continetur
737 1190 889 1232 exemplis

168 1237 293 1281 AEsopi.
351 1239 512 1282 Exempla
547 1243 665 1279 vocat,
693 1249 771 1283 quae
806 1239 887 1274 moi:

159 1287 304 1329 femus.
349 1288 470 1334 Atque
484 1290 534 1324 ita
549 1291 611 1324 lib.
622 1300 650 1324 1.
666 1294 699 1325 4.
737 1292 888 1326 Contine-

165 1343 349 1376 terentem
365 1341 522 1376 absolute
549 1353 627 1386 pro,
640 1343 840 1377 continetur
851 1345 887 1377 in

167 1391 296 1437 officio,
324 1392 521 1437 coiit-cetur,
550 1394 710 1429 docetur.
755 1396 812 1430 Ita
830 1397 887 1430 Ci-

165 1452 249 1479 cero
263 1445 371 1480 Tusc.
385 1455 440 1480 xv.
462 1447 472 1466 ⁸
485 1447 624 1489 Regere
646 1457 687 1480 ac
705 1448 887 1482 continere

165 1496 412 1544 appetitiones'
435 1497 538 1530 dixit.
583 1498 757 1540 Rigaltius
773 1500 887 1542 AEsopi

162 1556 265 1589 ems
274 1547 405 1592 jungit,
431 1554 470 1582 et
485 1559 549 1592 pro
565 1550 682 1592 AEsopo
697 1550 774 1593 ipso
795 1552 887 1584 acci-

140 1617 143 1620 >
164 1598 231 1641 pit,
259 1598 350 1633 sicut
377 1603 387 1618 ‘
400 1599 608 1633 Fabulamm
627 1601 748 1642 genus’
765 1607 886 1636 nostro

163 1654 363 1693 usurpatur.
393 1651 465 1684 Sed
475 1651 503 1684 si
519 1652 568 1685 sic
581 1653 788 1695 accipimus,
802 1654 886 1697 quid

164 1708 284 1745 queso
297 1701 360 1736 fiet
373 1702 424 1735 illi
439 1701 648 1737 continetur?
691 1704 770 1738 Nec
793 1705 885 1739 enim

163 1752 310 1796 AEsopus
325 1754 525 1788 continetur
540 1755 723 1798 exemplis.
756 1757 884 1800 Neque

163 1803 301 1848 melius,
314 1805 344 1838 si
358 1805 415 1839 hie
432 1810 543 1839 artem
558 1807 676 1850 AEsopi
691 1806 884 1842 fabularem

163 1856 449 1901 interpretemur,
475 1858 566 1892 sicut
579 1859 622 1894 fit
634 1860 678 1893 ab
694 1860 785 1903 ipso,
805 1861 884 1895 loco

164 1909 245 1943 elio.
301 1910 601 1953 Interpretntione
638 1916 760 1945 nostra
798 1913 884 1947 nihil

156 1964 253 2003 puto
289 1970 367 1995 esse
401 1961 610 1995 evidentius.
662 1963 795 1997 Isthaec
833 1965 884 1998 sle

165 2011 454 2054 conscripseram,
481 2022 559 2045 cum
589 2012 715 2046 deinde
753 2014 798 2047 ad
828 2025 884 2048 me

165 2060 360 2095 afferuntur
374 2063 429 2096 Cl.
445 2062 613 2095 Gronovii
636 2063 782 2106 litterae,
805 2076 884 2108 quae

164 2123 221 2148 me
237 2123 377 2158 prorsus
392 2115 429 2147 in
445 2115 617 2148 sententia
639 2125 716 2148 mea
730 2115 884 2151 firmant.

165 2165 372 2199 Exscribem
394 2169 505 2199 totum
533 2167 662 2209 locum,
679 2177 757 2200 nam
777 2178 885 2202 mere·

167 2220 238 2259 tur,
258 2220 299 2250 nt
312 2217 451 2260 legatur
466 2217 620 2260 publice.
669 2219 679 2236 ‘
693 2220 808 2262 AEsopi
828 2221 885 2262 'ge-

165 2276 227 2301 m
242 2267 300 2301 alii
313 2268 490 2312 AEsopum,
507 2268 567 2304 alii
581 2268 717 2303 fabulas
740 2271 816 2314 ejus
833 2271 885 2304 in·

164 2322 420 2363 terpretnntur.
465 2320 542 2362 Ego
555 2330 639 2354 vero
660 2321 698 2354 τὸ
710 2332 813 2363 genus
828 2334 884 2357 ac·

165 2370 258 2414 cipio
285 2371 439 2414 positum
475 2381 540 2415 pro
576 2373 784 2409 hominibus.
834 2376 886 2409 Ut

165 2420 313 2455 Manilio
334 2422 395 2455 lib.
410 2431 438 2456 1.
464 2433 515 2456 vs.
533 2425 611 2456 145.
634 2424 645 2443 ‘
658 2424 805 2468 Semper
818 2427 886 2460 erit

167 2481 277 2516 genus
293 2473 329 2506 in
353 2482 469 2516 pugna
480 2473 503 2515 ;'
530 2478 568 2507 et
589 2475 714 2510 Senec.
739 2477 885 2520 Hippoi.

166 2534 218 2559 vs.
244 2527 320 2559 469.
347 2526 358 2543 ⁴
374 2526 463 2560 Quae
487 2526 631 2568 supplet
661 2537 703 2560 ac
731 2528 887 2563 restitnit

166 2576 372 2610 exhaustum
398 2577 532 2619 genus!
574 2579 661 2611 Tum
676 2579 712 2612 in
729 2579 886 2615 Hercule

168 2626 286 2661 OEtoeo
310 2638 362 2661 vs.
386 2630 442 2660 63.
465 2630 542 2660 761.
563 2630 662 2662 1884.
706 2630 802 2664 Dicit
824 2631 885 2674 igi-

167 2677 395 2712 tnrhomines
415 2679 570 2712 contineri
591 2689 632 2713 ac
645 2679 766 2714 doceri
780 2692 885 2716 exem-

165 2728 231 2772 pli·
255 2739 318 2763 seu
346 2729 475 2763 fabulis
504 2731 628 2773 AEsopi.
674 2731 764 2765 Nam
787 2743 831 2765 ne
844 2733 885 2766 τὸ

168 2779 323 2813 contineri
348 2780 486 2824 quidem
514 2781 661 2823 juvatur
697 2783 883 2827 quicquam

170 2829 251 2874 iub,
265 2839 341 2875 quae
357 2831 528 2876 congessit
548 2833 713 2868 Barthius
730 2834 774 2869 ad
788 2836 885 2871 Ruti-

1566 204 1654 249 427

942 308 1028 342 lium
1043 309 1104 343 lib.
1120 319 1146 342 1.
1163 319 1214 343 vs.
1229 312 1285 343 57.
1322 309 1474 343 Verbum
1498 313 1552 342 est
1575 319 1655 352 pro-

941 361 1056 403 prium
1068 361 1322 404 magistrorum.
1346 360 1470 397 Cicero
1486 361 1579 394 Fam.
1593 361 1654 394 lib.

941 421 1010 445 vn.
1029 415 1082 445 19.
1104 413 1114 431 ‘
1131 413 1179 446 Ut
1190 422 1275 446 vcro
1291 412 1359 455 ipsi
1372 412 1438 446 tibi
1451 412 1517 445 loci
1529 422 1655 455 propo-

941 465 1010 497 sita
1025 464 1216 508 quaestione
1232 468 1431 506 occurrant,
1454 464 1655 498 exercitati-

940 525 1006 549 one
1035 525 1260 559 consequere,
1286 516 1321 548 in
1349 526 1417 560 qua
1438 516 1577 560 quidem
1592 526 1654 549 nos

942 571 978 600 te
993 566 1232 609 continebimini,
1256 567 1284 600 si
1306 570 1343 599 et
1365 567 1449 600 salvi
1464 567 1603 610 erimus,
1619 572 1656 600 et

942 620 1039 653 salva
1053 620 1120 653 ista
1134 619 1404 654 offenderimus.³
1426 620 1560 653 Gellius
1574 628 1656 653 xix.

943 674 973 705 1.
996 672 1007 690 ‘
1022 672 1134 707 Quem
1151 682 1216 714 ego
1241 671 1388 704 Athenis
1407 672 1566 714 cognovi,
1587 681 1656 705 non

941 732 1049 764 parva
1071 723 1184 756 virum
1200 723 1421 764 auctoritate,
1437 723 1590 765 satisque
1605 727 1656 757 at-

941 778 1040 808 tente
1087 774 1276 817 discipulos
1308 774 1458 816 juvenes
1494 774 1656 807 continen—

941 826 1031 859 tem!
1082 826 1175 859 Hinc
1216 826 1314 859 vides
1348 826 1465 867 etiam,
1495 836 1564 870 quo
1601 836 1655 859 re-

941 876 1098 919 spexerit
1130 876 1330 919 Petronius,
1366 886 1470 920 quum
1508 876 1631 910 scribit
1645 887 1657 911 ε

940 929 951 948 ‘
971 929 1135 962 Nondum
1161 929 1312 971 juvenes
1346 929 1657 963 declamationibus

939 980 1182 1015 continebatur!
1206 980 1250 1013 In
1280 990 1350 1023 quo
1376 981 1481 1013 etiam
1502 980 1658 1014 haesere?

941 1032 1034 1065 Haec
1043 1032 1195 1075 optimus
1206 1031 1398 1065 Gronovius
1409 1031 1657 1074 eruditissime,

938 1088 979 1116 ut
1005 1084 1112 1126 solet,
1133 1093 1200 1116 nec
1227 1084 1434 1127 relinquitur
1449 1084 1658 1117 dubitationi

938 1135 1060 1168 locus:
1084 1134 1221 1167 etiamsi
1256 1135 1370 1168 Faber
1391 1146 1528 1178 quoque
1546 1139 1660 1178 poste-

938 1185 1065 1218 riorem
1090 1185 1237 1228 Rigaltii
1259 1186 1455 1229 opinionem
1470 1188 1658 1230 amplecta-

939 1241 1009 1279 tur,
1025 1237 1075 1270 sic
1091 1242 1131 1271 ut
1147 1237 1253 1271 didici
1267 1248 1311 1270 ex
1328 1238 1420 1271 notis
1436 1239 1521 1281 ejus.
1547 1238 1657 1278 Schef.

939 1288 1052 1331 AEsopi
1075 1298 1271 1331 genusspro
1298 1288 1437 1332 fabulis,
1469 1294 1507 1323 et
1529 1299 1658 1332 genere

937 1340 1125 1384 scribendi,
1141 1350 1209 1384 quo
1225 1341 1372 1383 AEsopus
1388 1341 1511 1374 utitur.
1549 1341 1658 1375 Ovid.

937 1392 974 1424 in
1000 1392 1102 1426 Ibin:
1136 1393 1280 1436 ‘thue
1313 1394 1383 1433 ille,
1413 1393 1566 1426 historiis
1604 1393 1658 1427 in·

937 1444 1073 1477 volvam
1104 1444 1259 1477 carmina
1284 1445 1398 1488 caecis,
1421 1445 1502 1478 Non
1527 1445 1657 1478 soleam

938 1495 1093 1538 quamvis
1116 1495 1182 1528 hoc
1208 1506 1317 1538 genus
1333 1496 1409 1539 ipse
1433 1496 1555 1539 sequi.’
1598 1497 1658 1529 Itn

938 1545 1032 1578 infra
1046 1546 1134 1578 dicit
1153 1557 1162 1578 ι
1192 1546 1203 1564 ‘
1221 1547 1355 1579 Morem
1380 1547 1526 1579 servabo
1540 1547 1655 1580 senio!

940 1597 1056 1629 Heius.
1080 1597 1139 1630 De
1149 1597 1258 1630 verbo
1271 1598 1432 1631 continere
1446 1598 1524 1631 vide
1533 1599 1657 1631 Barth.

939 1646 1089 1681 Advers.
1121 1657 1206 1682 xlx.
1237 1652 1294 1682 21.
1324 1653 1361 1683 et
1387 1650 1432 1682 ad
1460 1650 1584 1683 Claud.
1611 1650 1657 1683 de

938 1700 1078 1735 Consul.
1093 1699 1201 1734 Prob.
1213 1704 1250 1734 et
1261 1700 1365 1744 Olyb.
1382 1711 1438 1734 vs.
1452 1705 1483 1735 1.
1502 1702 1656 1735 Gronov.

936 1751 981 1784 ad
1014 1751 1091 1784 Liv.
1115 1760 1212 1785 xxu.
1241 1755 1297 1785 33.
1336 1753 1416 1786 Hoc
1440 1763 1543 1786 sensu
1569 1763 1656 1787 voce

936 1803 1095 1836 contineri
1104 1799 1185 1837 usus
1201 1808 1237 1837 et
1253 1804 1396 1848 aequalis
1408 1810 1528 1838 nostro
1537 1806 1657 1839 Valer-

936 1855 1035 1889 Max.
1052 1865 1104 1890 n.
1122 1860 1152 1890 1.
1168 1860 1201 1889 2.
1221 1857 1231 1875 ‘
1244 1857 1424 1890 Videlicet
1445 1858 1526 1900 quia
1547 1858 1656 1900 magis

937 1907 981 1939 ad
995 1917 1068 1940 rem
1084 1909 1226 1951 attinet,
1242 1909 1398 1942 Dearum
1415 1920 1517 1953 quam
1533 1910 1656 1942 mulie-

936 1969 1011 1991 rum
1042 1959 1227 2002 disciplina
1252 1961 1423 1994 contineri
1435 1961 1457 1995 :'
1491 1964 1529 1994 et
1555 1971 1608 1994 ιν.
1624 1964 1657 1994 3.

939 2013 991 2042 11.
1015 2010 1026 2029 ⁴
1044 2010 1154 2054 Atqui
1180 2012 1250 2043 ista
1275 2012 1530 2054 patientissime
1556 2022 1657 2055 supe-

936 2061 1008 2094 rior
1031 2062 1120 2094 Cato
1145 2063 1321 2100 toleravit,
1350 2063 1430 2106 quia
1444 2063 1539 2096 illum
1555 2068 1658 2106 grata

937 2111 1151 2155 frugalitatis
1165 2114 1377 2146 consuetudo
1399 2114 1435 2146 in
1450 2115 1514 2147 boc
1528 2123 1657 2157 genere

937 2163 1033 2205 vitae,
1053 2173 1132 2196 cum
1149 2174 1283 2198 summa
1297 2165 1483 2198 dulcedine
1500 2166 1657 2200 contine·

937 2213 1023 2247 bat!
1069 2215 1156 2248 Cum
1169 2225 1252 2248 vero
1265 2216 1402 2250 Gudius
1418 2217 1583 2259 gloriatus
1598 2218 1658 2260 sit,

938 2275 976 2298 se
991 2265 1141 2309 primum
1163 2266 1256 2299 hunc
1287 2268 1401 2300 locum
1430 2273 1527 2301 recte
1550 2268 1657 2301 inter-

938 2322 1125 2361 pretatum,
1141 2325 1178 2351 et
1202 2319 1256 2351 Cl.
1282 2318 1318 2352 J.
1343 2319 1447 2353 Fred.
1478 2320 1656 2354 Gronovio

937 2368 1008 2414 (ita
1022 2370 1114 2402 enim
1130 2370 1343 2412 scripserat3
1365 2370 1428 2403 sed
1450 2380 1525 2413 nos,
1545 2380 1591 2403 ne
1604 2371 1656 2404 bi-

936 2421 1006 2453 lem
1033 2420 1122 2453 Filio
1148 2430 1379 2463 moveremus,
1399 2422 1486 2455 Viris
1505 2423 1606 2455 doctis
1620 2422 1656 2455 in

937 2471 1042 2505 Notis
1059 2472 1230 2506 Gudianis
1251 2472 1559 2516 supposueramus)
1578 2474 1656 2516 jam

938 2533 1028 2557 anno
1055 2527 1153 2557 1662.
1192 2524 1398 2566 ostendisse,
1427 2525 1533 2568 idque
1561 2535 1657 2568 εει-ο

937 2575 1124 2608 admodum
1147 2575 1258 2609 ferret
1283 2576 1335 2610 Cl.
1356 2577 1434 2610 Jac.
1449 2577 1659 2620 Gronovius,

937 2630 986 2670 et,
1009 2631 1049 2661 ut
1074 2627 1190 2661 Gudio
1213 2627 1376 2671 iniquior,
1396 2629 1508 2661 multa
1530 2638 1586 2662 me
1601 2639 1658 2662 co·

937 2689 1010 2713 ram
1035 2680 1070 2712 in
1093 2690 1172 2713 eum
1191 2679 1399 2723 effunderet,
1420 2680 1655 2724 significabam

937 2731 989 2764 illi
1014 2736 1051 2764 et
1067 2732 1155 2773 aliis,
1185 2732 1302 2773 paullo
1317 2736 1398 2774 post
1414 2731 1527 2765 editas
1547 2731 1654 2766 Gudii

937 2787 1050 2825 notas,
1078 2788 1264 2825 utrumque
1292 2781 1399 2815 fuisse
1425 2783 1654 2825 posteriorem

937 2834 1094 2879 Bai-thio,
1120 2833 1180 2878 qui
1195 2833 1230 2869 in
1251 2834 1342 2869 notis
1357 2833 1401 2868 ad
1424 2833 1515 2869 Stet.
1530 2842 1583 2869 x1.
1599 2837 1654 2868 56.
