1806 3236
256 237 342 280 712
564 248 828 282 aecensus
862 249 1148 283 nm'rtoth
1181 251 1399 285 rnAEnm.

255 361 339 387 rum
358 347 463 387 notis
482 361 641 402 operam
671 348 805 400 posuit
822 349 886 390 Jo.
918 349 1161 390 Laurentius.
1217 351 1440 393 Dolendum
1467 365 1558 392 vero
1582 354 1716 408 unq.

253 412 393 460 Gudii,
431 425 493 453 an.
537 412 653 460 1689.
684 412 872 461 defuncti,
907 413 1011 453 curis
1047 414 1309 456 intercessisse
1339 422 1573 468 premium
1604 408 1714 458 fatu:

253 490 476 530 quanquam
498 491 676 530 magnam
690 478 860 530 jacturae
878 484 1028 531 partem
1046 479 1190 519 levavit
1209 480 1314 520 Petr.
1333 481 1594 532 Burmannus,
1621 489 1717 523 eta-

252 541 304 581 tis
321 552 395 582 111.
412 543 463 581 ab
483 555 546 582 an.
569 543 684 590 1698.
701 549 851 583 auctor.
1111 558 1114 564 ¹

309 605 412 652 1657
441 606 558 648 Fabri
584 619 616 647 1.
635 607 806 654 Phaedri,
828 608 894 660 qui
915 608 989 648 sub
1009 578 1188 660 Augusto
1210 614 1251 649 et
1277 609 1436 649 Tiberio
1459 609 1572 658 mh.
1590 610 1718 651 rabu-

251 670 314 710 lae.
372 670 527 712 Additae
556 678 646 712 sunt
672 673 792 713 Notae
824 680 867 713 et
898 673 1262 714 Animadversiones
1281 673 1511 726 Tanaquilli
1526 674 1658 722 Fulm,
1677 673 1718 714 in

252 735 395 787 quibus
425 736 548 776 multa
578 738 697 777 etiam
715 739 880 792 aliorum
902 739 1150 791 Scriptorum
1170 738 1378 778 emendata
1395 744 1500 778 sunt.
1539 739 1719 789 (heenv-

183 808 187 815 ¹
252 807 385 840 serunt
403 801 533 841 Publii
551 803 636 855 Syri
662 803 820 843 'selectae
840 803 1083 853 Sententiae.)
1125 802 1316 850 Salmurii‚
1333 797 1400 855 ap.
1426 803 1528 842 Dan.
1547 801 1602 843 dc
1629 803 1720 843 Lu-

251 864 412 916 piniere.
438 868 682 907 4.—Malam
711 867 870 920 quidem
900 868 1062 922 Rigaltii
1080 868 1290 908 editionem
1312 868 1467 908 tertiam
1486 872 1641 908 secutus
1659 873 1720 907 est

251 929 402 976 Faber;
432 937 473 971 at
486 932 783 972 observationes
801 933 963 984 adjecit,
984 946 1077 985 quae
1095 932 1312 973 doctrinam
1331 932 1559 984 plerumque
1571 930 1719 982 jucun-

251 994 341 1033 dam
371 995 486 1035 simul
515 1002 557 1036 et
583 996 885 1036 reconditiorem
909 997 1108 1044 exhibent,
1128 1009 1354 1050 quanquam
1386 997 1440 1036 ab
1457 995 1550 1048 ipso
1563 995 1721 1036 Phaedri

251 1072 370 1111 opere
388 1059 620 1100 illustrando
637 1062 821 1101 aberrant
850 1062 1009 1114 saepius,
1029 1068 1071 1102 et
1098 1074 1187 1102 raro
1216 1062 1311 1101 huic
1344 1059 1577 1114 castigando
1599 1059 1719 1100 inser-

250 1124 373 1163 viunt.
431 1125 652 1166 Desbillon.
671 1139 761 1179 pag.
782 1137 919 1166 xxxt.

304 1189 517 1230 —Phaedri
536 1190 711 1238 Fabulae,
732 1203 821 1230 cum
840 1190 945 1230 notis
962 1192 1025 1231 J0.
1055 1191 1176 1230 Henr.
1198 1189 1344 1231 Ursini.
1365 1189 1611 1230 Ratishonae.
1626 1195 1720 1230 8.—

252 1256 452 1296 Nonnulla
471 1256 511 1294 in
529 1256 604 1294 hac
624 1255 688 1294 ed.
719 1255 899 1302 rescissa,
921 1268 1011 1306 quae
1030 1255 1326 1295 adolescentum
1344 1253 1488 1306 pudori
1504 1254 1643 1293 obesse
1662 1252 1721 1292 vir

251 1319 597 1373 praestantissimus
610 1319 858 1358 existimavit.
885 1319 1058 1358 Textum
1076 1318 1141 1357 hic
1160 1325 1200 1357 et
1217 1317 1298 1357 illic
1318 1318 1436 1357 docte
1452 1315 1691 1357 emendavit.

310 1381 412 1424 1660
439 1383 598 1423 Phaedri
618 1384 719 1433 Aug.
738 1383 826 1421 Lib.
848 1382 1084 1421 Fabularum
1099 1383 1231 1432 AEsop.
1250 1381 1357 1420 Libri
1377 1391 1421 1420 v.
1438 1393 1486 1419 ex
1500 1379 1720 1420 recensione

252 1451 318 1490 Jo.
338 1447 439 1489 Lud.
460 1447 653 1487 Praschii.
671 1447 833 1486 Giessae.
856 1444 1290 1496 s.—Mu1tum·profuit
1311 1444 1491 1484 Phaedro.

303 1513 519 1553 —Fabulae
539 1512 733 1551 variorum
752 1516 972 1556 auctorum,
992 1523 1132 1561 nempe
1149 1509 1288 1561 AEsopi
1306 1509 1467 1548 Fabulae
1477 1508 1720 1548 Graec-La-

249 1578 342 1618 tinae
358 1587 564 1619 ccxcvn.
594 1574 815 1627 Aphthonii
833 1574 1027 1625 Sophistae
1055 1572 1213 1612 Fabulae
1233 1573 1307 1611 Gr.
1338 1571 1424 1611 Lat.
1456 1583 1532 1611 xz..
1561 1571 1721 1611 Gabriae

251 1643 411 1682 Fabulae
449 1643 522 1681 Gr.
554 1643 641 1680 Lat.
682 1651 821 1679 xmn.
850 1638 1003 1678 Babriae
1037 1637 1200 1688 (Babrii)
1233 1637 1393 1676 Fabulae
1429 1636 1504 1676 Gr.
1531 1636 1622 1676 ht.
1649 1646 1718 1675 xt.

251 1706 464 1746 Accedunt
483 1704 681 1756 Anonymi
700 1704 838 1743 veteris
861 1702 1020 1741 Fabulae
1040 1701 1182 1740 Latino
1201 1699 1375 1739 carmine
1394 1698 1558 1739 redditu
1578 1709 1653 1739 Lx.
1670 1713 1720 1738 ex

249 1771 412 1811 exoletis
429 1769 667 1809 editionibus
686 1775 726 1807 et
747 1767 850 1806 eod.
881 1767 962 1805 Ms.
983 1765 1064 1804 luci
1082 1764 1261 1804 redditae.
1292 1765 1390 1803 Haec
1409 1763 1542 1803 omnia
1556 1776 1606 1803 ex
1626 1762 1720 1802 Bib-

249 1836 419 1876 liotheca
435 1834 627 1875 Palatina.
657 1832 912 1883 Adjiciuntnr
929 1831 1089 1882 insuper
1108 1828 1263 1867 Phaedri
1295 1828 1455 1867 Fabulae
1472 1838 1548 1869 xe.
1583 1827 1722 1867 Avieni

251 1901 413 1940 Fabulae
427 1910 543 1939 xmr.
564 1896 757 1938 Abstemii
776 1895 936 1935 Fabulae
951 1903 1110 1934 excut.
1132 1892 1265 1944 Opera
1281 1898 1322 1931 et
1333 1891 1466 1932 studio
1482 1892 1607 1931 Isaac.
1628 1891 1719 1930 Nic.

251 1964 444 2011 Neveleti‚
462 1976 554 2003 cum
571 1962 675 2001 notis
693 1959 872 2012 ejusdem
891 1960 930 1998 in
947 1958 1101 1998 eadem.
1157 1957 1256 1996 Cum
1275 1955 1410 2008 figuris
1428 1955 1580 2007 ligneis.
1603 1955 1720 1994 Fran-

251 2029 407 2077 cosurti,
426 2029 532 2081 apud
552 2027 699 2067 Christ.
720 2026 891 2066 Gerlach
909 2030 950 2064 et
986 2023 1079 2063 Sim.
1100 2021 1372 2062 Beckenstein.
1403 2022 1570 2063 s.-t·:st
1599 2019 1718 2060 editio

250 2094 430 2134 Neveleti
447 2092 563 2133 1610.
593 2097 742 2131 mutato
761 2096 914 2130 tantum
932 2088 1062 2134 titulo,
1081 2092 1122 2125 et
1139 2086 1341 2138 praemissa
1359 2098 1459 2125 nova
1477 2084 1718 2137 praefatione.

309 2157 406 2199 1661
438 2157 639 2204 Phaedrus,
660 2169 750 2196 cum
771 2154 947 2194 versione
966 2152 1123 2192 Gallica
1141 2150 1288 2190 Albini.
1322 2150 1493 2198 Parisiis,
1529 2163 1594 2202 ap.
1634 2150 1718 2189 Du—

252 2224 366 2265 rand.
391 2230 456 2264 12.

309 2288 411 2330 1662
441 2286 596 2327 Phaedri
619 2288 722 2337 Aug.
748 2285 837 2324 Lib.
855 2284 1104 2323 'Fabularum
1131 2283 1268 2334 AEsop.
1296 2280 1404 2320 Libri
1431 2291 1473 2319 v.
1509 2284 1719 2319 anem-ante

252 2355 364 2395 Alex.
380 2352 546 2393 Arnold.
559 2352 882 2403 Pagenstechero,
903 2362 993 2389 cum
1006 2347 1159 2388 selectis
1175 2345 1424 2386 Freinshemii
1441 2343 1623 2384 historiis.
1640 2344 1719 2382 Ac-

252 2419 371 2459 cessit
386 2418 478 2457 Vita
496 2415 653 2456 Phaedri
671 2421 711 2454 et
728 2415 975 2454 historiarum
993 2413 1043 2452 ad
1062 2411 1294 2463 explendam
1314 2408 1527 2449 centuriam
1542 2407 1715 2460 Sylloge.

253 2483 469 2535 Duisburgi
484 2483 533 2521 ad
555 2482 681 2521 Rhen.
704 2486 743 2520 8.
1439 2476 1441 2479 ’

312 2546 413 2587 1663
445 2545 631 2585 Schefferi
660 2555 692 2584 1.
727 2542 931 2590 Phaedrus,
963 2555 1053 2581 cum
1087 2540 1189 2579 notis
1223 2540 1289 2579 J0.
1319 2537 1508 2578 Schefferi
1525 2542 1565 2576 et
1578 2536 1715 2575 Franc.

254 2611 403 2663 Guyeti
428 2608 752 2662 castigationibus
771 2606 926 2654 criticis,
957 2617 1156 2656 nunquam
1185 2610 1303 2642 antea
1320 2601 1500 2653 vulgatis.
1529 2599 1717 2651 Upsaliae.

257 2674 516 2727 8.-0ptima
540 2673 677 2720 editio,
696 2672 734 2711 in
757 2684 834 2724 qua
850 2671 979 2709 multa
998 2669 1153 2708 Phaedri
1172 2668 1261 2706 loca
1280 2666 1434 2718 egregie
1466 2664 1718 2704 illustrantur.

241 2741 367 2780 'Basis
385 2745 444 2779 est
464 2738 623 2791 Rigaltii
643 2749 715 2779 111.
743 2745 784 2778 et
801 2735 981 2783 Fabrina,
1001 2733 1072 2773 nisi
1091 2733 1158 2774 ubi
1191 2739 1335 2773 temere
1364 2731 1589 2779 omiserunt,
1624 2744 1711 2783 quae

254 2805 293 2843 in
312 2805 396 2845 aliis
413 2805 653 2856 legebantur.
