1806 3236
241 246 327 314 564

697 261 840 294 No'rAE
871 261 1135 299 'vAnlolwu
1168 259 1223 298 m·

759 549 1015 600 FABULA
1057 557 1170 600 1-11.

279 714 396 748 Asinus
407 718 438 746 et
453 714 555 755 Gaui]
577 713 737 756 Intellige
749 714 803 747 hic
817 714 937 748 Gallos

236 764 396 807 Cybeles,
419 766 491 797 sive
517 765 653 806 Magnae
680 765 796 797 matris
824 765 936 798 Deum

236 817 444 848 sacerdotes.
489 816 568 848 Non
583 815 721 848 videtur
736 820 849 848 autem
861 817 935 848 haec

234 865 354 898 fabula
369 866 492 898 librum
504 875 553 898 1v.
577 866 683 898 ordiri
708 865 847 907 debere,
873 866 934 898 sed

233 918 346 958 potius
361 918 416 949 vel
435 918 475 948 ad
501 917 602 949 finem
626 917 704 948 libri
730 917 824 949 tertii
845 916 934 949 refe-

232 967 352 1008 renda,
365 967 421 999 vel
442 967 491 999 illi
517 967 560 999 de
576 968 721 999 mustela
734 971 770 999 et
784 967 934 1000 muribus

231 1017 490 1059 postponenda:
504 1022 543 1050 ut
555 1017 641 1049 liber
651 1027 701 1049 xv.
718 1017 761 1050 ab
776 1018 840 1050 hoc
856 1028 934 1059 pro-

230 1067 310 1108 logo
335 1068 499 1109 incipiat:
533 1067 543 1085 ‘
558 1067 720 1100 Joculare
745 1068 809 1100 tibi
840 1069 931 1101 vide-

230 1120 288 1149 tur
299 1117 321 1149 :’
342 1120 406 1151 &c.
430 1118 516 1150 Ritt.
873 1144 886 1165 .-

274 1170 293 1199 1
319 1168 383 1204 Qui
398 1168 503 1210 natus]
536 1169 682 1210 Censeo,
697 1179 774 1201 cum
801 1169 931 1202 Ritter-

230 1221 342 1253 shusio
357 1225 394 1253 et
417 1221 582 1262 Rigaltio,
609 1221 713 1254 finem
738 1222 792 1254 hic
815 1222 931 1264 potius

229 1280 306 1304 esse
321 1272 540 1304 statuendum
564 1271 649 1304 libro
665 1281 724 1305 111.
749 1283 848 1315 quam
873 1280 931 1304 ex-

229 1322 363 1355 ordium
392 1332 442 1355 ιν.
476 1323 597 1356 Meurs.
657 1324 757 1355 Hanc
780 1322 930 1356 fabulam

225 1371 355 1404 habent
371 1372 534 1404 Rimicius
548 1372 608 1404 lib.
623 1381 681 1405 m.
697 1375 750 1406 18.
772 1377 809 1405 et
837 1372 929 1405 Ano-

223 1430 347 1463 nymus
377 1422 524 1454 Nilantii
552 1425 606 1454 47.
630 1422 691 1454 sed
719 1433 784 1464 pro
816 1423 928 1456 Gallis

223 1472 476 1514 negotiatorem
501 1473 679 1515 inducunt,
723 1474 856 1506 asinum
884 1474 929 1506 ad

223 1526 417 1554 mercatum
447 1527 619 1564 agentem.
672 1522 728 1555 Au
761 1524 928 1557 Phaedrus

222 1571 365 1614 obliquo
380 1573 415 1604 in
429 1573 627 1606 sacerdotes
641 1574 754 1606 animo
768 1584 928 1616 personas

223 1622 267 1654 ab
281 1622 408 1664 AEsopo
418 1624 565 1656 traditas
581 1625 777 1666 mutaverit,
788 1635 833 1657 an
847 1635 929 1658 vero

222 1671 390 1703 Monachi
415 1673 525 1704 ordini
549 1682 647 1705 sacro
672 1674 928 1715 ignominiosam

219 1725 336 1754 notam
346 1722 396 1754 ita
403 1732 437 1754 se
448 1723 587 1754 demere
598 1732 698 1764 posse
706 1724 929 1767 crediderint,

221 1771 252 1802 si
267 1781 330 1812 pro
358 1771 468 1803 Gallis
493 1772 596 1804 alium
619 1772 834 1813 inducerent,
853 1783 928 1806 nes-

222 1820 289 1853 cio.
311 1821 427 1854 Burm.

267 1871 333 1908 Qui
345 1875 437 1903 natus
461 1875 508 1904 est
530 1872 662 1914 infelix]
700 1873 928 1916 Compendio·

219 1920 289 1952 sius
314 1920 467 1954 fabulam
495 1927 614 1955 narrat
644 1924 860 1956 Camerarius
890 1934 925 1966 p.

222 1974 298 2005 162.
344 1973 400 2005 De
416 1972 513 2006 Asini
529 1975 630 2016 pelle.
653 1975 731 2016 Rig.

266 2022 375 2055 Natus
387 2024 517 2065 infelix]
539 2024 595 2056 Sic
617 2033 661 2057 ex
685 2024 833 2057 siderum
859 2024 926 2057 dis-

223 2072 337 2113 positu
353 2073 386 2104 in
414 2074 490 2115 ipsa
511 2074 617 2106 natali
639 2074 736 2114 hora,
763 2078 803 2106 ut
826 2078 925 2115 puta-

219 2122 318 2164 bant,
333 2127 368 2155 et
380 2124 565 2156 tradebant
580 2125 829 2158 Mathematici.
859 2126 925 2158 Pe-

221 2173 375 2206 tronius:
400 2176 475 2206 134.
497 2175 507 2193 ‘
521 2175 625 2207 Hunc
655 2176 924 2218 adolescentem,

222 2232 321 2264 quem
337 2224 444 2265 vides,
456 2225 542 2256 malo
557 2225 630 2257 fato
643 2230 743 2258 natus
757 2226 834 2259 est?
864 2227 925 2259 Se-

220 2282 299 2305 nec.
323 2273 448 2307 Benef.
476 2284 526 2307 lv.
550 2278 582 2307 4.
606 2275 714 2314 Schef.
771 2275 827 2307 Ad
854 2286 924 2320 rem

220 2323 373 2364 pertinet
391 2324 530 2356 Senecae
552 2325 647 2356 locus
671 2325 715 2356 de
738 2325 922 2358 Benefirv.

219 2376 253 2406 4.
269 2376 300 2405 8.
322 2373 332 2391 ‘
345 2374 428 2407 Quis
444 2379 499 2407 est
509 2378 622 2407 autem
638 2379 707 2407 tam
723 2376 836 2417 miser,
851 2380 923 2408 tam

218 2424 410 2465 neglectus,
439 2425 514 2466 quis
537 2429 606 2457 tam
626 2425 711 2457 duro
735 2424 807 2458 fato
827 2430 863 2458 et
886 2427 923 2458 in

217 2485 353 2515 poenam
366 2476 513 2517 genitus,
536 2480 576 2509 ut
590 2486 657 2509 non
674 2479 803 2508 tantam
829 2478 922 2510 Deo-

217 2531 294 2556 rum
326 2525 591 2558 munificentiam
622 2526 801 2558 senserit?
852 2527 922 2559 Ubi

216 2574 352 2615 Lipsius
363 2579 462 2607 notat
477 2576 636 2607 Petronii
652 2575 778 2608 verba:
794 2575 805 2593 ‘
817 2576 920 2609 Hunc

220 2624 488 2666 adolescentem,
504 2635 604 2667 quem
616 2625 724 2667 vides,
738 2626 826 2657 malo
848 2625 920 2658 fato

218 2677 319 2706 natus
332 2673 407 2707 est-⁵
432 2676 579 2709 Freinsh.
635 2676 714 2709 vid.
725 2675 841 2718 Ampl.
853 2677 919 2709 Cu-

219 2733 295 2765 per.
312 2723 397 2757 Obs.
412 2734 452 2757 11.
469 2728 520 2758 17.
544 2727 604 2759 sed
630 2727 664 2759 in
687 2727 850 2759 Petronio
865 2732 919 2760 est

217 2775 297 2805 malo
313 2779 398 2806 astro
414 2780 515 2808 natus
532 2781 597 2810 est.

254 2826 280 2855 -2
306 2825 456 2867 Tristem]
481 2826 633 2870 Propter
649 2827 758 2861 varias
782 2828 917 2862 calami·

986 718 1088 756 tates,
1103 713 1317 755 laboriosam,
1329 723 1559 750 aerumuosam.
1573 704 1683 758 Sobel,

1028 766 1109 797 Post
1122 766 1240 798 obitum
1252 765 1382 807 quoque]
1419 765 1498 798 Nou
1513 762 1683 807 e'st'yu'lpn

986 815 1085 857 digua
1113 815 1332 857 Philosopho.
1385 815 1435 848 Ut
1459 814 1540 858 qnid
1567 815 1684 850 onium?

984 868 1113 900 Saevias
1139 872 1301 910 quantum
1328 867 1430 900 libet*
1451 867 1487 900 in
1511 867 1684 901 demortui

983 918 1140 960 cadaver,
1153 919 1217 950 hoc
1238 918 1322 950 nihil
1337 918 1380 950 ad
1397 928 1434 951 se
1448 918 1684 960 pertinere-su„-

983 969 1078 1011 piens
1095 970 1243 1011 putabit,
1256 973 1390 1002 tantum
1403 969 1516 1012 ahest,
1529 974 1572 1002 ut
1582 969 1683 1003 mise·

983 1018 1067 1050 riam
1092 1019 1127 1050 in
1154 1028 1194 1051 eo
1221 1019 1335 1061 aliquo
1348 1019 1505 1052 collocet.
1539 1018 1683 1053 Errasti

981 1068 1113 1111 itaque,
1138 1068 1298 1101 Phaedre.
1334 1069 1458 1101 Mem-s.
1501 1068 1682 1103 Immerito

981 1118 1126 1152 fortasse
1156 1119 1340 1152 Phaedrum
1365 1119 1490 1152 iterum
1518 1119 1682 1162 pervellit

982 1171 1164 1203 Meursius.
1208 1171 1361 1203 Primum
1377 1171 1467 1206 enim
1481 1173 1603 1212 captat
1618 1170 1681 1211 pu*-

980 1222 1070 1253 seriae
1086 1231 1216 1262 vocem,
1243 1231 1310 1263 qua
1334 1221 1393 1253 ille
1408 1221 1681 1263 utitur-popula-

980 1272 1078 1313 riter,
1089 1277 1125 1304 et
1140 1272 1296 1313 exemplo
1311 1271 1454 1304 aliorum
1469 1271 1655 1304 Poetarum
1668 1281 1679 1303 τ

980 1321 1170 1363 cujusmodi
1197 1321 1372 1354 licentiam
1405 1320 1450 1353 ne
1468 1320 1680 1363 'Philosophi

979 1371 1114 1413 quidem
1128 1381 1261 1413 semper
1271 1372 1532 1413 adspernantur.
1541 1371 1680 1404 Deinde

977 1421 1095 1454 Stoice
1124 1422 1250 1463 plane:
1271 1421 1446 1464 ‘Saevias‚'
1468 1421 1530 1464 ait,
1552 1422 1680 1465 ‘qnan-

978 1476 1051 1505 tum
1066 1472 1163 1514 libet,
1179 1472 1214 1504 in
1230 1471 1401 1504 demortui
1426 1471 1586 1513 cadaver,
1599 1472 1689 1505 -hoc

978 1525 1062 1557 nihil
1074 1525 1118 1557 ad
1132 1526 1170 1557 se
1181 1525 1357 1567 pertinere
1373 1520 1509 1564 sapiens
1519 1520 1680 1564 putabit!

977 1574 1124 1607 Saevitur
1138 1576 1194 1607 vel
1203 1575 1236 1608 in
1249 1577 1457 1607 mortuorum
1471 1571 1680 1615 corpnsyvel

976 1625 1013 1657 in
1049 1625 1186 1659 famam.
1229 1626 1361 1666 Corpus
1396 1623 1452 1656 vel
1483 1622 1680 1656 excluditur

977 1678 1110 1707 tantum
1127 1685 1148 1707 a
1169 1675 1358 1716 sepultura,
1388 1674 1443 1706 vel
1468 1672 1543 1706 aliis
1567 1671 1677 1705 modis

976 1725 1189 1767 inquietatur
1210 1729 1248 1757 et
1270 1728 1422 1757 vexatur.
1465 1723 1592 1756 Omnia
1603 1723 1679 1756 lime

976 1779 1015 1806 ut
1029 1773 1142 1807 facere
1156 1774 1309 1815 impium,
1334 1774 1384 1806 sic
1408 1774 1481 1815 pati
1505 1783 1609 1815 grave
1625 1775 1679 1806 tot

975 1824 1139 1857 bonorum
1155 1834 1257 1857 seusu
1272 1832 1506 1865 consensuque
1521 1822 1676 1864 gentium

974 1874 1141 1907 habetur:
1164 1875 1214 1907 ita
1236 1877 1277 1906 ut
1296 1874 1372 1906 haec
1397 1874 1507 1906 altera
1519 1882 1611 1906 mors
1625 1872 1677 1905 vi·

976 1924 1050 1956 de'ri
1064 1924 1182 1966 possit.
1226 1924 1273 1956 Et
1286 1923 1330 1956 de
1346 1924 1522 1965 sepultura
1535 1923 1674 1966 quidem

975 1976 1112 2007 consule
1126 1974 1309 2016 Augustin.
1322 1975 1362 2007 C.
1376 1975 1424 2008 D.
1439 1983 1464 2007 1.
1480 1977 1534 2008 18.
1570 1973 1673 2008 Grot-

973 2024 1008 2057 J.
1031 2024 1074 2057 B.
1090 2026 1126 2057 'et
1142 2024 1184 2057 P.
1201 2033 1243 2056 11.
1261 2027 1315 2056 18.
1338 2023 1491 2056 Kimhm.
1511 2022 1676 2066 Appends

973 2074 1018 2106 ad
1043 2074 1102 2108 lib.
1131 2075 1175 2107 de
1203 2075 1291 2108 Fun.
1314 2075 1472 2107 Rom-c.
1503 2077 1536 2107 3.
1564 2074 1672 2108 Dion.

975 2125 1130 2159 Gottofr.
1146 2125 1189 2157 ad
1216 2125 1274 2158 lib.
1290 2134 1313 2157 1.
1356 2126 1403 2158 D.
1417 2125 1462 2158 de
1477 2124 1595 2157 cadav.
1620 2134 1673 2158 se·

973 2176 1062 2216 pult.
1107 2175 1239 2210 Quibus
1253 2175 1463 2208 illustrandis
1487 2175 1595 2208 servit
1607 2175 1673 2209 his-

974 2225 1064 2257 toria
1093 2226 1137 2258 de
1163 2226 1319 2259 canicula
1354 2226 1542 2268 Marphisa,
1580 2226 1673 2269 apud

973 2274 1143 2308 Gassend.
1187 2275 1272 2308 Vita
1300 2276 1454 2309 Peiresc.
1477 2276 1538 2308 lib.
1563 2281 1672 2318 unp.

972 2328 1047 2357 188.
1083 2329 1120 2357 et
1143 2325 1286 2358 aliarum
1316 2326 1550 2368 animantium,
1578 2325 1671 2368 apud

971 2376 1123 2410 Kirchm.
1138 2377 1160 2409 l.
1176 2387 1207 2409 c.
1250 2377 1340 2409 Nam
1355 2378 1422 2409 illae
1439 2378 1575 2420 quidem
1595 2386 1672 2410 sen-

971 2427 1103 2468 tentioe,
1132 2437 1210 2470 quae
1241 2431 1454 2460 contemtum
1483 2426 1669 2468 sepulturoe

971 2487 1043 2518 prae
1059 2487 1095 2509 se
1111 2476 1238 2519 ferunt,
1263 2478 1317 2509 vel
1331 2471 1579 2519 imprudentem
1602 2474 1671 2507 fas-

971 2531 1043 2559 tum
1068 2528 1212 2569 spirant,
1239 2528 1294 2559 vel
1322 2530 1402 2558 sunt
1428 2525 1595 2567 figuratae,
1621 2524 1666 2556 ad

969 2577 1192 2609 consolandos
1207 2586 1276 2618 eos,
1294 2576 1351 2618 qui
1366 2575 1493 2617 injuste
1510 2573 1592 2606 talia
1606 2584 1667 2617 pa-

970 2627 1112 2660 tiuntur.
1155 2627 1202 2658 Et
1225 2626 1274 2659 sic
1299 2625 1453 2666 intellige
1481 2623 1664 2666 Augustiu.

968 2679 992 2710 l.
1008 2688 1039 2710 c.
1063 2687 1088 2710 1.
1115 2680 1168 2710 12.
1214 2677 1401 2719 Negligere
1431 2679 1544 2708 autem
1571 2676 1667 2718 quie»

968 2731 1038 2759 tem
1064 2726 1217 2769 corporis
1246 2731 1325 2768 post
1346 2729 1503 2767 mortem,
1531 2726 1617 2758 adeo
1643 2736 1666 2759 a

966 2777 1116 2810 moribus
1127 2781 1335 2819 muratarum
1356 2776 1507 2818 gentium
1519 2776 1665 2809 alienum

967 2831 1030 2870 est,
1044 2831 1081 2861 ut
1092 2827 1235 2861 maxime
1248 2827 1340 2870 pium
1355 2826 1508 2869 credaut,
1522 2825 1664 2868 sepultis
