1806 3236
376 220 578 254 mamm
613 219 725 252 mn.
756 217 1062 251 AEsomARUM
1098 218 1196 250 mn.
1230 216 1307 250 111.
1338 206 1383 248 8.

138 319 223 362 poni
236 317 424 354 asteriscus
437 316 487 350 ibi
498 316 615 350 debet.
651 315 742 349 Nam
755 313 849 358 quod

138 369 324 413 procudit,
354 368 439 401 ‘aut
461 367 536 400 sine
559 366 687 408 causa,'
718 365 851 398 indicat

137 420 340 464 solu-„pm
355 418 481 460 fiunto,
500 418 536 451 in
561 416 737 449 nonnullis
752 416 850 450 libris

135 470 434 512 invenirisrustm,
446 469 552 512 idque
563 468 629 502 hoc
642 466 849 510 significare.

178 573 306 616 saetae]
329 573 439 615 sancit,
462 572 600 616 objicit,
615 571 708 614 quod
732 574 849 614 poste-

135 623 207 669 rius
220 629 368 667 usurpat
381 623 505 666 Virgil.
519 623 554 655 in
565 621 644 655 AEn.
660 630 711 654 vx.
733 621 849 664 Supra

134 679 145 695 ⁴
155 675 288 709 Mittit’
302 674 430 718 posuit.
474 675 535 708 Sic
550 679 667 706 autem
678 673 791 706 solent
804 673 847 705 de

134 725 288 760 canibus.
310 725 406 768 Apul
433 724 529 759 Asin.
551 726 562 743 ‘
575 724 750 758 Intestina
773 724 848 767 qui-

135 776 216 810 dcm
242 776 386 810 canibus
418 775 545 809 nostris
569 775 695 818 jacta!
733 774 845 815 Schef.

134 827 218 862 Vid.
231 827 276 860 ad
291 827 438 860 Petron.
453 836 532 869 cap.
545 829 601 860 64.

178 881 222 912 23
244 878 512 920 Pnlnentoerim]
531 876 714 920 Quidquid
727 877 772 910 ad
789 887 849 920 pa-

134 941 216 965 nem
230 931 346 965 datur.
376 930 466 964 Vide
480 931 672 964 Varronem
688 929 733 963 de
753 930 793 964 L.
809 931 848 964 L.

136 992 189 1016 iv.
217 987 256 1016 et
291 982 471 1025 Guyetnm
497 981 542 1015 ad
577 982 720 1014 Terent.
742 980 846 1015 Adel.

136 1038 208 1068 act.
221 1042 281 1067 m.
293 1043 345 1067 sc.
357 1035 390 1066 ³.
411 1032 522 1073 &1¹42

178 1083 446 1126 Ριὶιιιοιιωνίισιι]
466 1083 559 1116 Plin.
572 1083 632 1116 lib.
645 1092 757 1116 xvm.
769 1093 802 1116 c.
813 1085 846 1117 8.

132 1135 294 1180 Apicius,
309 1137 449 1179 Cepuro
459 1145 492 1169 c.
505 1138 539 1169 2.
551 1134 755 1178 Προσφάγιον
764 1135 846 1169 Vet.

133 1187 247 1222 Gloss-
268 1186 350 1228 mg.

175 1241 218 1272 25
239 1238 325 1281 Aee,
337 1237 462 1281 simtu]
485 1237 598 1271 Faber
617 1246 769 1270 errorem
785 1245 847 1269 no·

132 1292 189 1323 tat
201 1290 239 1323 in
252 1294 375 1332 metro,
385 1294 423 1323 et
437 1289 548 1331 legit:
570 1288 693 1330 Agma·
704 1298 764 1330 qao
776 1287 845 1320 abi-

131 1340 367 1374 κακίω.
388 1339 516 1373 Recte.
558 1339 616 1372 Sic
632 1339 781 1371 ‘Potare
789 1341 845 1371 est

131 1391 267 1424 animus
282 1389 429 1424 nectar!
455 1390 544 1424 Gna.

171 1441 260 1484 Age,
269 1441 300 1475 a·
309 1451 369 1484 qao
382 1444 430 1474 m
443 1440 547 1483 abire]
580 1441 667 1483 Pro,
677 1450 757 1473 num
776 1444 844 1483 est,

213 1493 337 1526 estne?
380 1492 577 1525 Licitumne
592 1492 658 1525 tibi
674 1493 751 1524 est?
774 1492 846 1525 No-

143 1540 145 1543 ’
208 1543 294 1576 alias
308 1542 367 1576 hic
381 1542 496 1577 Faber
511 1552 666 1576 errorem
681 1543 715 1575 in
731 1547 844 1575 metro

133 1593 184 1627 sic
203 1592 485 1627 restituendum:
506 1592 593 1635 Age,
615 1593 646 1625 ai
668 1603 728 1635 quo
755 1593 844 1626 abire

130 1647 177 1677 ed
205 1643 342 1683 animm,
368 1645 423 1686 ξε.
482 1643 570 1677 Cum
599 1654 667 1687 quo
695 1643 781 1677 facit
806 1648 844 1678 et

130 1697 344 1739 Bucinum,
357 1695 458 1738 cnjus
473 1695 753 1729 emendationem
770 1705 843 1729 cer-

130 1753 203 1783 tam
231 1747 426 1792 appellavit
451 1747 719 1790 Freinshemius,
741 1751 780 1781 et
807 1747 844 1781 in

130 1800 245 1844 ipsum
273 1799 410 1842 recepit
439 1802 586 1832 textum.
636 1799 768 1832 'Mallet
796 1800 844 1833 N.

129 1848 296 1885 Heinsius
306 1860 318 1883 ε
335 1849 366 1883 si
375 1860 444 1893 quo
456 1848 526 1883 fert
532 1850 585 1882 ire
596 1850 742 1892 animus,
752 1850 844 1893 quod

127 1902 267 1943 melius,
278 1911 327 1934 ne
345 1900 401 1934 bis
423 1900 517 1934 idem
539 1900 682 1934 verbum
707 1907 845 1944 repeta-

131 1958 203 1987 tur.
245 1952 359 1986 Porro
384 1952 462 1985 haec
477 1957 559 1985 sunt
574 1952 681 1985 verba
704 1954 781 1995 lupi
797 1954 842 1987 ad

130 2013 268 2046 canem,
281 2003 405 2047 quibus
418 2003 515 2037 canis
533 2002 724 2046 respondet
737 2013 840 2037 mox:

1531 206 1619 249 505

904 314 914 332 ‘
926 312 1007 346 Non
1021 314 1125 356 plane
1140 312 1215 346 est!
1259 313 1450 355 Perperam
1472 312 1620 346 Ursinus

904 364 980 398 haec
994 364 1150 398 invertit.
1172 363 1280 404 Schef.
1325 365 1445 407 Lege:
1469 357 1543 406 Age
1557 365 1618 406 ire,

903 426 962 458 quo
982 416 1054 457 fert
1075 417 1213 457 aninum,
1234 419 1282 449 est
1304 414 1458 449 licentia?
1492 416 1619 449 Horat.

904 467 1019 510 Epist.
1036 476 1063 501 ι.
1084 469 1137 500 14.
1162 468 1172 486 ‘
1185 468 1315 500 Tamen
1331 467 1422 500 istuc
1437 476 1535 500 mens
1547 467 1619 500 ani-

902 528 1050 562 musque
1065 519 1164 561 Fert,
1179 523 1216 551 et
1228 522 1322 551 amat
1337 518 1465 561 spaciis
1481 518 1619 551 obstan-

903 569 954 602 tia
982 580 1143 612 rumpere
1167 569 1343 603 claustra?
1387 569 1493 602 Ovid.
1518 570 1620 603 initio

903 621 1049 654 Remed.
1065 621 1185 655 Amor.
1209 624 1218 640 ‘
1232 622 1316 655 Fert
1331 621 1463 655 animus
1477 621 1620 665 propius

902 672 1115 705 consistere!
1139 672 1256 706 Heius.

946 726 991 756 26
1016 723 1135 757 Fruere
1157 724 1244 766 quoe]
1289 724 1374 766 Pro,
1403 724 1534 757 Fruere
1562 724 1619 767 iis,

903 784 996 818 qnae.
1039 774 1130 808 Suut
1156 779 1272 808 autem
1296 775 1372 808 haec
1396 776 1471 818 lupi
1497 775 1621 817 verba,

903 825 1142 868 permittentis
1157 826 1208 867 id,
1233 826 1327 869 quod
1343 826 1418 869 ipse
1441 836 1509 859 non
1526 826 1619 859 desi-

904 878 1064 912 derabat.
1117 879 1175 911 Ita
1190 879 1304 911 solent
1320 878 1450 912 Latini.
1485 879 1619 913 Seneca

902 929 947 961 de
963 929 1022 962 Ira
1037 938 1095 962 ιιι.
1111 939 1143 962 c.
1159 932 1193 962 2.
1213 931 1223 948 ‘
1234 930 1381 963 Paranti
1404 930 1543 964 demum
1558 941 1619 963 ex-

901 980 1114 1013 cusationem
1127 981 1277 1022 obstitit,
1288 986 1326 1014 et
1339 982 1482 1023 Fruere,
1492 982 1619 1026 inquit,

901 1032 950 1064 mi
980 1032 1106 1074 Pollio,
1133 1031 1275 1065 fruere!
1312 1033 1419 1072 Schef.
1462 1033 1618 1067 Similem

901 1082 1037 1124 ellipsin
1051 1083 1198 1116 vidimus
1213 1084 1280 1116 hoc
1293 1084 1382 1117 libro
1397 1083 1467 1118 fab.
1481 1088 1514 1118 2.

943 1135 987 1165 27
1012 1133 1162 1174 Regnare
1190 1134 1276 1176 nolo]
1331 1135 1437 1168 Forte
1476 1137 1618 1170 Phaedri

899 1183 1013 1216 locum
1041 1184 1076 1216 in
1103 1185 1217 1217 animo
1244 1185 1367 1219 habuit
1396 1187 1543 1230 Seneca,
1573 1189 1618 1222 de

901 1233 1025 1267 Benef.
1038 1234 1099 1267 lib.
1114 1244 1173 1268 111.
1186 1246 1263 1279 cap.
1275 1240 1330 1270 37.
1355 1237 1366 1256 ‘
1379 1238 1460 1271 Hoc
1470 1244 1524 1272 est
1539 1249 1618 1282 reg-

898 1296 993 1329 num,
1007 1287 1100 1320 nolle
1113 1298 1274 1330 regnare,
1286 1299 1366 1322 cum
1382 1291 1520 1333 possis.'
1544 1293 1617 1326 Ubi

899 1337 1071 1372 Gruterus
1092 1344 1216 1373 contra
1238 1341 1324 1373 Mss.
1350 1351 1471 1375 omnes
1498 1343 1617 1387 legen-

898 1389 979 1423 dum
1008 1395 1133 1432 putat;
1168 1392 1242 1424 Hoc
1270 1396 1319 1425 ese
1346 1394 1492 1435 reginam
1523 1395 1616 1438 quod

897 1451 967 1474 non
984 1442 1106 1484 probo.
1150 1443 1269 1476 Valet.
1286 1443 1384 1476 Max.
1401 1445 1461 1478 lib.
1479 1454 1523 1478 11.
1536 1456 1567 1479 c.
1582 1450 1616 1480 6.

895 1492 907 1511 ‘
920 1492 990 1525 Abi
1005 1493 1112 1537 igitur
1131 1499 1168 1528 et
1190 1500 1268 1528 esto
1283 1505 1415 1539 servus,
1431 1498 1513 1540 quia
1526 1498 1618 1531 liber

898 1552 974 1576 esse
991 1544 1158 1577 nescisti:
1185 1546 1271 1579 (ἕνα.

947 1596 993 1628 Ut
1007 1606 1069 1629 non
1090 1596 1166 1639 sim]
1198 1598 1279 1630 Hac
1308 1599 1387 1641 lege
1403 1609 1445 1633 ac
1468 1600 1616 1634 conditi-

897 1655 977 1688 one,
993 1651 1034 1679 ut
1049 1657 1117 1680 non
1132 1648 1207 1681 sim.
1232 1648 1323 1681 Illud
1338 1649 1418 1682 mihi
1434 1650 1615 1693 eleganter

898 1697 1067 1740 abundat,
1087 1699 1191 1732 modo
1207 1700 1301 1742 apud
1317 1701 1466 1743 optimos
1482 1703 1616 1737 Latini-

898 1751 985 1784 tatis
997 1755 1160 1784 auctores
1169 1757 1350 1786 consueto.
1374 1753 1498 1787 Cicero
1507 1757 1613 1790 Verr.

898 1810 966 1834 vu.
981 1802 992 1821 ‘
1003 1802 1119 1836 Statui
1134 1809 1276 1846 egomet
1290 1805 1370 1838 mihi
1386 1810 1457 1838 tum
1470 1808 1612 1841 modum

898 1855 1050 1887 orationi
1070 1855 1184 1889 meael
1213 1857 1256 1889 V.
1271 1856 1335 1891 inf.
1352 1866 1390 1890 ν.
1403 1867 1435 1890 c.
1448 1862 1481 1891 6.
1504 1858 1613 1900 Schef.

897 1904 1072 1939 Diffundit
1106 1906 1195 1947 haec,
1232 1908 1422 1942 coarctatis
1458 1909 1613 1956 reliquis,

895 1955 1013 1990 Anon-
1025 1956 1051 1990 f.
1066 1959 1122 1990 54.
1145 1958 1284 1992 Prason.

646 2223 906 2268 FABULA
952 2225 1095 2271 VIII.

173 2374 192 2404 1
208 2371 391 2414 Prcecepto]
412 2371 575 2404 Mallem:
596 2371 764 2412 Proecepto
772 2371 839 2404 hoc.

127 2422 323 2466 scripserat
338 2422 521 2465 Phaedrus,
534 2423 670 2465 opinor,
694 2423 840 2464 Proecep·

127 2477 197 2507 loe.-
223 2479 263 2507 ut
290 2474 385 2517 apud
410 2475 551 2507 Terent.
575 2472 678 2506 Adel.
704 2473 787 2507 Act.
812 2483 838 2508 1.

129 2533 178 2558 sc.
193 2527 226 2558 8.
248 2527 259 2544 ‘
274 2525 428 2558 Nimium
453 2524 569 2557 isthoc
584 2523 709 2558 abisti.'
732 2524 840 2564 Schef.

113 2612 115 2614 v
170 2571 335 2617 Soepe‘te]
359 2574 528 2617 Respicit,
551 2574 644 2617 quod
670 2575 840 2618 sequitur,

127 2625 139 2644 ‘
156 2625 296 2660 cotidie
311 2626 454 2668 speculo
470 2635 529 2658 vos
542 2625 595 2658 nti
606 2625 709 2659 volo.’
733 2625 839 2666 schef.

128 2675 223 2718 Lege
236 2676 305 2718 ipse
319 2679 361 2710 te.
386 2676 509 2709 Heius.

173 2727 360 2770 Considera]
373 2728 521 2771 Proprie
533 2732 691 2771 usurpat,
700 2729 745 2762 de
756 2739 836 2763 con-

128 2777 366 2821 templatione,
391 2790 468 2823 quae
484 2779 526 2813 fit
539 2780 675 2814 oculis:
699 2780 836 2814 intuere

129 2831 178 2870 te,
189 2828 323 2871 inspice
339 2833 385 2863 te.
408 2830 623 2865 Beseloedich.
667 2831 727 2865 Sic
741 2841 836 2865 usur-

894 2371 992 2414 pavit
1017 2372 1062 2405 B.
1085 2370 1287 2405 Ambrosius
1312 2371 1383 2406 Off.
1409 2372 1469 2406 lib.
1486 2383 1511 2407 1.
1526 2378 1606 2418 0.,4.

893 2425 903 2442 ‘
916 2423 1012 2465 Ergo
1033 2422 1091 2466 qui
1116 2423 1289 2465 plantavit
1311 2433 1440 2465 aurem,
1463 2434 1533 2457 non
1549 2435 1608 2458 au·

892 2473 968 2506 dit?
992 2473 1051 2516 qui
1065 2473 1167 2506 finxit
1179 2474 1328 2514 oculum,
1341 2484 1410 2506 non
1422 2474 1529 2515 videt,
1537 2485 1607 2509 non

892 2524 1129 2557 considerat?’
1187 2525 1333 2557 Frustra
1371 2525 1536 2558 Barthius
1570 2526 1608 2560 in

891 2575 982 2609 Adv.
999 2576 1166 2609 sollicitat
1179 2576 1270 2608 hunc
1285 2576 1410 2610 locum.
1454 2576 1546 2609 Nam
1570 2583 1608 2611 et

890 2627 1014 2660 Festus
1029 2627 1132 2660 Pauli
1149 2628 1192 2660 ob
1207 2628 1295 2660 hauc
1310 2637 1469 2660 causam}
1492 2627 1503 2646 ¹
1515 2628 1607 2662 Con·

891 2678 1043 2711 siderare
1057 2689 1078 2711 a
1089 2678 1381 2720 contemplatione
1394 2678 1545 2711 siderum
1557 2680 1606 2712 vi-

891 2728 995 2762 detur
1007 2729 1200 2772 appellari?
1223 2729 1330 2770 Schef.
1374 2729 1457 2763 vid.
1479 2730 1522 2763 ad
1538 2731 1605 2765 Pe·

891 2783 984 2814 tron.
997 2790 1077 2823 cap.
1095 2783 1147 2813 12.

934 2834 957 2864 2
981 2831 1102 2865 Filiam
1114 2830 1347 2873 turpissimam]
1366 2831 1553 2876 Tundendo,
1563 2837 1604 2867 ut
