1806 3236
210 227 299 272 278

472 238 733 271 APPENDlx
767 237 1080 272 FABULARUM
1113 238 1429 273 AESOHARUM.

212 334 403 379 Matrem
420 335 624 390 rogabat,
645 338 800 376 sancta
818 333 1065 378 circumiret
1083 335 1201 388 loca,

212 402 273 445 Et
291 415 375 458 pro
396 402 538 445 salute
560 406 664 444 vota
687 401 855 443 faceret
873 402 1085 446 maxima.

213 470 413 522 Faciam,
431 471 586 525 inquit,
608 470 699 523 fili;
731 470 826 521 sed,
853 484 982 525 opem
1009 484 1064 512 ne
1082 483 1169 514 non
1186 471 1427 527 impetrem,
1646 473 1678 515 5

211 538 508 581 Vehementer
527 552 705 593 vereor;
737 539 817 582 sed
840 540 916 595 qui
938 539 1121 582 delubra
1142 540 1291 582 omnia

211 606 461 659 Vastando,
485 611 641 651 cuncta
659 608 860 663 polluisti
882 607 1058 659 altaria,

211 674 456 719 Sacrificiis
477 676 615 719 nullis
634 689 843 733 parcens,
863 689 984 719 nunc
1003 675 1114 731 quid
1133 674 1203 718 vi's
1223 656 1402 730 rogem?

872 794 1016 829 NOTAE

207 892 254 915 nu
283 881 473 923 aberrasse,
505 882 588 915 licet
613 881 731 915 multae
755 891 857 915 voces
879 885 916 914 et

206 934 400 967 locutiones
423 933 493 966 sint
518 939 677 966 servatae.
723 933 915 975 Interpola-

210 988 302 1018 tores
316 984 366 1016 illi
381 983 484 1026 enim,
494 993 576 1026 quos
591 988 729 1017 secutus
744 983 824 1025 fuit,
840 994 916 1017 ver·

208 1033 361 1068 bosiores
369 1034 532 1072 Phaedro,
544 1035 602 1076 qui
612 1034 819 1067 brevitatem
831 1044 916 1067 sem·

208 1095 272 1128 per
281 1086 410 1128 jactat,
427 1085 587 1118 extitere.
627 1086 722 1127 Lege
738 1096 816 1128 quae
827 1086 914 1119 lianc

207 1137 247 1169 iu
271 1146 344 1169 rem
369 1136 490 1169 scribit
517 1136 553 1168 in
584 1134 688 1169 Praef.
715 1135 808 1169 Edit.
836 1145 915 1170 ann.

208 1190 306 1220 1718.
354 1186 539 1229 Appendix
565 1187 632 1219 ista
656 1187 817 1220 Gudiana
831 1188 916 1220 mul-

209 1242 313 1281 toque
328 1238 434 1280 magis
450 1237 704 1271 Burmanniana
718 1238 775 1270 vix
797 1239 915 1280 ullam,

209 1300 287 1332 quae
314 1289 464 1322 Phaedro
491 1288 595 1331 digna
618 1290 675 1332 sit,
700 1289 915 1322 Desbillonio

206 1340 283 1372 visa
298 1344 353 1373 est
366 1339 516 1372 fabulam
532 1341 724 1380 continere,
746 1341 782 1372 in
806 1339 914 1373 Praef.

207 1390 308 1433 Disp.
326 1400 385 1424 ιιι.
412 1401 445 1433 p.
462 1399 594 1424 xxvur.
639 1391 708 1424 Sed
729 1391 879 1434 quinque
895 1401 915 1423 e

208 1442 295 1475 cod.
307 1442 448 1475 Divion.
469 1442 654 1483 descriptae
680 1441 808 1474 fabulae
826 1442 915 1474 haud

208 1493 354 1525 Phaedro
377 1494 476 1535 plane.
504 1493 654 1534 indignae
681 1493 842 1525 videntur
855 1493 914 1525 Bi-

206 1544 359 1586 pontinis
396 1543 607 1584 Editoribus,
653 1553 797 1586 quorum
834 1543 913 1577 vide

208 1593 297 1627 Not.
314 1594 421 1627 Liter.
433 1593 477 1625 de
489 1594 639 1626 Phaedro
652 1604 686 1636 p.
699 1593 855 1637 'xxv11.']

252 1644 342 1678 Haec
367 1644 484 1677 fabula
503 1654 558 1687 ap.
577 1645 760 1677 Rimicium
775 1646 799 1677 l.
815 1655 841 1679 1.
858 1649 911 1679 19.

203 1695 340 1737 legitur.
361 1697 476 1729 Burm.
520 1696 626 1738 Apud
652 1697 832 1729 Romulum
852 1697 913 1729 Di-

207 1746 297 1780 vion.
322 1752 360 1779 et
384 1747 539 1780 Ulmens.
565 1750 618 1780 est
640 1747 701 1779 lib.
719 1755 744 1779 1.
771 1746 842 1780 fab.
859 1749 913 1780 18.

206 1796 348 1830 Schwab.

250 1848 376 1880 2AEsse
389 1847 465 1880 υἱέα
487 1857 574 1890 spem
599 1847 679 1889 σιω]
722 1848 829 1889 Lege,
851 1858 915 1882 esse

207 1899 284 1932 υἱέα
294 1909 378 1940 spem
392 1907 496 1940 super.
521 1898 644 1939 Virgil.
657 1900 667 1917 ‘
686 1898 768 1930 dum
778 1899 850 1931 vita
862 1909 915 1931 su-

206 1950 342 1994 persit!
385 1950 530 1983 Plautus
543 1950 645 1982 etiam
658 1950 837 1991 eleganter
851 1960 916 1993 per

206 2002 332 2035 tmesin
359 2005 520 2042 separat:
544 2001 554 2020 ‘
571 2001 600 2033 si
626 2000 709 2044 quid
733 2010 838 2044 super
863 2001 915 2034 illi

207 2052 338 2085 fuerit!
362 2051 449 2084 (ἔται.

251 2106 272 2136 3
295 2102 416 2135 Sancta
438 2103 619 2136 circumiret
641 2101 723 2144 loca]
766 2102 824 2135 Sic
846 2102 914 2136 Ms.

207 2156 327 2190 Sancta
349 2157 417 2189 loca
445 2156 537 2198 apud
566 2155 739 2189 Auctores
763 2156 914 2202 nondum

207 2208 336 2250 reperi.
395 2207 503 2240 Forte
533 2206 675 2248 scripsit
702 2217 803 2240 sacra.
857 2208 915 2241 Sic

208 2259 302 2302 apud
319 2259 534 2300 Ciceronem,
555 2259 566 2277 ⁴
583 2259 679 2291 locus
695 2268 792 2292 sacer
804 2258 826 2292 ε’
854 2269 915 2302 op-

208 2310 342 2353 positus
364 2309 518 2352 profano.
568 2309 691 2352 Virgil.
714 2309 838 2342 ‘lucus
863 2320 916 2343 sa-

209 2359 291 2403 cer,’
313 2363 351 2393 et
373 2360 383 2379 ‘
398 2370 468 2392 arae
494 2360 627 2393 sacrae!
682 2360 814 2393 Tamen
834 2361 914 2393 Vir-

208 2412 267 2454 gil.
283 2412 387 2445 etiam
403 2412 413 2430 ‘
427 2410 555 2444 flumen
568 2413 745 2452 sanctum,’
760 2416 797 2443 et
820 2412 829 2429 ‘
843 2411 916 2444 Nu-

209 2462 304 2494 mina
331 2461 474 2495 sancta!
533 2461 638 2494 Ovid.
671 2462 681 2480 ‘
699 2461 748 2494 Di
777 2461 915 2495 sancti!

209 2511 365 2545 Martini.
400 2512 411 2531 ‘
428 2511 520 2544 Aula
547 2510 721 2545 sanctior!
775 2511 914 2544 Luci-et.

210 2563 221 2583 ‘
238 2562 367 2598 Sancta
379 2564 495 2597 Deum
507 2562 689 2597 delubra.'=
706 2563 815 2596 Recte
831 2571 914 2604 ergo

969 890 1007 914 se
1030 880 1136 914 habet
1157 880 1266 915 locus.
1307 881 1396 915 Gna.
1439 881 1487 916 Et
1502 880 1532 919 si
1544 886 1679 924 amota

969 934 1130 967 dicantur
1145 934 1275 976 templa
1290 937 1327 966 et
1341 930 1409 967 alia
1430 926 1530 975 locs,
1542 937 1678 976 augium

968 996 1051 1018 vero
1067 985 1157 1018 idem
1183 990 1294 1027 notet,
1321 985 1413 1027 quod
1437 988 1561 1026 sanata,
1586 987 1677 1019 tute

969 1036 1073 1069 Ovid.
1113 1037 1204 1068 Fast.
1236 1046 1262 1069 1.
1291 1038 1367 1068 609.
1403 1035 1520 1079 quidni
1555 1034 1678 1068 liceret

967 1087 1075 1119 sancia
1089 1087 1155 1119 loca
1171 1086 1314 1119 dicere?

1015 1136 1221 1178 Circumiret]
1258 1137 1308 1169 Ut
1322 1137 1356 1169 in
1372 1136 1536 1179 periculis
1549 1137 1677 1170 consti-

969 1187 1037 1220 tuti
1063 1187 1220 1220 solebant
1249 1187 1354 1220 etiam
1381 1187 1595 1229 privatorum
1617 1186 1677 1220 do-

969 1248 1042 1271 mos
1068 1239 1262 1272 circumire.
1303 1239 1388 1271 Tac.
1405 1238 1531 1272 Annnl.
1558 1239 1618 1272 lib.
1633 1248 1674 1273 11.

967 1290 978 1308 ‘
993 1290 1080 1322 Libo
1097 1294 1191 1322 veste
1206 1293 1339 1322 mutata
1363 1299 1441 1323 eum
1465 1289 1675 1332 primoribus

968 1340 1115 1374 foeminis
1131 1341 1313 1373 circumire
1335 1340 1464 1382 domos,
1487 1350 1586 1374 orare
1603 1339 1674 1374 affi-

968 1403 1042 1432 nes,
1073 1402 1193 1426 vocem
1222 1393 1387 1426 adversus
1414 1393 1572 1436 pericula
1596 1402 1675 1435 pos·

970 1443 1072 1477 cere!
1099 1444 1184 1477 (ἕνα.

1009 1498 1031 1527 4
1055 1495 1101 1527 Et
1112 1505 1172 1537 pro
1186 1494 1299 1537 salute]
1325 1495 1443 1537 Lege:
1467 1494 1606 1537 Eiusque
1616 1503 1675 1536 pro

966 1545 1068 1578 salute
1087 1548 1159 1577 vota
1183 1548 1332 1577 necteret.
1387 1544 1528 1579 Lucret.
1549 1544 1675 1578 ‘votis

966 1601 1049 1629 vota
1064 1599 1205 1628 nectere
1213 1595 1234 1628 .'
1258 1595 1346 1628 Gud.

1009 1649 1031 1679 7
1058 1646 1229 1687 meidii,
1243 1638 1370 1687 cuncta]
1391 1644 1508 1688 Lege:
1535 1640 1686 1690 Vestam!

965 1699 1051 1731 culta
1073 1698 1216 1739 poclum
1238 1698 1366 1730 altaria.
1418 1696 1476 1729 Sic
1497 1695 1676 1729 claudian.

966 1749 980 1768 ⁴
994 1749 1097 1781 Culta
1113 1747 1259 1788 altaria,'
1281 1746 1372 1780 forte
1394 1745 1579 1780 Phaedrum
1599 1746 1676 1779 imi-

967 1802 1072 1832 tatus⁴
1096 1798 1184 1831 Gud.

1012 1853 1034 1882 8
1066 1850 1160 1882 Nunc
1183 1849 1259 1891 quid
1288 1848 1337 1881 vis
1368 1847 1491 1891 rogem]
1533 1848 1677 1892 Scilicet

968 1900 1032 1933 hoc
1056 1900 1168 1942 ipsum
1195 1900 1271 1932 vult
1297 1904 1410 1932 mater
1429 1900 1562 1940 dicere,
1582 1899 1675 1944 quod

969 1951 1059 1985 Cato
1085 1950 1178 1993 apud
1205 1950 1379 1983 Nonium:
1404 1951 1415 1969 ‘
1431 1950 1571 1983 Nullam
1596 1960 1676 1993 pro·

968 2001 1063 2035 fecto
1090 1998 1222 2035 accessi
1251 2002 1295 2034 ad
1325 2008 1430 2044 aram,
1458 2002 1540 2046 quin
1564 2003 1676 2046 Deos,

970 2048 1162 2096 suppliciis,
1176 2057 1303 2094 sumtu,
1313 2053 1415 2092 votis,
1439 2048 1552 2094 donis,
1565 2054 1677 2096 preci-

968 2103 1044 2145 bus,
1072 2103 1211 2146 ploratu
1238 2103 1423 2136 obsecrans
1447 2103 1676 2148 nequicquam

967 2152 1174 2197 fatigarem.’
1224 2154 1375 2196 Egregie
1390 2152 1477 2187 Cato
1495 2153 1586 2197 opud
1601 2154 1678 2189 stl-

967 2206 1049 2238 lust.
1075 2205 1155 2238 Cat.
1181 2215 1212 2238 c.
1227 2207 1282 2238 52.
1305 2205 1315 2223 ‘
1333 2204 1414 2237 Non
1440 2205 1543 2246 votis,
1564 2214 1675 2250 neque

968 2256 1146 2299 suppliciis
1160 2256 1357 2289 mulieribus
1377 2257 1504 2291 auxilia
1517 2257 1673 2293 Deorum

968 2311 1157 2351 parantur3
1193 2307 1381 2350 vigilando,
1409 2307 1498 2341 bene
1526 2307 1675 2352 agendo,

969 2358 1057 2391 bene
1071 2358 1293 2400 consulendo,
1307 2367 1472 2401 prospere
1487 2359 1602 2392 omnia
1615 2368 1673 2392 ce·

968 2409 1076 2441 dunt:
1099 2408 1159 2441 ubi
1173 2408 1341 2442 socordiae
1357 2413 1431 2441 tete
1455 2413 1559 2451 atque
1579 2409 1676 2452 igna-

969 2460 1033 2493 viae
1049 2459 1244 2501 tradideris,
1256 2460 1482 2503 nequicquam
1503 2460 1597 2494 Deos
1610 2460 1672 2494 im-

967 2509 1103 2552 plores:
1127 2509 1206 2543 irati
1221 2507 1406 2552 infestique
1422 2512 1522 2547 sunt,’
1546 2509 1632 2544 Gna.
