1806 3236
223 188 309 233 110
509 200 712 234 PHAEDRI
745 199 1060 233 FABULARUM
1092 200 1396 236 AESOPIARUM

224 294 403 347 Ament,
426 300 640 348 amentur,
659 309 817 351 nempe
837 297 1052 352 exemplis
1072 297 1303 342 discimus.

282 363 448 406 AEtatis
467 364 624 406 mediae
646 364 867 418 quendam
884 365 1042 407 mulier
1061 378 1150 408 non
1169 366 1295 409 rudis

224 431 441 483 Tenebat,
464 445 605 475 annos
633 433 780 477 celans
800 433 1044 488 elegantia:

225 497 503 556 Animosque
523 500 723 556 eJ'usdem
742 502 928 557 pulchra
941 502 1117 558 juvenis
1137 506 1326 559 ceperat.
1618 528 1619 531 =
1657 503 1689 548 6

224 636 423 694 emengsive
437 655 579 685 amentur
595 652 639 685 ab
653 653 725 687 illo.
771 654 937 689 Quaedam
945 656 1080 697 foemina
1099 657 1213 691 callida
1229 658 1443 691 dissimulabat
1459 658 1690 692 menidam

224 696 352 728 homini
363 699 520 737 provectoe
533 697 651 739 «etatis,
673 701 783 739 tegens
804 699 880 732 illos
903 701 1039 741 eleganti
1053 701 1160 733 cultu.
1206 701 1299 734 Illius
1319 702 1415 734 etiam
1426 702 1548 754 minius
1569 701 1689 736 detine-

225 858 448 892 mentionem.
493 859 619 892 Placet
633 863 749 893 tamen
763 861 962 894 Burmanno
977 862 1160 903 exspoliari,
1185 872 1260 894 cum
1276 861 1342 894 hoc
1357 861 1500 894 verbum·
1513 857 1694 896 meretrici·

226 902 338 943 aptius
361 902 566 943 conveniat;
590 904 640 935 ait
655 905 746 936 enim
762 914 849 945 esse,
868 905 916 937 ita
932 906 1092 947 spoliare,
1107 911 1145 937 ut
1161 905 1242 937 nihil
1259 904 1331 937 fere
1354 905 1475 948 reliqui
1491 905 1558 945 sit;
1581 908 1619 939 et
1640 905 1691 938 ita

190 961 192 963 >
226 944 410 977 convenire
426 944 485 977 fini
500 944 641 987 fabulae,
657 957 732 988 quae
749 946 905 980 funditus
922 949 1055 981 evulsos
1068 949 1210 990 capillos
1226 951 1420 981 narrem—2
1447 948 1608 990 Exemplis
1625 948 1689 982 dis-

224 988 333 1021 cimus.
355 988 504 1021 Bentlei.
519 990 659 1031 exemplo
681 990 738 1022 hoo
749 990 894 1023 discimus
902 1002 914 1029 ,·
938 1001 1005 1034 qua
1028 991 1177 1024 lectione
1199 992 1292 1034 perit
1307 991 1478 1033 elegantia
1493 989 1692 1034 Pliadum—

225 1031 255 1063 3.
272 1033 294 1063 4
319 1031 494 1067 Quendam.
517 1033 574 1065 Sic
591 1038 687 1065 recte
712 1033 836 1071 legitur
861 1043 904 1065 ex
925 1034 1011 1067 Cod.
1036 1035 1133 1067 Rem.
1158 1035 1192 1066 in
1208 1044 1276 1077 quo
1301 1040 1375 1066 erat
1398 1035 1541 1076 quedam,
1562 1034 1694 1068 lincoln

224 1083 328 1116 supra
343 1084 360 1107 e
375 1075 527 1116 adjecta.
557 1076 601 1108 V.
619 1075 711 1109 Gud.
735 1077 805 1109 Ms.
822 1077 917 1109 Pith.
933 1079 1089 1119 quedam,
1104 1078 1208 1120 quod,
1220 1078 1298 1120 quia
1319 1086 1438 1110 sensns
1446 1077 1496 1110 sic
1511 1081 1604 1110 esset
1615 1083 1694 1111 m·-

225 1118 321 1159 tilus,
340 1118 506 1159 Rigaltius
521 1124 664 1161 propter
678 1129 824 1162 sequens
839 1121 966 1161 tegebat
981 1121 1126 1154 mutavit
1141 1121 1175 1153 in
1191 1122 1327 1163 cuidam,
1341 1121 1406 1153 hoe
1422 1129 1523 1153 sensu
1533 1130 1544 1152 ι
1565 1120 1691 1155 mutiet·

224 1170 294 1193 non
309 1160 403 1193 rudis
426 1162 568 1203 tegebat
583 1162 718 1195 cuidam
741 1163 862 1196 mediae
884 1164 998 1196 aetatis
1024 1174 1144 1197 annos.
1189 1164 1258 1196 Sed
1282 1171 1354 1196 non·
1377 1164 1504 1206 probat
1519 1162 1694 1207 Guyetus,

225 1203 472 1237 verbaAE'eatis
487 1205 596 1237 medice
619 1204 744 1238 referri
772 1206 816 1238 ad
841 1207 987 1246 cuidem,-
1010 1207 1112 1240 immo
1139 1216 1220 1240 vero
1245 1207 1358 1239 locum
1382 1208 1448 1240 hoc
1469 1205 1591 1239 ordine
1615 1207 1692 1239 vult

224 1247 312 1289 legi:
337 1248 462 1280 AEtatis
477 1248 601 1280 mediae
625 1249 749 1281 mulier
773 1259 840 1282 non
865 1250 960 1282 rudis
986 1251 1130 1292 tegebat
1156 1260 1260 1283 annos
1286 1250 1431 1282 cuidam.
1477 1249 1689 1292 Perpernam

225 1300 302 1322 cum
316 1291 439 1323 mulier
454 1301 500 1324 vs.
517 1294 570 1323 10.
586 1292 596 1310 ‘
614 1292 708 1324 anus'
726 1292 872 1325 dicatur.
907 1293 1029 1325 cuidam
1041 1294 1165 1334 tegebat
1179 1293 1362 1326 ediderunt
1379 1292 1579 1333 Neveletus,
1592 1292 1691 1325 Ursi·

225 1343 301 1374 nus,
316 1334 437 1366 Faber.
466 1335 614 1367 Tenebat.
659 1335 700 1368 In
722 1336 807 1368 Mss.
832 1336 927 1369 Pith.
946 1336 1046 1370 Rem.
1061 1342 1098 1369 et
1112 1337 1178 1370 Ed.
1192 1338 1274 1370 Vet.
1292 1337 1419 1378 legitur
1433 1335 1584 1376 regebat,
1597 1335 1692 1378 qnod

225 1375 384 1409 defendit
409 1377 562 1417 Tollius;
596 1378 655 1410 sed
673 1383 815 1420 propter
829 1389 975 1422 sequens
998 1380 1098 1412 celans
1119 1379 1202 1412 ferri
1224 1389 1294 1412 non
1318 1383 1447 1420 potest.
1492 1378 1690 1419 Legendum

228 1420 379 1461 Tenebat,
393 1430 412 1451 e
426 1420 618 1452 certissima
632 1421 790 1454 Praschii
807 1423 1024 1464 conjectura,
1037 1433 1058 1455 a
1081 1421 1199 1455 Gudio
1214 1428 1251 1454 et
1266 1423 1462 1454 Burmanno
1477 1421 1638 1464 probata,
1653 1425 1691 1454 et

225 1461 351 1495 deinde
368 1467 421 1495 tot
434 1464 583 1495 virorum
598 1464 870 1497 doctissimorum
886 1464 1057 1508 suffragiis
1071 1465 1284 1498 confirmata.
1321 1466 1374 1497 Ex
1387 1474 1454 1507 quo
1469 1464 1689 1510 intelligitur,

226 1505 284 1538 vix
300 1515 386 1548 opus
402 1514 476 1538 esse
492 1507 731 1540 emendatione
756 1508 883 1549 Cuperi
900 1507 985 1541 Obs.
1010 1518 1051 1541 11.
1068 1511 1212 1550 cap.·20.
1246 1507 1368 1540 AEtat‘is
1380 1507 1559 1540 chmdam
1577 1505 1691 1540 muer

225 1558 287 1581 non
309 1549 398 1582 rudis
412 1549 570 1590 negant,
586 1561 616 1582 a.
638 1562 667 1583 c.
691 1561 718 1584 e.
736 1555 776 1583 ut
789 1552 902 1592 degere
916 1551 1012 1584 alicui
1035 1552 1092 1592 sit,
1109 1553 1144 1584 in
1160 1551 1303 1593 alicujus
1318 1551 1542 1594 obsequium
1563 1548 1610 1583 de
1622 1560 1694 1594 qna

226 1592 399 1624 locutione
412 1593 516 1624 docte
530 1593 685 1634 disputat
701 1595 869 1636 Cuperus.
905 1593 1099 1627 Schefferus
1117 1594 1260 1637 praefert
1274 1595 1414 1635 regebat.
1448 1595 1582 1636 Lapsa·
1598 1593 1690 1626 enim

225 1634 442 1667 librariorum
465 1640 541 1668 erat
562 1635 764 1676 facillimus3
788 1641 892 1679 atque
916 1639 1018 1670 etiam
1044 1639 1119 1670 haec
1144 1638 1246 1670 lectio
1272 1637 1397 1669 nititur
1418 1637 1532 1669 verbis
1548 1637 1689 1669 Sueten.

227 1677 326 1710 Galb.
343 1681 396 1710 14.
420 1681 429 1697 ‘
447 1678 633 1720 regebatur
649 1681 752 1711 trium
769 1680 936 1712 arbitrio.⁸
979 1682 1113 1722 Regere
1129 1681 1219 1712 enim
1235 1681 1403 1722 quendam
1419 1679 1541 1712 mulier
1552 1679 1690 1722 dicitnr,

227 1730 303 1760 quae
334 1730 412 1752 eum
441 1722 507 1753 sibi
531 1721 637 1753 habet
665 1722 926 1764 obsequentem,
952 1727 988 1754 et
1015 1723 1059 1755 ad
1085 1728 1205 1755 nutum
1234 1733 1332 1755 suum
1354 1723 1536 1755 facientem
1565 1722 1689 1754 omnia.

225 1762 436 1795 Schefferum
451 1765 604 1806 sequitur
616 1765 638 1798 J
643 1765 838 1804 ohnsonius,
852 1766 930 1806 quia
945 1775 1028 1797 anus
1043 1767 1180 1807 quidem
1192 1765 1340 1804 amabat,
1355 1767 1415 1797 sed
1428 1775 1494 1797 non
1511 1765 1691 1798 amabatur

227 1815 248 1838 a
269 1806 355 1847 viro,
379 1807 478 1847 cujus
501 1807 629 1838 animos
653 1812 795 1848 ceperat
819 1809 961 1849 pulchra
969 1808 1121 1850 juvenis.
1164 1809 1233 1840 Sed
1250 1809 1374 1850 quaerit
1395 1809 1636 1840 Burmannus:
1661 1808 1690 1840 si

226 1858 295 1881 non
310 1849 497 1890 amabatur,
514 1850 682 1891 quomodo
696 1861 805 1889 regere
819 1851 929 1882 virum
954 1851 1024 1882 dici
1046 1856 1172 1893 potest,
1189 1852 1288 1893 cujus
1304 1851 1399 1883 verbi
1413 1851 1532 1882 endem
1548 1854 1603 1883 est
1617 1849 1690 1883 effi-

226 1892 324 1924 cacia
337 1902 430 1933 vere,
441 1903 516 1934 quae
528 1893 585 1924 τοῦ
599 1892 746 1926 tenebat?
769 1898 806 1925 et
820 1893 925 1926 fuisse
941 1903 1039 1935 aeque
1054 1895 1237 1926 obnoxium
1251 1894 1378 1925 vetulae
1394 1903 1434 1925 ac
1444 1893 1565 1935 juveni
1583 1897 1692 1936 patet,

226 1935 307 2009 {uia
321 1935 458 1977 utrique
473 1940 578 1977 caput
594 1946 688 1967 suum
706 1937 920 1977 spoliandum
937 1937 1098 1978 praebuit.
1143 1937 1194 1968 Cl.
1208 1936 1333 1970 Jakob.
1356 1936 1412 1968 cui
1428 1937 1630 1979 obsequitur
1644 1937 1691 1970 cl.

259 1988 334 2018 ang.
357 1978 496 2018 Proleg.
513 1978 554 2010 ad
571 1979 756 2010 Phaedrum
782 1989 815 2020 p.
831 1982 885 2011 24.
903 1983 1020 2011 tuetur
1039 1980 1216 2021 vulgatum
1246 1979 1392 2020 Tegebat‚
1407 1983 1446 2011 ut
1471 1982 1578 2021 tegere
1596 1979 1689 2012 idem

228 2021 286 2062 sit,
302 2021 391 2063 quod
414 2022 502 2054 latus
530 2026 658 2063 tegere,
680 2022 859 2062 assectari,
873 2033 940 2065 quo
955 2033 1054 2054 seusu
1070 2023 1198 2064 legitur
1222 2022 1311 2064 apud
1326 2021 1473 2054 Statium
1489 2023 1582 2064 Sylv.
1606 2031 1642 2056 v.
1658 2026 1688 2056 1.

227 2067 282 2097 25.
299 2075 347 2106 sq.
373 2064 509 2096 Docere
525 2066 613 2097 enim
628 2064 791 2104 fabulam,
814 2065 903 2097 viros
926 2065 1067 2107 spoliari
1090 2075 1110 2097 a
1132 2064 1292 2106 foeminis,
1306 2065 1377 2096 sive
1399 2074 1457 2097 eas
1473 2069 1601 2104 ament,
1617 2065 1690 2098 sive

228 2112 386 2139 amentur
399 2108 441 2139 ab
457 2109 522 2140 illis
535 2119 545 2147 3
568 2108 627 2140 sed
645 2109 672 2140 si
688 2109 823 2150 legatur
834 2108 970 2148 tenebat,
986 2109 1094 2140 virum
1107 2112 1288 2150 utramque
1300 2111 1336 2139 et
1347 2117 1447 2139 anum
1461 2111 1498 2140 et
1511 2108 1690 2149 pulchram

221 2151 385 2192 juvenem
401 2152 566 2183 amavisse
589 2152 777 2192 putandum
801 2161 887 2193 esse,
912 2152 1000 2194 quod
1017 2156 1187 2193 repugnet
1201 2161 1304 2192 scopo
1317 2150 1453 2183 fabulae.
1497 2151 1551 2183 Cl.
1564 2151 1692 2185 Jakob.

228 2193 375 2225 assentit
390 2194 521 2225 Censor
535 2194 659 2226 doctus
677 2196 710 2225 in
728 2194 771 2226 A.
789 2195 825 2226 L.
843 2195 884 2227 Z.
902 2204 976 2227 ann.
1001 2198 1098 2227 1785.
1114 2204 1155 2227 11.
1182 2205 1215 2236 p.
1241 2197 1314 2227 281.
1338 2198 1506 2235 statuens,
1521 2202 1602 2227 veto
1620 2204 1690 2228 non

228 2245 302 2268 esse
318 2237 441 2276 simile,
457 2237 578 2276 virum,
594 2237 713 2268 eodem
732 2242 903 2278 tempore,
926 2243 963 2270 et
986 2239 1110 2279 puellae
1132 2238 1270 2279 juvenis
1295 2242 1332 2269 et
1358 2247 1442 2269 anus
1457 2246 1571 2269 amore
1586 2236 1690 2269 fuisse

228 2284 388 2320 captum3
410 2279 469 2311 sed
482 2279 583 2311 facile
601 2281 748 2312 vetulam
765 2280 860 2312 credi
873 2290 971 2322 posse
986 2281 1095 2312 virum
1112 2290 1187 2312 esse
1200 2284 1390 2312 assecutam
1406 2279 1691 2322 (nachgegangen),

228 2323 345 2364 sicque
360 2325 478 2362 ament,
493 2326 648 2363 amentur,
662 2323 950 2355 accommodatius
964 2323 1033 2355 dici
1049 2328 1085 2355 et
1101 2323 1247 2364 intelligi
1259 2322 1392 2354 melius.
1426 2323 1595 2364 Equidem
1610 2333 1687 2355 cum

227 2365 426 2397 Burmanno
452 2366 555 2397 credo
581 2365 631 2396 ita
656 2366 857 2406 capiendam
879 2366 1050 2398 fabulam:
1085 2366 1231 2407 primum
1255 2375 1290 2397 se
1317 2365 1409 2405 anui,
1431 2364 1523 2397 forte
1546 2370 1690 2408 propter

229 2417 326 2449 opes,
341 2409 394 2439 vel
410 2408 510 2439 aliam
526 2408 570 2439 ob
589 2418 739 2448 causam,
752 2409 859 2440 virum
873 2409 962 2441 hunc
978 2409 1201 2450 applicuisse,
1217 2418 1306 2450 quoe,
1321 2413 1360 2440 ut
1380 2407 1454 2441 fere
1467 2409 1589 2448 solent,
1611 2418 1688 2440 eum

230 2451 385 2491 tenebat,
400 2455 437 2483 et
452 2451 634 2492 imperiose
650 2452 683 2483 in
698 2456 871 2492 potestate
883 2452 1054 2484 habebat:
1079 2456 1201 2493 postea
1217 2452 1344 2483 animos
1357 2452 1430 2494 ejus
1444 2451 1577 2493 cepisse
1586 2451 1689 2492 juve-

229 2503 308 2526 nem
332 2494 500 2535 puellam,
525 2494 574 2526 ita
589 2499 627 2526 ut
651 2493 858 2535 respondeat
874 2493 992 2526 fabula
1007 2494 1073 2526 illis
1097 2498 1213 2533 ament,
1237 2498 1402 2534 amatum
1437 2494 1576 2527 amabat
1590 2495 1689 2536 puel-

228 2537 310 2578 lam,
324 2536 502 2569 amabatur
517 2536 560 2569 ab
575 2547 652 2577 anu,
667 2547 764 2579 quam
782 2537 889 2578 prius,
914 2543 994 2569 ante
1018 2538 1179 2578 puellam,
1201 2542 1386 2578 amaverat,
1410 2547 1499 2570 nunc
1523 2547 1603 2570 vero
1628 2537 1690 2569 mi-

228 2580 331 2612 nime.
363 2590 470 2611 annos.
515 2580 557 2611 In
581 2580 685 2621 priori
715 2580 874 2612 Editione
897 2580 1092 2612 Schefferus
1117 2581 1317 2621 conjecerat
1330 2590 1445 2620 canos3
1467 2579 1557 2622 quod
1583 2581 1686 2613 etiam

229 2622 391 2655 Heinsius
407 2623 550 2658 margini
567 2623 786 2664 ascripserat,
813 2628 902 2655 teste
918 2624 1136 2663 Burmanno;
1158 2624 1217 2655 sed
1238 2629 1360 2665 postea
1383 2623 1529 2655 mutavit
1550 2627 1688 2655 senten-

230 2665 390 2698 name—5
412 2666 555 2698 Animos.
579 2666 636 2698 Sic
651 2667 738 2698 bene
754 2666 820 2698 Ms.
838 2667 932 2698 Rem.
949 2671 984 2698 et
999 2667 1110 2698 Editt.
1124 2667 1221 2698 Vett.
1265 2667 1307 2698 In
1325 2666 1410 2698 Cod.
1428 2666 1522 2698 Pith.
1539 2670 1592 2698 est
1607 2665 1700 2708 Ani-l

229 2718 309 2740 mus.
353 2709 525 2749 Sanadon,
540 2714 577 2741 et
592 2709 743 2751 Philipp.
771 2709 959 2751 conjiciunt
973 2709 1130 2741 Animum.
1175 2710 1185 2727 ⁴
1203 2709 1375 2741 Meursius
1391 2713 1469 2751 post
1484 2718 1534 2740 vs.
1550 2711 1581 2741 4.
1597 2713 1689 2742 aste-

231 2751 340 2783 riscos
353 2752 480 2793 posuit,
497 2753 593 2794 quasi
604 2753 724 2785 lacuna
739 2756 827 2784 esset
841 2756 878 2785 et
893 2752 1030 2785 deesset
1043 2751 1186 2795 aliquid,
1199 2755 1236 2784 et
1251 2752 1342 2784 idem
1358 2752 1550 2793 suspicatur
1562 2751 1686 2785 Faber.

230 2793 298 2827 Sed
309 2794 390 2827 lieet
402 2795 466 2828 viri
478 2795 571 2828 docti
586 2805 630 2828 ex
645 2795 810 2828 orationis
823 2800 988 2828 contextu
1004 2795 1233 2837 ostenderint,
1256 2800 1354 2828 recte
1369 2795 1481 2827 omnia
1495 2794 1687 2835 eohaerere;
