1806 3236
202 235 288 279 600

204 342 328 385 inquit,
355 341 439 385 ‘iqui
464 347 498 376 te
515 343 626 385 ipsum
645 342 794 386 μήστωρα
807 344 914 386 ψόγοιο

204 403 272 426 non
297 393 398 426 modo
424 395 509 426 nihil
536 404 669 436 vereor,
699 395 759 428 sed
784 396 818 428 in
846 396 914 429 tuis

205 444 311 478 etiam
327 445 450 477 castris
467 445 577 488 caedo,
588 450 626 478 et
639 447 730 489 quod
746 447 804 479 vix
820 447 914 480 vide-

204 494 308 529 batur
323 500 444 528 natura
470 496 573 539 ferre,
599 503 638 531 ut
664 499 822 532 accidere
838 508 914 542 pos-

205 551 272 588 set,
284 547 373 580 bene
388 549 593 587 maledicere
610 549 765 592 doceo,is
774 552 915 594 alicujus

205 598 310 630 credo
327 600 469 633 asseclae
485 603 523 633 et
538 600 765 635 subburdonis
783 603 832 635 tui
845 613 915 635 ma-

203 648 335 682 ledicta
350 650 615 694 pertimescam,’
632 654 697 685 &c.
724 653 870 686 Freinsh.

248 700 408 743 Improba]
427 701 543 745 Saevo,
559 703 723 736 violento.
754 703 837 737 Dixi
853 704 915 738 ali-

204 751 385 792 bi.Sc12ef.

246 806 268 836 2
290 804 453 847 Dese-ribi]
477 806 544 838 Ms.
558 806 699 841 discribi.
721 808 813 840 Gud.

247 858 268 888 4
292 855 374 888 Hoec
389 856 473 899 cum]
497 858 577 890 Non
594 859 708 900 placet
723 859 814 901 Hoee,
835 859 915 902 quia

203 907 360 949 proxime
387 909 567 950 praecessit
598 909 726 951 Vipera.
770 911 912 944 scribo:

205 958 303 999 Heio,
318 961 371 1001 ξε.
395 958 511 992 Schef.

252 1010 417 1052 Tentaret]
441 1012 635 1054 Quaereret‚
650 1012 818 1047 absolute.
853 1014 915 1048 Ju-

205 1062 317 1094 venal.
331 1062 405 1095 Sat.
422 1071 488 1094 vn.
512 1063 522 1080 ‘
540 1063 626 1096 Cum
650 1063 772 1097 Po‘etae
797 1065 915 1097 Romae

205 1113 400 1145 conducere
416 1112 533 1146 furnos
557 1114 771 1149 Tentarent.'
809 1115 914 1157 Schef.

204 1163 248 1195 V.
272 1163 332 1195 lib.
347 1173 372 1197 1.
387 1167 440 1197 24.

251 1215 416 1257 Tentaret]
436 1216 504 1249 Ms.
516 1220 672 1262 temtaret.
701 1217 795 1251 Gud.

246 1265 360 1308 Siqua
371 1277 422 1299 res
437 1267 514 1309 cibi]
535 1267 577 1299 Id
593 1272 658 1309 est,
668 1269 791 1311 aliquis
804 1269 912 1302 cibus.

204 1317 254 1349 Ut
276 1317 286 1335 ‘
301 1318 368 1349 Res
396 1318 631 1360 voluptatum'
656 1319 744 1352 dixit
769 1320 916 1353 Plautus

206 1367 378 1411 Amphitr.
432 1369 490 1402 Sic
519 1370 705 1412 Euripides
733 1371 916 1413 aliquoties

206 1420 318 1461 Χρῆμα.
331 1421 459 1458 θηλειῶν
472 1420 573 1461 dixit,
601 1421 636 1453 id
650 1425 716 1462 est,
738 1421 915 1464 negotium

204 1471 261 1503 vel
277 1481 332 1503 res
348 1470 568 1513 feminarum,
585 1483 658 1514 pro,
675 1472 826 1506 feminae.
870 1475 918 1507 Et

204 1521 457 1564 Aristophanes
478 1522 521 1555 Τὸ
555 1525 662 1566 χρῆμα
690 1526 753 1556 τῶν
787 1527 916 1566 νυκτῶν,

204 1582 269 1614 pro
293 1572 332 1604 Αἱ
357 1572 476 1606 νύκτες.
520 1574 590 1606 Sed
623 1574 667 1607 de
693 1574 758 1608 hac
783 1585 917 1619 quoque

207 1623 412 1657 Graecorum
435 1624 628 1667 periphrasi
653 1626 795 1659 honesta
811 1627 918 1668 pluri·

203 1674 268 1707 bus
292 1676 478 1718 aliquando
504 1676 548 1709 ad
572 1676 771 1719 Oppianum
795 1678 918 1720 ageba·

205 1737 293 1760 mus.
317 1728 404 1761 Rite.

248 1778 314 1810 Res
327 1782 407 1811 esset
419 1779 497 1820 cibi]
518 1779 560 1812 Id
577 1783 643 1819 est,
662 1780 778 1822 Cibus,
805 1781 916 1822 Χρῆμα

206 1830 332 1870 τροφῆς.
379 1830 439 1862 Nil
455 1830 581 1862 Graece
596 1831 760 1873 crebrius,
772 1841 918 1873 praeser-

205 1881 268 1913 tim
296 1881 389 1923 apud
418 1880 556 1926 Atticos
583 1886 620 1914 et
647 1882 750 1915 Ionas
775 1882 827 1926 (id
854 1886 919 1925 est,

205 1941 311 1965 novos
327 1937 364 1965 et
380 1937 518 1966 veteres
535 1932 705 1974 Atticos.)
752 1934 810 1966 Ita
825 1943 918 1976 saepe

206 1983 298 2025 apud
325 1982 590 2026 Aristophanem
621 1988 658 2016 et
689 1984 918 2017 Herodotum.

204 2036 376 2077 Exempla
387 2036 528 2078 passim,
552 2039 592 2068 ut
608 2031 726 2078 ’Χρῆμα
740 2035 813 2068 συὸς
826 2034 920 2078 με’-γα,

205 2087 347 2127 Magnus
357 2096 434 2128 aper
444 2098 458 2125 ,·
480 2087 631 2126 Χειμῶνος
641 2088 747 2129 χρῆμα
755 2085 920 2129 ἀφόρητον,

212 2136 382 2169 Vehemens
396 2140 575 2179 tempestas,
601 2141 638 2170 et
660 2138 727 2170 alia
742 2143 919 2177 sexcenta,

208 2199 286 2231 quae
303 2198 324 2221 a
338 2199 393 2221 me
410 2189 491 2221 alibi
506 2193 626 2221 notata
651 2194 743 2222 sunt.
788 2190 846 2222 Ita
861 2190 921 2222 de-

204 2240 311 2282 nique
338 2240 546 2273 Plutarchus
571 2239 615 2272 de
646 2240 796 2274 Octavia
822 2241 922 2278 dixit,

207 2294 319 2335 Χρῆμα
333 2291 510 2332 θαυμαστὸν
522 2291 680 2334 γυναικὸς,
696 2294 818 2326 Mulier
827 2295 921 2335 plane

206 2343 373 2376 mirabilis.
419 2345 498 2376 Vol.
519 2353 542 2377 1.
557 2346 633 2376 929.
659 2343 821 2376 editionis
848 2355 921 2376 ma-

201 2395 300 2436 joris.
359 2394 453 2428 Quid
491 2398 603 2427 autem
642 2394 725 2426 illud
763 2395 920 2437 Luciani,

209 2445 379 2487 Πάγκαλόν
393 2458 424 2477 τι
438 2447 545 2488 χρῆμα
565 2443 724 2487 παρθένον,
749 2446 922 2478 Formosis-

207 2500 286 2532 sima
296 2497 428 2541 puella?
452 2499 535 2542 quid
562 2498 737 2530 venustius
763 2497 833 2529 dici
861 2502 921 2530 aut

207 2550 294 2591 fingi
319 2551 461 2592 potest?
505 2550 574 2582 Sed
603 2549 715 2582 solens
739 2557 834 2581 more
859 2558 919 2581 suo

206 2601 292 2634 facit
318 2601 508 2634 Lucianus-:
531 2609 642 2643 neque
671 2600 760 2632 enim
786 2603 917 2632 temere

207 2661 410 2695 quemquam
426 2652 577 2693 reperias
589 2650 770 2683 tersiorem
783 2650 917 2691 elegan-

207 2705 412 2747 tioremque.
450 2703 563 2736 Faber.
622 2703 658 2735 Si
696 2701 778 2745 quid
810 2706 915 2739 esset,

210 2756 302 2797 quod
327 2756 363 2788 in
387 2755 502 2789 cibum
526 2758 643 2797 posset
665 2755 751 2787 utile
776 2763 863 2794 esse,
889 2755 917 2786 si

209 2808 304 2841 cibus
319 2813 420 2841 esset.
453 2809 508 2840 Sic
518 2809 589 2850 jam
606 2807 686 2840 olim
701 2807 815 2839 locum
826 2806 916 2838 huuc

209 2859 369 2902 exposuit
386 2858 646 2900 Rittershusius,
670 2861 706 2891 et
721 2861 840 2901 postea
856 2866 917 2900 op-

669 248 812 280 NOTAE
845 248 1113 282 vAluonUM
1148 252 1199 283 IN

964 345 1066 378 timus
1091 347 1411 391 eruditissimusque
1439 341 1510 382 Dn:
1534 348 1673 387 Graue·

963 396 1038 430 vius
1060 396 1148 431 Oba.
1165 398 1223 431 lib.
1239 407 1297 432 ιιι.
1324 408 1401 441 cap.
1422 403 1477 433 24.
1522 399 1673 438 Quibus,-

963 457 1040 480 cum
1057 448 1170 481 Faber
1190 451 1324 492 quoque
1339 451 1437 493 facit,
1458 451 1493 484 in
1509 451 1673 485 Animad-

965 499 1177 533 versionibus
1204 501 1286 542 suis,
1304 505 1346 534 ,et
1369 502 1517 536 Guietus
1538 502 1584 536 ad
1609 503 1675 536 '1¹0-

965 554 1054 584 rent.
1080 550 1185 583 Phor.
1213 555 1283 584 act.
1297 561 1348 584 w.
1375 561 1424 591 sc.
1440 552 1557 586 nubi
1578 553 1672 586 vide.

964 600 1176 641 Schef.1ta
1189 606 1224 634 et
1237 602 1338 635 Voss.
1354 601 1397 635 de
1411 603 1672 638 construetione

965 663 1042 695 cap.
1058 656 1090 686 7.
1133 654 1226 695 Lege
1243 657 1371 695 tamen,
1383 654 1586 697 &quque
1590 658 1672 688 esses

964 704 1036 736 cibi.
1058 705 1182 738 Heins-
1226 704 1307 737 vid.
1319 709 1356 738 et
1371 705 1490 738 Grser'.
1501 705 1674 743 ndffloer.

964 755 1151 788 inVerr.1.
1168 759 1222 789 14.
1671 769 1674 771 ’

1006 810 1025 839 ⁵
1048 808 1112 840 Illa
1126 811 1234 840 contra
1244 809 1430 851 comum]
1446 806 1504 847 Sic
1517 759 1674 842 Martini·

963 857 973 876 ‘
989 858 1127 900 Syllaba
1142 859 1350 892 contumax.
1379 860 1457 900 Εἰς.
1528 865 1532 867 “

1005 911 1026 941 6
1049 910 1118 951 Me,
1131 910 1245 952 stulta]
1267 909 1326 943 Ab
1348 910 1469 943 eadem
1486 914 1601 944 mente
1615 914 1673 944 ent

964 960 1049 992 illud
1075 961 1179 993 Mart.
1203 961 1263 994 lib.
1280 969 1368 995 xm.
1387 960 1504 996 ‘Quid
1529 960 1674 994 dentem

965 1011 1071 1044 dente
1093 1011 1231 1054 juvabit
1261 1011 1424 1044 Radere?
1455 1019 1559 1044 came
1587 1020 1677 1054 opus

966 1067 1030 1104 est,
1043 1063 1073 1095 si
1088 1067 1186 1096 satur
1200 1073 1279 1096 esse
1294 1062 1405 1096 volis!
1449 1063 1529 1098 Qu·
1545 1063 1675 1096 retute-

968 1114 1016 1147 ris
1031 1115 1136 1147 etiam
1164 1115 1329 1156 gemitum
1358 1114 1531 1157 sagittatus
1545 1114 1681 1158 aquile,-

967 1167 1060 1209 apud
1075 1166 1240 1199 Gabriam
1266 1166 1339 1200 fab.
1353 1169 1407 1199 27.
1431 1165 1546 1208 haul,
1567 1162 1685 1208 παιών’

965 1230 1004 1257 με
1019 1217 1076 1250 τὸν
1089 1216 1246 1260 πτερωτὸν
1269 1215 1388 1249 ὃλλύει·
1411 1227 1517 1260 quum
1533 1216 1680 1251 deberet

966 1269 1055 1310 fieri,
1074 1269 1163 1311 quod
1180 1269 1381 1310 Anonymns
1404 1273 1614 1310 praesentem
1628 1267 1696 1314 fay

969 1321 1085 1354 hulam
1133 1320 1311 1362 explicans
1346 1330 1382 1363 p.
1409 1322 1486 1353 528.
1526 1319 1677 1353 occinitt

966 1373 975 1390 ‘
990 1373 1128 1404 Fortem
1143 1371 1243 1404 fortis
1268 1371 1384 1405 amat?
1427 1371 1516 1410 Rem
1539 1371 1679 1404 nomine

968 1433 1030 1455 suo
1048 1424 1185 1466 dignam
1210 1423 1382 1470 facerent,
1405 1424 1436 1457 si
1458 1424 1680 1458 hoectdani·

967 1484 1058 1507 mum
1075 1473 1249 1507 referrent
1271 1474 1365 1507 inter
1377 1474 1553 1508 litteratos
1564 1474 1680 1509 unifi-

968 1524 1101 1556 Prasch.
1146 1524 1255 1557 Stulta
1269 1534 1369 1557 casus
1384 1529 1438 1558 est
1457 1524 1683 1567 penultimum

968 1579 1005 1607 et
1021 1575 1065 1607 ad
1081 1575 1235 1617 viperam
1251 1574 1416 1617 refertur,
1430 1580 1473 1609 ut*
1487 1584 1607 1619 supra,
1618 1576 1682 1611 ‘ai

968 1626 1027 1669 qui
1042 1626 1140 1658 stulti
1155 1627 1346 1660 nauseant.'
1390 1626 1441 1660 At
1466 1631 1593 1670 captare
1616 1631 1683 1670 m,

968 1677 1122 1710 studiose
1138 1687 1304 1720 quaerere,
1331 1682 1368 1711 et
1391 1682 1483 1721 capto
1503 1680 1627 1722 ladem,
1638 1683 1682 1712 ’ut

969 1729 1061 1771 apud
1099 1729 1337 1770 Columellam,
1373 1733 1464 1771 capto
1506 1729 1680 1772 acquirens.

967 1779 1086 1811 Verba
1112 1779 1186 1820 ejus
1212 1779 1272 1811 lib.
1288 1788 1373 1812 vlu.
1396 1789 1428 1812 c.
1449 1781 1482 1812 2.
1515 1780 1527 1799 ‘
1541 1780 1610 1814 Sed
1633 1789 1682 1814 ne

967 1831 1042 1863 haec
1067 1834 1182 1863 tamen
1207 1839 1290 1862 cura
1312 1830 1424 1863 aliena
1437 1834 1491 1863 est
1506 1828 1683 1873 agricolae,

969 1881 1144 1923 captantis
1169 1880 1320 1923 undique
1346 1881 1541 1922 voluptates
1565 1882 1683 1924 acqui-

969 1932 1067 1966 rere?
1110 1931 1193 1965 vid.
1211 1931 1315 1964 Ovid.
1333 1932 1422 1964 Met.
1438 1940 1475 1964 x.
1488 1934 1543 1965 68.
1559 1931 1675 1975 ibique

969 1984 1061 2017 Nob.
1090 1983 1235 2016 Heinsio
1264 1986 1399 2015 notata.
1437 1981 1545 2022 Sches.
1589 1982 1681 2016 Vide

968 2034 1029 2069 inf.
1056 2035 1116 2068 lib.
1132 2044 1168 2067 v.
1193 2033 1264 2066 fab.
1280 2037 1312 2066 3.
1337 2034 1478 2068 Qu'mct.
1507 2033 1612 2068 Deci.
1636 2039 1680 2067 n.

970 2097 1047 2129 cap.
1073 2089 1126 2119 14.
1161 2086 1172 2104 ‘
1195 2087 1281 2118 Tam
1308 2085 1428 2128 quiete
1456 2085 1556 2126 tacit,
1584 2086 1682 2128 quasi

970 2143 1090 2181 captet
1105 2136 1305 2181 imponere.’
1342 2137 1447 2170 Decl.
1463 2145 1547 2170 vm.
1569 2137 1684 2179 ‘Gap‘-

970 2193 1025 2223 tet
1039 2190 1121 2222 licet
1138 2187 1391 2221 crudelissimus
1417 2196 1523 2220 senex
1539 2187 1683 2230 partiei-

971 2241 1020 2273 dii
1036 2241 1285 2273 immanitatem
1306 2242 1402 2272 metu
1422 2239 1552 2282 maiore
1566 2243 1684 2282 prote-

971 2293 1085 2336 geret’
1106 2297 1143 2326 et
1155 2293 1272 2334 paullo
1286 2296 1387 2334 post:
1411 2291 1513 2324 ‘Sive
1524 2291 1684 2333 captavit

972 2354 1018 2378 ex
1033 2345 1097 2376 hoc
1114 2344 1210 2376 vultu
1226 2343 1408 2386 quamdam
1425 2342 1508 2375 artis
1523 2342 1685 2375 mutatio-

970 2405 1047 2427 nem
1064 2394 1192 2426 imitari
1208 2394 1229 2425 :’
1254 2397 1291 2426 et
1305 2393 1444 2435 saepius.
1465 2393 1581 2426 Burm.

1016 2445 1140 2487 Stulta]
1179 2446 1268 2478 Casu
1299 2444 1471 2484 vocativo,
1506 2448 1545 2476 ut
1578 2453 1682 2486 supra

970 2498 1029 2530 lib.
1052 2506 1109 2529 111.
1144 2496 1293 2537 ‘Stulte‚
1318 2495 1442 2537 inquit,
1470 2493 1591 2527 erras!
1634 2495 1682 2526 Et

969 2549 1029 2581 lib.
1044 2558 1070 2580 1.
1093 2548 1102 2566 ‘
1118 2546 1166 2578 At
1181 2547 1238 2578 ille
1254 2544 1404 2578 stultus!
1437 2545 1524 2577 θεά.

1012 2604 1032 2633 7
1051 2601 1150 2632 Omne
1161 2597 1303 2638 adsuevi]
1323 2597 1449 2629 Similis
1464 2597 1566 2638 plane
1582 2596 1679 2630 locus

969 2650 1128 2683 Horatii:
1164 2649 1319 2690 ‘Fragili
1351 2657 1508 2690 quaerens
1540 2648 1677 2681 illidere

969 2701 1108 2734 dentem
1124 2699 1290 2732 Offendet
1304 2698 1440 2731 solido?
1463 2698 1593 2741 Schiop.

1010 2751 1165 2792 Adsuevi]
1189 2750 1366 2787 Diaeresis,
1379 2753 1418 2781 ut
1433 2750 1492 2784 lib.
1505 2760 1530 2784 1.
1543 2749 1613 2785 fab.
1624 2753 1680 2785 u.

967 2804 976 2822 ‘
989 2805 1038 2837 Ut
1051 2804 1182 2836 insueta
1197 2800 1308 2834 roc-e!
1333 2800 1416 2834 Gud.
