1806 3236
685 277 751 310 DE
784 277 1012 310 PHAEnRo.
1495 264 1581 307 707

103 382 119 404 ‘
133 378 364 435 appendicis
384 379 434 420 ad
453 379 608 419 fabulas
628 380 783 420 Pbaedri
801 394 849 422 ex
881 378 1131 420 Bibliotheca
1151 376 1358 424 Leidensi‚'
1392 381 1580 428 tanquam

104 446 326 499 exemplum
347 445 624 497 descriptionis
645 446 830 498 poeticae,
864 446 1012 485 bellum
1047 449 1185 483 contra
1219 443 1391 483 Batavos
1411 454 1435 480 a
1454 442 1581 481 Gallis

99 509 242 550 initum
262 523 300 550 a·
326 509 445 558 1670,
465 510 681 564 allegorico
698 512 834 564 mytho
865 510 1114 563 exponent13‚
1141 508 1292 559 integra
1321 506 1476 559 legitur.
1535 505 1580 545 In

103 574 276 617 editione
295 575 585 616 Burmanniana
605 589 696 628 pag.
719 581 813 617 205.
832 582 871 615 et
890 589 981 628 pag.
1004 579 1099 616 325.
1132 579 1172 612 et
1203 572 1262 619 iis,
1283 584 1373 623 quae
1392 571 1581 624 deinceps

96 650 184 679 eam
202 646 351 680 secutae
369 645 474 688 sunt,
494 653 695 680 accessere
710 640 859 680 fabulae
880 641 1067 694 quinque,
1087 652 1110 678 a
1129 638 1266 678 Gudio
1285 651 1307 676 e
1328 637 1407 676 Ms.
1438 636 1576 676 Divio-

99 704 212 744 nensi
230 704 454 756 descriptae,
474 711 516 745 et
535 705 704 745 numeris
725 706 804 744 suis
824 706 1000 753 redditae,
1032 718 1120 757 quae
1141 705 1180 743 in
1200 703 1396 755 prioribus
1426 701 1582 741 deside-

99 769 251 808 rantur.
307 773 319 791 ⁶
335 768 596 817 Crediderim,
616 783 704 808 eum
726 771 886 822 plures,'
904 769 1033 821 inquit
1051 770 1312 815 Burmannus,
1335 773 1347 789 ‘
1362 781 1411 807 ex
1438 767 1580 806 eodem

101 832 255 873 Codice
273 833 557 886 descripsisse:
586 847 675 873 nam
695 834 782 885 ejus
800 835 1106 886 autographum,
1125 847 1172 873 ex
1195 846 1275 885 quo
1297 845 1368 871 nos
1388 844 1454 871 eas
1471 831 1582 870 exhi-

95 896 316 946 .bemus,ur
335 898 520 939 omnibus
538 898 619 938 fere
643 899 837 952 partibus,
865 899 924 938 ita
952 899 1122 938 maxime
1156 897 1196 936 in
1228 895 1307 936 fine
1340 896 1511 935 lacerum
1539 901 1582 935 et

102 961 283 1017 mutilum
302 968 401 1009 erat,
422 969 462 1002 et
481 963 593 1015 plura
627 963 733 1012 folia,
754 963 900 1015 quibus
934 962 1088 1002 fabulas
1120 962 1254 1001 adhuc
1287 961 1479 1013 quasdam
1514 974 1581 1000 ex·

99 1022 324 1079 scripserat,
343 1029 406 1078 (ut
423 1027 549 1080 ipsius
569 1040 706 1067 manus
723 1028 763 1067 in
782 1028 916 1080 capite
935 1028 1075 1080 primae
1094 1027 1163 1078 huj
1171 1041 1216 1066 us
1237 1026 1383 1066 sabulae
1398 1031 1577 1073 testatur,

101 1098 207 1143 «βω,
236 1091 271 1131 si
303 1091 405 1131 bene
436 1092 610 1140 memini,
640 1093 802 1146 triginta
832 1106 955 1133 novas
983 1099 1023 1133 et
1056 1105 1255 1144 nunquam
1287 1091 1414 1132 editas
1446 1090 1486 1129 in
1506 1091 1577 1130 has

99 1155 259 1196 chartus
274 1155 434 1209 abipso
453 1156 658 1208 conjectas
688 1157 921 1207 indicabam
956 1157 1294 1204 desiderabantur,
1328 1144 1384 1196 et'
1402 1155 1579 1195 abscissa

99 1232 187 1260 esse
206 1219 451 1260 videbantur.
508 1221 626 1261 Forte
645 1227 684 1261 et
720 1223 783 1261 hae
798 1253 801 1256 ⁴
819 1223 1030 1274 aliquando
1059 1223 1242 1269 claustra,
1275 1221 1418 1274 quibus
1453 1219 1580 1259 conti-

99 1289 254 1338 nentur,
268 1286 549 1338 perrumpent!
601 1286 796 1327 Phaedrus
815 1289 896 1340 ipse
925 1288 965 1327 in
997 1288 1127 1327 limine
1158 1287 1248 1327 libri
1285 1286 1402 1340 primi
1439 1285 1577 1332 innuit,

99 1349 263 1390 arbores
281 1349 414 1397 etiam,
433 1363 512 1390 nou
528 1351 648 1391 modo
668 1351 787 1401 feras,
807 1353 1013 1406 loquentes
1035 1367 1059 1393 a
1077 1366 1115 1392 se
1134 1353 1333 1392 inductas.
1377 1354 1430 1392 At
1450 1351 1501 1390 in·
1523 1350 1579 1389 fa-

17 1454 27 1459 s
100 1413 219 1462 bulis,
237 1427 329 1466 quae
360 1421 508 1463 extant,
539 1417 657 1457 nuuae
686 1420 850 1460 arbores
871 1419 1101 1474 loquuntur,
1135 1424 1399 1473 praeterquam
1430 1416 1471 1456 in
1497 1427 1574 1456 una

100 1478 182 1529 uh,
199 1491 289 1533 qufoe
315 1493 341 1521 a
359 1480 512 1522 Gudio
540 1488 695 1535 reperta
707 1489 780 1525 est.
