<?xml version="1.0" encoding="UTF-8"?>
<!DOCTYPE html PUBLIC "-//W3C//DTD XHTML 1.0 Transitional//EN"
    "http://www.w3.org/TR/xhtml1/DTD/xhtml1-transitional.dtd">
<html xmlns="http://www.w3.org/1999/xhtml" xml:lang="en" lang="en">
 <head>
  <title>
</title>
<meta http-equiv="Content-Type" content="text/html;charset=utf-8" />
  <meta name='ocr-system' content='tesseract 3.04.00' />
  <meta name='ocr-capabilities' content='ocr_page ocr_carea ocr_par ocr_line ocrx_word'/>
</head>
<body>
  <div class='ocr_page' id='page_1' title='image "./fabualeaesopiae00phaeuoft_0280.png"; bbox 0 0 1806 3236; ppageno 0'>
   <div class='ocr_carea' id='block_1_1' title="bbox 201 260 1374 304">
    <p class='ocr_par' dir='ltr' id='par_1_1' title="bbox 201 260 1374 304">
     <span class='ocr_line' id='line_1_1' title="bbox 201 260 1374 304; baseline -0.003 0"><span class='ocrx_word' id='word_1_1' title='bbox 201 260 289 304; x_wconf 76' lang='lat'><strong>268</strong></span> <span class='ocrx_word' id='word_1_2' title='bbox 492 270 691 301; x_wconf 53' lang='lat' dir='ltr'><strong>peanum</strong></span> <span class='ocrx_word' id='word_1_3' title='bbox 728 269 1040 302; x_wconf 68' lang='lat' dir='ltr'><strong>rAnunARUM</strong></span> <span class='ocrx_word' id='word_1_4' title='bbox 1075 269 1374 302; x_wconf 73' lang='lat' dir='ltr'><strong>AEsoriAnuM</strong></span> 
     </span>
    </p>
   </div>
   <div class='ocr_carea' id='block_1_2' title="bbox 201 365 1268 557">
    <p class='ocr_par' dir='ltr' id='par_1_2' title="bbox 201 365 1268 557">
     <span class='ocr_line' id='line_1_2' title="bbox 210 365 1078 422; baseline -0.002 -13"><span class='ocrx_word' id='word_1_5' title='bbox 210 367 446 422; x_wconf 85' lang='lat' dir='ltr'><strong>Imposuit,</strong></span> <span class='ocrx_word' id='word_1_6' title='bbox 469 365 596 420; x_wconf 88' lang='lat' dir='ltr'><strong>cujus</strong></span> <span class='ocrx_word' id='word_1_7' title='bbox 616 366 713 408; x_wconf 87' lang='lat' dir='ltr'><strong>haec</strong></span> <span class='ocrx_word' id='word_1_8' title='bbox 733 365 816 408; x_wconf 86' lang='lat' dir='ltr'><strong>fuit</strong></span> <span class='ocrx_word' id='word_1_9' title='bbox 837 365 1078 409; x_wconf 84' lang='lat' dir='ltr'><strong>sententia:</strong></span> 
     </span>
     <span class='ocr_line' id='line_1_3' title="bbox 207 432 1224 487; baseline -0.004 -9"><span class='ocrx_word' id='word_1_10' title='bbox 207 435 398 486; x_wconf 78' lang='lat' dir='ltr'><strong>Laetare,</strong></span> <span class='ocrx_word' id='word_1_11' title='bbox 416 434 650 476; x_wconf 88' lang='lat' dir='ltr'><strong>incolumis</strong></span> <span class='ocrx_word' id='word_1_12' title='bbox 671 433 836 485; x_wconf 86' lang='lat' dir='ltr'><strong>Roma,</strong></span> <span class='ocrx_word' id='word_1_13' title='bbox 858 432 987 476; x_wconf 87' lang='lat' dir='ltr'><strong>salvo</strong></span> <span class='ocrx_word' id='word_1_14' title='bbox 1006 432 1224 487; x_wconf 83' lang='lat' dir='ltr'>Principe.</span> 
     </span>
     <span class='ocr_line' id='line_1_4' title="bbox 201 498 1268 557; baseline -0.001 -13"><span class='ocrx_word' id='word_1_15' title='bbox 201 501 255 544; x_wconf 92' lang='lat' dir='ltr'><strong>In</strong></span> <span class='ocrx_word' id='word_1_16' title='bbox 275 503 457 557; x_wconf 86' lang='lat' dir='ltr'><strong>plausus</strong></span> <span class='ocrx_word' id='word_1_17' title='bbox 477 505 806 544; x_wconf 84' lang='lat' dir='ltr'><strong>consurrectum</strong></span> <span class='ocrx_word' id='word_1_18' title='bbox 826 503 909 542; x_wconf 88' lang='lat' dir='ltr'><strong>est.</strong></span> <span class='ocrx_word' id='word_1_19' title='bbox 963 498 994 542; x_wconf 85' lang='lat' dir='ltr'><strong>J</strong></span> <span class='ocrx_word' id='word_1_20' title='bbox 997 504 1122 542; x_wconf 82' lang='lat' dir='ltr'><strong>aetat</strong></span> <span class='ocrx_word' id='word_1_21' title='bbox 1140 498 1268 543; x_wconf 81' lang='lat' dir='ltr'><strong>basia</strong></span> 
     </span>
    </p>
   </div>
   <div class='ocr_carea' id='block_1_3' title="bbox 200 632 1658 721">
    <p class='ocr_par' dir='ltr' id='par_1_3' title="bbox 200 632 1658 721">
     <span class='ocr_line' id='line_1_5' title="bbox 201 632 1656 676; baseline 0.003 -12"><span class='ocrx_word' id='word_1_22' title='bbox 201 632 335 665; x_wconf 76' lang='lat' dir='ltr'><strong>tibicini</strong></span> <span class='ocrx_word' id='word_1_23' title='bbox 359 634 477 673; x_wconf 84' lang='lat' dir='ltr'><strong>reduci,</strong></span> <span class='ocrx_word' id='word_1_24' title='bbox 497 634 585 673; x_wconf 70' lang='lat' dir='ltr'><strong>cujus</strong></span> <span class='ocrx_word' id='word_1_25' title='bbox 609 634 660 666; x_wconf 74' lang='lat' dir='ltr'><strong>hic</strong></span> <span class='ocrx_word' id='word_1_26' title='bbox 674 633 746 673; x_wconf 80' lang='lat' dir='ltr'><strong>fuit</strong></span> <span class='ocrx_word' id='word_1_27' title='bbox 764 643 890 666; x_wconf 74' lang='lat' dir='ltr'><strong>sensus.-</strong></span> <span class='ocrx_word' id='word_1_28' title='bbox 905 665 907 667; x_wconf 86' lang='grc'><em>,</em></span> <span class='ocrx_word' id='word_1_29' title='bbox 923 633 1061 673; x_wconf 82' lang='lat' dir='ltr'><strong>Loetare,</strong></span> <span class='ocrx_word' id='word_1_30' title='bbox 1085 632 1247 665; x_wconf 76' lang='lat' dir='ltr'><strong>incolumis</strong></span> <span class='ocrx_word' id='word_1_31' title='bbox 1263 632 1375 674; x_wconf 79' lang='lat' dir='ltr'><strong>Roma,</strong></span> <span class='ocrx_word' id='word_1_32' title='bbox 1393 634 1479 671; x_wconf 75' lang='lat' dir='ltr'><strong>salvo</strong></span> <span class='ocrx_word' id='word_1_33' title='bbox 1495 634 1656 676; x_wconf 69' lang='lat' dir='ltr'><strong>Principe.</strong></span> 
     </span>
     <span class='ocr_line' id='line_1_6' title="bbox 200 675 1658 721; baseline 0.002 -13"><span class='ocrx_word' id='word_1_34' title='bbox 200 676 393 718; x_wconf 74' lang='lat' dir='ltr'><strong>Applausum</strong></span> <span class='ocrx_word' id='word_1_35' title='bbox 415 680 482 708; x_wconf 79' lang='lat' dir='ltr'><strong>est:</strong></span> <span class='ocrx_word' id='word_1_36' title='bbox 512 677 638 710; x_wconf 80' lang='lat' dir='ltr'><strong>Tibicen</strong></span> <span class='ocrx_word' id='word_1_37' title='bbox 656 677 817 720; x_wconf 79' lang='lat' dir='ltr'><em>protendit</em></span> <span class='ocrx_word' id='word_1_38' title='bbox 832 686 953 718; x_wconf 82' lang='lat' dir='ltr'><strong>manus,</strong></span> <span class='ocrx_word' id='word_1_39' title='bbox 973 677 1074 709; x_wconf 79' lang='lat' dir='ltr'><strong>credit</strong></span> <span class='ocrx_word' id='word_1_40' title='bbox 1088 677 1201 708; x_wconf 83' lang='lat' dir='ltr'><strong>amicos</strong></span> <span class='ocrx_word' id='word_1_41' title='bbox 1223 675 1288 708; x_wconf 87' lang='lat' dir='ltr'><strong>sibi</strong></span> <span class='ocrx_word' id='word_1_42' title='bbox 1307 677 1478 717; x_wconf 78' lang='lat' dir='ltr'><strong>gratulari.</strong></span> <span class='ocrx_word' id='word_1_43' title='bbox 1523 679 1658 721; x_wconf 72' lang='lat' dir='ltr'><strong>Equites</strong></span> 
     </span>
    </p>
   </div>
   <div class='ocr_carea' id='block_1_4' title="bbox 815 774 1050 791">
    <p class='ocr_par' dir='ltr' id='par_1_4' title="bbox 815 774 1050 791">
     <span class='ocr_line' id='line_1_7' title="bbox 815 774 1050 791; baseline -0.004 -1"><span class='ocrx_word' id='word_1_44' title='bbox 815 774 1050 791; x_wconf 63' lang='lat' dir='ltr'><strong>eeeeeeeeeeee</strong></span> 
     </span>
    </p>
   </div>
   <div class='ocr_carea' id='block_1_5' title="bbox 186 843 1678 2471">
    <p class='ocr_par' dir='ltr' id='par_1_5' title="bbox 186 843 1678 2471">
     <span class='ocr_line' id='line_1_8' title="bbox 199 843 1659 887; baseline 0.001 -12"><span class='ocrx_word' id='word_1_45' title='bbox 199 844 262 884; x_wconf 90' lang='lat' dir='ltr'><strong>ita,</strong></span> <span class='ocrx_word' id='word_1_46' title='bbox 283 847 324 875; x_wconf 89' lang='lat' dir='ltr'><strong>ut</strong></span> <span class='ocrx_word' id='word_1_47' title='bbox 349 853 410 885; x_wconf 91' lang='lat' dir='ltr'><strong>pro</strong></span> <span class='ocrx_word' id='word_1_48' title='bbox 437 845 537 885; x_wconf 75' lang='lat' dir='ltr'><strong>modo,</strong></span> <span class='ocrx_word' id='word_1_49' title='bbox 563 847 708 885; x_wconf 80' lang='lat' dir='ltr'>reponat</span> <span class='ocrx_word' id='word_1_50' title='bbox 733 855 819 878; x_wconf 80' lang='lat' dir='ltr'><strong>mox.</strong></span> <span class='ocrx_word' id='word_1_51' title='bbox 864 845 933 877; x_wconf 88' lang='lat' dir='ltr'><strong>Sed</strong></span> <span class='ocrx_word' id='word_1_52' title='bbox 941 845 1014 887; x_wconf 86' lang='lat' dir='ltr'><strong>jam</strong></span> <span class='ocrx_word' id='word_1_53' title='bbox 1030 843 1110 876; x_wconf 88' lang='lat' dir='ltr'><strong>olim</strong></span> <span class='ocrx_word' id='word_1_54' title='bbox 1125 853 1194 876; x_wconf 90' lang='lat' dir='ltr'><strong>non</strong></span> <span class='ocrx_word' id='word_1_55' title='bbox 1213 843 1331 885; x_wconf 85' lang='lat' dir='ltr'><strong>inepte</strong></span> <span class='ocrx_word' id='word_1_56' title='bbox 1347 843 1522 886; x_wconf 76' lang='lat' dir='ltr'><strong>quaerebat</strong></span> <span class='ocrx_word' id='word_1_57' title='bbox 1538 843 1659 878; x_wconf 84' lang='lat' dir='ltr'><strong>Heius.</strong></span> 
     </span>
     <span class='ocr_line' id='line_1_9' title="bbox 197 886 1661 929; baseline 0.001 -11"><span class='ocrx_word' id='word_1_58' title='bbox 197 887 311 928; x_wconf 84' lang='lat' dir='ltr'><strong>Epist.</strong></span> <span class='ocrx_word' id='word_1_59' title='bbox 334 886 376 918; x_wconf 85' lang='lat' dir='ltr'><strong>ad</strong></span> <span class='ocrx_word' id='word_1_60' title='bbox 393 887 427 920; x_wconf 88' lang='lat' dir='ltr'><strong>J.</strong></span> <span class='ocrx_word' id='word_1_61' title='bbox 444 887 537 919; x_wconf 89' lang='lat' dir='ltr'><strong>Frid.</strong></span> <span class='ocrx_word' id='word_1_62' title='bbox 556 888 709 920; x_wconf 86' lang='lat' dir='ltr'><strong>Gronov.</strong></span> <span class='ocrx_word' id='word_1_63' title='bbox 735 888 770 920; x_wconf 90' lang='lat' dir='ltr'><strong>in</strong></span> <span class='ocrx_word' id='word_1_64' title='bbox 795 888 985 920; x_wconf 83' lang='lat' dir='ltr'><strong>Burmanni</strong></span> <span class='ocrx_word' id='word_1_65' title='bbox 1007 888 1090 929; x_wconf 86' lang='lat' dir='ltr'>Syll.</span> <span class='ocrx_word' id='word_1_66' title='bbox 1113 888 1203 929; x_wconf 87' lang='lat' dir='ltr'><strong>Epp.</strong></span> <span class='ocrx_word' id='word_1_67' title='bbox 1221 890 1304 920; x_wconf 90' lang='lat' dir='ltr'><strong>tom.</strong></span> <span class='ocrx_word' id='word_1_68' title='bbox 1326 896 1386 919; x_wconf 83' lang='grc' dir='ltr'><strong>ιιι.</strong></span> <span class='ocrx_word' id='word_1_69' title='bbox 1410 896 1443 928; x_wconf 87' lang='lat' dir='ltr'><strong>p.</strong></span> <span class='ocrx_word' id='word_1_70' title='bbox 1458 889 1554 919; x_wconf 77' lang='lat'><strong>482.:</strong></span> <span class='ocrx_word' id='word_1_71' title='bbox 1572 886 1588 905; x_wconf 85' lang='lat'><strong>·‘</strong></span> <span class='ocrx_word' id='word_1_72' title='bbox 1601 886 1661 920; x_wconf 71' lang='lat' dir='ltr'><strong>Aa</strong></span> 
     </span>
     <span class='ocr_line' id='line_1_10' title="bbox 197 929 1656 972; baseline 0.001 -12"><span class='ocrx_word' id='word_1_73' title='bbox 197 929 291 961; x_wconf 88' lang='lat' dir='ltr'><strong>chori</strong></span> <span class='ocrx_word' id='word_1_74' title='bbox 317 933 405 969; x_wconf 85' lang='lat' dir='ltr'><strong>erat,</strong></span> <span class='ocrx_word' id='word_1_75' title='bbox 430 929 606 971; x_wconf 84' lang='lat' dir='ltr'>imponere</span> <span class='ocrx_word' id='word_1_76' title='bbox 633 930 826 963; x_wconf 83' lang='lat' dir='ltr'><strong>canticum?</strong></span> <span class='ocrx_word' id='word_1_77' title='bbox 855 935 892 964; x_wconf 82' lang='lat' dir='ltr'><strong>at</strong></span> <span class='ocrx_word' id='word_1_78' title='bbox 908 941 1014 972; x_wconf 85' lang='lat' dir='ltr'><strong>supra</strong></span> <span class='ocrx_word' id='word_1_79' title='bbox 1040 930 1141 970; x_wconf 82' lang='lat' dir='ltr'><strong>dixit,</strong></span> <span class='ocrx_word' id='word_1_80' title='bbox 1163 930 1303 962; x_wconf 90' lang='lat' dir='ltr'><strong>divitem</strong></span> <span class='ocrx_word' id='word_1_81' title='bbox 1330 930 1423 962; x_wconf 88' lang='lat' dir='ltr'><strong>illum</strong></span> <span class='ocrx_word' id='word_1_82' title='bbox 1439 929 1656 972; x_wconf 81' lang='lat' dir='ltr'>nobilemque</span> 
     </span>
     <span class='ocr_line' id='line_1_11' title="bbox 199 971 1659 1015; baseline 0.001 -12"><span class='ocrx_word' id='word_1_83' title='bbox 199 973 318 1012; x_wconf 87' lang='lat' dir='ltr'><strong>virum,</strong></span> <span class='ocrx_word' id='word_1_84' title='bbox 344 973 402 1015; x_wconf 90' lang='lat' dir='ltr'><strong>qui</strong></span> <span class='ocrx_word' id='word_1_85' title='bbox 429 973 526 1005; x_wconf 86' lang='lat' dir='ltr'><strong>ludos</strong></span> <span class='ocrx_word' id='word_1_86' title='bbox 549 978 624 1006; x_wconf 87' lang='lat' dir='ltr'><strong>erat</strong></span> <span class='ocrx_word' id='word_1_87' title='bbox 645 973 811 1015; x_wconf 85' lang='lat' dir='ltr'><strong>facturus,</strong></span> <span class='ocrx_word' id='word_1_88' title='bbox 828 983 905 1006; x_wconf 88' lang='lat' dir='ltr'><strong>cum</strong></span> <span class='ocrx_word' id='word_1_89' title='bbox 930 973 1070 1006; x_wconf 80' lang='lat' dir='ltr'><strong>tibicine</strong></span> <span class='ocrx_word' id='word_1_90' title='bbox 1087 972 1273 1015; x_wconf 80' lang='lat' dir='ltr'><strong>pepigisse,</strong></span> <span class='ocrx_word' id='word_1_91' title='bbox 1288 977 1328 1005; x_wconf 87' lang='lat' dir='ltr'><strong>ut</strong></span> <span class='ocrx_word' id='word_1_92' title='bbox 1344 976 1478 1005; x_wconf 85' lang='lat' dir='ltr'><strong>tantum</strong></span> <span class='ocrx_word' id='word_1_93' title='bbox 1493 971 1530 1004; x_wconf 81' lang='lat' dir='ltr'><strong>se</strong></span> <span class='ocrx_word' id='word_1_94' title='bbox 1545 975 1659 1005; x_wconf 84' lang='lat' dir='ltr'><strong>osteu-</strong></span> 
     </span>
     <span class='ocr_line' id='line_1_12' title="bbox 198 1014 1658 1058; baseline 0.001 -12"><span class='ocrx_word' id='word_1_95' title='bbox 198 1014 298 1047; x_wconf 84' lang='lat' dir='ltr'><strong>deret</strong></span> <span class='ocrx_word' id='word_1_96' title='bbox 314 1016 346 1046; x_wconf 90' lang='lat' dir='ltr'><strong>in</strong></span> <span class='ocrx_word' id='word_1_97' title='bbox 364 1016 521 1048; x_wconf 86' lang='lat' dir='ltr'><strong>theatro:</strong></span> <span class='ocrx_word' id='word_1_98' title='bbox 546 1026 608 1048; x_wconf 88' lang='lat' dir='ltr'><strong>cur</strong></span> <span class='ocrx_word' id='word_1_99' title='bbox 629 1026 712 1058; x_wconf 87' lang='lat' dir='ltr'><strong>ergo</strong></span> <span class='ocrx_word' id='word_1_100' title='bbox 736 1017 793 1049; x_wconf 87' lang='lat' dir='ltr'><strong>hic</strong></span> <span class='ocrx_word' id='word_1_101' title='bbox 819 1016 991 1049; x_wconf 88' lang='lat' dir='ltr'><strong>canticum</strong></span> <span class='ocrx_word' id='word_1_102' title='bbox 1011 1016 1062 1048; x_wconf 90' lang='lat' dir='ltr'><strong>illi</strong></span> <span class='ocrx_word' id='word_1_103' title='bbox 1088 1016 1275 1056; x_wconf 82' lang='lat' dir='ltr'><strong>imponitur</strong></span> <span class='ocrx_word' id='word_1_104' title='bbox 1286 1015 1310 1047; x_wconf 85' lang='lat'><strong>?’</strong></span> <span class='ocrx_word' id='word_1_105' title='bbox 1354 1015 1437 1057; x_wconf 83' lang='lat' dir='ltr'><strong>Ipse</strong></span> <span class='ocrx_word' id='word_1_106' title='bbox 1453 1015 1574 1048; x_wconf 78' lang='lat' dir='ltr'><strong>Heius.</strong></span> <span class='ocrx_word' id='word_1_107' title='bbox 1589 1015 1613 1047; x_wconf 83' lang='lat' dir='ltr'><strong>l.</strong></span> <span class='ocrx_word' id='word_1_108' title='bbox 1626 1025 1658 1048; x_wconf 89' lang='lat' dir='ltr'><strong>c.</strong></span> 
     </span>
     <span class='ocr_line' id='line_1_13' title="bbox 197 1058 1660 1100; baseline 0.001 -11"><span class='ocrx_word' id='word_1_109' title='bbox 197 1058 378 1100; x_wconf 88' lang='lat' dir='ltr'><strong>legendum</strong></span> <span class='ocrx_word' id='word_1_110' title='bbox 396 1063 516 1100; x_wconf 88' lang='lat' dir='ltr'><strong>putat:</strong></span> <span class='ocrx_word' id='word_1_111' title='bbox 543 1060 639 1091; x_wconf 68' lang='lat' dir='ltr'><strong>Claeorz·</strong></span> <span class='ocrx_word' id='word_1_112' title='bbox 663 1061 789 1092; x_wconf 82' lang='lat' dir='ltr'><strong>reducto</strong></span> <span class='ocrx_word' id='word_1_113' title='bbox 812 1063 886 1092; x_wconf 78' lang='lat' dir='ltr'><strong>tunc</strong></span> <span class='ocrx_word' id='word_1_114' title='bbox 900 1060 1042 1100; x_wconf 78' lang='lat' dir='ltr'><strong>ignotum</strong></span> <span class='ocrx_word' id='word_1_115' title='bbox 1060 1058 1216 1091; x_wconf 77' lang='lat' dir='ltr'><strong>canticum</strong></span> <span class='ocrx_word' id='word_1_116' title='bbox 1233 1059 1395 1100; x_wconf 75' lang='lat' dir='ltr'><strong>Imposuit.</strong></span> <span class='ocrx_word' id='word_1_117' title='bbox 1438 1058 1556 1090; x_wconf 78' lang='lat' dir='ltr'><strong>Beati.</strong></span> <span class='ocrx_word' id='word_1_118' title='bbox 1575 1058 1660 1091; x_wconf 70' lang='grc' dir='ltr'>Ίὶιιιο</span> 
     </span>
     <span class='ocr_line' id='line_1_14' title="bbox 196 1101 1660 1145; baseline 0.001 -13"><span class='ocrx_word' id='word_1_119' title='bbox 196 1101 307 1133; x_wconf 80' lang='lat' dir='ltr'><strong>chorus</strong></span> <span class='ocrx_word' id='word_1_120' title='bbox 319 1101 462 1142; x_wconf 80' lang='lat' dir='ltr'><strong>ignotum</strong></span> <span class='ocrx_word' id='word_1_121' title='bbox 477 1111 562 1134; x_wconf 86' lang='lat' dir='ltr'><strong>more</strong></span> <span class='ocrx_word' id='word_1_122' title='bbox 586 1104 675 1134; x_wconf 80' lang='lat' dir='ltr'><strong>docto</strong></span> <span class='ocrx_word' id='word_1_123' title='bbox 691 1102 729 1145; x_wconf 89' lang='lat' dir='ltr'><strong>(i.</strong></span> <span class='ocrx_word' id='word_1_124' title='bbox 745 1112 777 1134; x_wconf 93' lang='lat' dir='ltr'><strong>e.</strong></span> <span class='ocrx_word' id='word_1_125' title='bbox 794 1103 837 1134; x_wconf 92' lang='lat' dir='ltr'><strong>de</strong></span> <span class='ocrx_word' id='word_1_126' title='bbox 852 1101 964 1144; x_wconf 85' lang='lat' dir='ltr'><strong>more)</strong></span> <span class='ocrx_word' id='word_1_127' title='bbox 986 1101 1142 1134; x_wconf 77' lang='lat' dir='ltr'><strong>canticum</strong></span> <span class='ocrx_word' id='word_1_128' title='bbox 1163 1102 1319 1141; x_wconf 78' lang='lat' dir='ltr'><strong>Insonuit,</strong></span> <span class='ocrx_word' id='word_1_129' title='bbox 1335 1101 1378 1134; x_wconf 81' lang='lat' dir='ltr'><strong>ad</strong></span> <span class='ocrx_word' id='word_1_130' title='bbox 1395 1111 1471 1143; x_wconf 78' lang='lat' dir='ltr'><strong>quae</strong></span> <span class='ocrx_word' id='word_1_131' title='bbox 1491 1110 1525 1133; x_wconf 85' lang='lat' dir='ltr'><strong>v.</strong></span> <span class='ocrx_word' id='word_1_132' title='bbox 1542 1101 1660 1134; x_wconf 87' lang='lat' dir='ltr'><strong>Burm.</strong></span> 
     </span>
     <span class='ocr_line' id='line_1_15' title="bbox 196 1143 1678 1187; baseline 0.001 -12"><span class='ocrx_word' id='word_1_133' title='bbox 196 1144 252 1185; x_wconf 91' lang='lat' dir='ltr'><strong>qui</strong></span> <span class='ocrx_word' id='word_1_134' title='bbox 271 1144 454 1185; x_wconf 84' lang='lat' dir='ltr'>proponit:</span> <span class='ocrx_word' id='word_1_135' title='bbox 482 1144 566 1176; x_wconf 76' lang='lat' dir='ltr'><strong>Tunc</strong></span> <span class='ocrx_word' id='word_1_136' title='bbox 591 1145 734 1182; x_wconf 73' lang='lat' dir='ltr'><strong>Chorus,-</strong></span> <span class='ocrx_word' id='word_1_137' title='bbox 759 1149 790 1177; x_wconf 80' lang='lat' dir='ltr'><strong>et</strong></span> <span class='ocrx_word' id='word_1_138' title='bbox 803 1149 912 1177; x_wconf 79' lang='lat' dir='ltr'><strong>notum</strong></span> <span class='ocrx_word' id='word_1_139' title='bbox 927 1155 1000 1177; x_wconf 76' lang='lat' dir='ltr'><strong>mox</strong></span> <span class='ocrx_word' id='word_1_140' title='bbox 1013 1145 1085 1187; x_wconf 87' lang='lat' dir='ltr'><strong>(vel</strong></span> <span class='ocrx_word' id='word_1_141' title='bbox 1099 1143 1206 1186; x_wconf 83' lang='lat' dir='ltr'><strong>modo)</strong></span> <span class='ocrx_word' id='word_1_142' title='bbox 1229 1146 1356 1177; x_wconf 79' lang='lat' dir='ltr'><strong>reducto</strong></span> <span class='ocrx_word' id='word_1_143' title='bbox 1376 1144 1532 1176; x_wconf 72' lang='lat' dir='ltr'><strong>canticum</strong></span> <span class='ocrx_word' id='word_1_144' title='bbox 1555 1143 1678 1186; x_wconf 9' lang='lat' dir='ltr'><strong>Impo-:N</strong></span> 
     </span>
     <span class='ocr_line' id='line_1_16' title="bbox 195 1186 1660 1230; baseline 0 -12"><span class='ocrx_word' id='word_1_145' title='bbox 195 1187 271 1219; x_wconf 76' lang='lat' dir='ltr'><strong>suit.</strong></span> <span class='ocrx_word' id='word_1_146' title='bbox 315 1186 493 1229; x_wconf 86' lang='lat' dir='ltr'><strong>[Sequitur</strong></span> <span class='ocrx_word' id='word_1_147' title='bbox 513 1187 641 1220; x_wconf 90' lang='lat' dir='ltr'><strong>Anton.</strong></span> <span class='ocrx_word' id='word_1_148' title='bbox 663 1188 728 1220; x_wconf 88' lang='lat' dir='ltr'><strong>nisi</strong></span> <span class='ocrx_word' id='word_1_149' title='bbox 744 1187 833 1230; x_wconf 89' lang='lat' dir='ltr'><strong>quod</strong></span> <span class='ocrx_word' id='word_1_150' title='bbox 848 1198 886 1220; x_wconf 79' lang='lat' dir='ltr'><strong>ac</strong></span> <span class='ocrx_word' id='word_1_151' title='bbox 901 1198 964 1229; x_wconf 91' lang='lat' dir='ltr'><strong>pro</strong></span> <span class='ocrx_word' id='word_1_152' title='bbox 978 1191 1010 1220; x_wconf 81' lang='lat' dir='ltr'><strong>et</strong></span> <span class='ocrx_word' id='word_1_153' title='bbox 1022 1186 1228 1228; x_wconf 76' lang='lat' dir='ltr'><strong>substituit-J</strong></span> <span class='ocrx_word' id='word_1_154' title='bbox 1273 1187 1425 1220; x_wconf 79' lang='lat' dir='ltr'><strong>Freinsh.</strong></span> <span class='ocrx_word' id='word_1_155' title='bbox 1449 1187 1536 1219; x_wconf 74' lang='grc' dir='ltr'><strong><em>Τιιησ</em></strong></span> <span class='ocrx_word' id='word_1_156' title='bbox 1548 1186 1660 1218; x_wconf 71' lang='lat' dir='ltr'><strong>chorus</strong></span> 
     </span>
     <span class='ocr_line' id='line_1_17' title="bbox 195 1229 1659 1270; baseline 0.001 -9"><span class='ocrx_word' id='word_1_157' title='bbox 195 1229 338 1270; x_wconf 79' lang='lat' dir='ltr'><strong>ignotum</strong></span> <span class='ocrx_word' id='word_1_158' title='bbox 352 1240 424 1262; x_wconf 80' lang='lat' dir='ltr'><strong>mox</strong></span> <span class='ocrx_word' id='word_1_159' title='bbox 447 1231 574 1262; x_wconf 79' lang='lat' dir='ltr'><strong>reducto</strong></span> <span class='ocrx_word' id='word_1_160' title='bbox 588 1230 744 1262; x_wconf 80' lang='lat' dir='ltr'><strong>canticum</strong></span> <span class='ocrx_word' id='word_1_161' title='bbox 759 1231 901 1262; x_wconf 74' lang='lat' dir='ltr'><strong>Insonuit</strong></span> <span class='ocrx_word' id='word_1_162' title='bbox 909 1240 922 1268; x_wconf 91' lang='lat'><strong>‚·</strong></span> <span class='ocrx_word' id='word_1_163' title='bbox 943 1230 1085 1262; x_wconf 84' lang='lat' dir='ltr'><strong>Prasch.</strong></span> <span class='ocrx_word' id='word_1_164' title='bbox 1114 1230 1202 1262; x_wconf 63' lang='lat' dir='ltr'><strong>(lunc</strong></span> <span class='ocrx_word' id='word_1_165' title='bbox 1215 1229 1336 1270; x_wconf 76' lang='lat' dir='ltr'><strong>chorus,</strong></span> <span class='ocrx_word' id='word_1_166' title='bbox 1349 1229 1456 1269; x_wconf 74' lang='lat' dir='ltr'><strong>ignoto</strong></span> <span class='ocrx_word' id='word_1_167' title='bbox 1470 1238 1564 1270; x_wconf 81' lang='lat' dir='ltr'><strong>more,</strong></span> <span class='ocrx_word' id='word_1_168' title='bbox 1585 1229 1659 1262; x_wconf 69' lang='lat' dir='ltr'><strong>ludo</strong></span> 
     </span>
     <span class='ocr_line' id='line_1_18' title="bbox 193 1271 1658 1314; baseline 0 -10"><span class='ocrx_word' id='word_1_169' title='bbox 193 1274 350 1305; x_wconf 82' lang='lat' dir='ltr'><strong>canticum</strong></span> <span class='ocrx_word' id='word_1_170' title='bbox 362 1273 517 1314; x_wconf 79' lang='lat' dir='ltr'><strong>Imposuit</strong></span> <span class='ocrx_word' id='word_1_171' title='bbox 526 1284 540 1312; x_wconf 92' lang='lat'><strong>,·</strong></span> <span class='ocrx_word' id='word_1_172' title='bbox 563 1273 690 1314; x_wconf 80' lang='lat' dir='ltr'><strong>Rigalt.</strong></span> <span class='ocrx_word' id='word_1_173' title='bbox 708 1274 795 1306; x_wconf 72' lang='grc' dir='ltr'><strong>Ταηο</strong></span> <span class='ocrx_word' id='word_1_174' title='bbox 808 1273 919 1305; x_wconf 72' lang='lat' dir='ltr'><strong>chorus</strong></span> <span class='ocrx_word' id='word_1_175' title='bbox 931 1276 1038 1305; x_wconf 78' lang='lat' dir='ltr'><strong>notum</strong></span> <span class='ocrx_word' id='word_1_176' title='bbox 1051 1282 1138 1304; x_wconf 85' lang='lat' dir='ltr'><strong>moro</strong></span> <span class='ocrx_word' id='word_1_177' title='bbox 1151 1274 1269 1312; x_wconf 77' lang='lat' dir='ltr'><strong>educto,</strong></span> <span class='ocrx_word' id='word_1_178' title='bbox 1286 1273 1310 1305; x_wconf 90' lang='lat' dir='ltr'><strong>i.</strong></span> <span class='ocrx_word' id='word_1_179' title='bbox 1325 1282 1357 1305; x_wconf 88' lang='lat' dir='ltr'><strong>e.</strong></span> <span class='ocrx_word' id='word_1_180' title='bbox 1370 1271 1547 1313; x_wconf 85' lang='lat' dir='ltr'><strong>Principe,</strong></span> <span class='ocrx_word' id='word_1_181' title='bbox 1561 1276 1658 1304; x_wconf 79' lang='lat' dir='ltr'><strong>moro</strong></span> 
     </span>
     <span class='ocr_line' id='line_1_19' title="bbox 195 1315 1658 1358; baseline -0.001 -11"><span class='ocrx_word' id='word_1_182' title='bbox 195 1320 232 1358; x_wconf 82' lang='lat' dir='ltr'><strong>et</strong></span> <span class='ocrx_word' id='word_1_183' title='bbox 245 1316 363 1357; x_wconf 89' lang='lat' dir='ltr'><strong>inepto</strong></span> <span class='ocrx_word' id='word_1_184' title='bbox 376 1315 529 1355; x_wconf 82' lang='lat' dir='ltr'><strong>tibicine,</strong></span> <span class='ocrx_word' id='word_1_185' title='bbox 550 1316 705 1348; x_wconf 81' lang='lat' dir='ltr'><strong>canticum</strong></span> <span class='ocrx_word' id='word_1_186' title='bbox 718 1327 731 1354; x_wconf 87' lang='lat'><strong>,·</strong></span> <span class='ocrx_word' id='word_1_187' title='bbox 746 1315 844 1348; x_wconf 83' lang='lat' dir='ltr'>Idem</span> <span class='ocrx_word' id='word_1_188' title='bbox 859 1316 895 1348; x_wconf 90' lang='lat' dir='ltr'><strong>in</strong></span> <span class='ocrx_word' id='word_1_189' title='bbox 908 1317 1017 1348; x_wconf 79' lang='lat' dir='ltr'><strong>altera</strong></span> <span class='ocrx_word' id='word_1_190' title='bbox 1040 1315 1127 1347; x_wconf 90' lang='lat' dir='ltr'><strong>edit.</strong></span> <span class='ocrx_word' id='word_1_191' title='bbox 1140 1315 1268 1347; x_wconf 84' lang='lat' dir='ltr'><strong>edidit:</strong></span> <span class='ocrx_word' id='word_1_192' title='bbox 1295 1315 1418 1347; x_wconf 68' lang='lat' dir='ltr'><strong>Chorus</strong></span> <span class='ocrx_word' id='word_1_193' title='bbox 1429 1317 1555 1347; x_wconf 80' lang='lat' dir='ltr'><strong>reducto</strong></span> <span class='ocrx_word' id='word_1_194' title='bbox 1569 1317 1658 1355; x_wconf 69' lang='lat' dir='ltr'><strong>tnnc,</strong></span> 
     </span>
     <span class='ocr_line' id='line_1_20' title="bbox 194 1357 1659 1402; baseline -0.001 -12"><span class='ocrx_word' id='word_1_195' title='bbox 194 1361 226 1390; x_wconf 77' lang='lat' dir='ltr'><strong>et</strong></span> <span class='ocrx_word' id='word_1_196' title='bbox 240 1369 351 1391; x_wconf 82' lang='lat' dir='ltr'><strong>novum</strong></span> <span class='ocrx_word' id='word_1_197' title='bbox 365 1357 536 1402; x_wconf 80' lang='lat' dir='ltr'><strong>(Richter.</strong></span> <span class='ocrx_word' id='word_1_198' title='bbox 561 1358 722 1402; x_wconf 77' lang='lat' dir='ltr'><strong>ignotum)</strong></span> <span class='ocrx_word' id='word_1_199' title='bbox 743 1359 898 1392; x_wconf 81' lang='lat' dir='ltr'><strong>canticum</strong></span> <span class='ocrx_word' id='word_1_200' title='bbox 909 1369 922 1396; x_wconf 92' lang='lat'><strong>,·</strong></span> <span class='ocrx_word' id='word_1_201' title='bbox 941 1357 1066 1391; x_wconf 85' lang='lat' dir='ltr'><strong>Scheff.</strong></span> <span class='ocrx_word' id='word_1_202' title='bbox 1093 1358 1178 1390; x_wconf 80' lang='grc' dir='ltr'><em>Τιιησ</em></span> <span class='ocrx_word' id='word_1_203' title='bbox 1196 1358 1306 1390; x_wconf 77' lang='lat' dir='ltr'><strong>chorus</strong></span> <span class='ocrx_word' id='word_1_204' title='bbox 1319 1358 1461 1398; x_wconf 76' lang='lat' dir='ltr'><strong>ignotum</strong></span> <span class='ocrx_word' id='word_1_205' title='bbox 1481 1367 1518 1390; x_wconf 76' lang='lat' dir='ltr'><strong>ac</strong></span> <span class='ocrx_word' id='word_1_206' title='bbox 1531 1357 1659 1390; x_wconf 62' lang='lat' dir='ltr'><strong>reducto</strong></span> 
     </span>
     <span class='ocr_line' id='line_1_21' title="bbox 194 1400 1658 1441; baseline -0.001 -8"><span class='ocrx_word' id='word_1_207' title='bbox 194 1401 347 1434; x_wconf 75' lang='lat' dir='ltr'><strong>canticum</strong></span> <span class='ocrx_word' id='word_1_208' title='bbox 357 1412 370 1439; x_wconf 92' lang='lat'><strong>,·</strong></span> <span class='ocrx_word' id='word_1_209' title='bbox 393 1402 494 1433; x_wconf 86' lang='lat' dir='ltr'><strong>Grut.</strong></span> <span class='ocrx_word' id='word_1_210' title='bbox 512 1406 603 1434; x_wconf 89' lang='lat' dir='ltr'><strong>teste</strong></span> <span class='ocrx_word' id='word_1_211' title='bbox 620 1403 709 1434; x_wconf 89' lang='lat' dir='ltr'><strong>Nev.</strong></span> <span class='ocrx_word' id='word_1_212' title='bbox 735 1402 820 1434; x_wconf 76' lang='lat' dir='ltr'><strong>Tunc</strong></span> <span class='ocrx_word' id='word_1_213' title='bbox 837 1403 950 1434; x_wconf 73' lang='lat' dir='ltr'><strong>chorus</strong></span> <span class='ocrx_word' id='word_1_214' title='bbox 965 1402 1109 1441; x_wconf 77' lang='lat' dir='ltr'><strong>ignotum</strong></span> <span class='ocrx_word' id='word_1_215' title='bbox 1129 1411 1233 1433; x_wconf 82' lang='lat' dir='ltr'><strong>amore</strong></span> <span class='ocrx_word' id='word_1_216' title='bbox 1244 1402 1357 1432; x_wconf 71' lang='lat' dir='ltr'><strong>ductus</strong></span> <span class='ocrx_word' id='word_1_217' title='bbox 1369 1400 1544 1438; x_wconf 72' lang='lat' dir='ltr'><strong>canticum5</strong></span> <span class='ocrx_word' id='word_1_218' title='bbox 1566 1400 1658 1433; x_wconf 87' lang='lat' dir='ltr'><strong>Cun-</strong></span> 
     </span>
     <span class='ocr_line' id='line_1_22' title="bbox 193 1442 1657 1485; baseline -0.001 -9"><span class='ocrx_word' id='word_1_219' title='bbox 193 1444 285 1485; x_wconf 82' lang='lat' dir='ltr'><strong>ingh.</strong></span> <span class='ocrx_word' id='word_1_220' title='bbox 313 1444 433 1476; x_wconf 77' lang='lat' dir='ltr'><strong>Chorus</strong></span> <span class='ocrx_word' id='word_1_221' title='bbox 453 1447 527 1476; x_wconf 76' lang='lat' dir='ltr'><strong>tunc</strong></span> <span class='ocrx_word' id='word_1_222' title='bbox 550 1445 694 1485; x_wconf 82' lang='lat' dir='ltr'><strong>ignotum</strong></span> <span class='ocrx_word' id='word_1_223' title='bbox 714 1454 767 1476; x_wconf 82' lang='lat' dir='ltr'><strong>ore</strong></span> <span class='ocrx_word' id='word_1_224' title='bbox 784 1446 872 1476; x_wconf 77' lang='lat' dir='ltr'><strong>docto</strong></span> <span class='ocrx_word' id='word_1_225' title='bbox 886 1445 1042 1476; x_wconf 79' lang='lat' dir='ltr'><strong>canticum</strong></span> <span class='ocrx_word' id='word_1_226' title='bbox 1057 1443 1198 1475; x_wconf 77' lang='lat' dir='ltr'><strong>Insonuit</strong></span> <span class='ocrx_word' id='word_1_227' title='bbox 1208 1453 1221 1482; x_wconf 90' lang='lat'><em>;</em></span> <span class='ocrx_word' id='word_1_228' title='bbox 1248 1443 1350 1476; x_wconf 80' lang='lat' dir='ltr'><strong>Kohl.</strong></span> <span class='ocrx_word' id='word_1_229' title='bbox 1364 1444 1553 1476; x_wconf 86' lang='lat' dir='ltr'><strong>Comment.</strong></span> <span class='ocrx_word' id='word_1_230' title='bbox 1567 1442 1657 1476; x_wconf 79' lang='lat' dir='ltr'><strong>crit.</strong></span> 
     </span>
     <span class='ocr_line' id='line_1_23' title="bbox 193 1486 1658 1528; baseline 0 -10"><span class='ocrx_word' id='word_1_231' title='bbox 193 1487 342 1520; x_wconf 83' lang='lat' dir='ltr'><strong>Pentad.</strong></span> <span class='ocrx_word' id='word_1_232' title='bbox 358 1496 400 1519; x_wconf 85' lang='lat'><strong>11.</strong></span> <span class='ocrx_word' id='word_1_233' title='bbox 415 1487 438 1519; x_wconf 90' lang='lat' dir='ltr'><strong>l.</strong></span> <span class='ocrx_word' id='word_1_234' title='bbox 453 1489 507 1519; x_wconf 86' lang='grc'><strong>49.</strong></span> <span class='ocrx_word' id='word_1_235' title='bbox 522 1497 557 1528; x_wconf 86' lang='lat' dir='ltr'><strong>p.</strong></span> <span class='ocrx_word' id='word_1_236' title='bbox 569 1491 645 1519; x_wconf 78' lang='lat'><strong>203.</strong></span> <span class='ocrx_word' id='word_1_237' title='bbox 687 1487 807 1519; x_wconf 66' lang='lat' dir='ltr'><strong>Chorus</strong></span> <span class='ocrx_word' id='word_1_238' title='bbox 826 1488 952 1520; x_wconf 79' lang='lat' dir='ltr'><strong>reducto</strong></span> <span class='ocrx_word' id='word_1_239' title='bbox 965 1490 1039 1520; x_wconf 78' lang='lat' dir='ltr'><strong>tunc</strong></span> <span class='ocrx_word' id='word_1_240' title='bbox 1059 1490 1090 1519; x_wconf 79' lang='lat' dir='ltr'><strong>et</strong></span> <span class='ocrx_word' id='word_1_241' title='bbox 1105 1489 1220 1518; x_wconf 77' lang='lat' dir='ltr'><strong>motum</strong></span> <span class='ocrx_word' id='word_1_242' title='bbox 1232 1486 1388 1519; x_wconf 73' lang='lat' dir='ltr'><strong>canticum</strong></span> <span class='ocrx_word' id='word_1_243' title='bbox 1402 1486 1567 1528; x_wconf 72' lang='lat' dir='ltr'><strong>Imposuit,</strong></span> <span class='ocrx_word' id='word_1_244' title='bbox 1584 1486 1658 1518; x_wconf 67' lang='lat' dir='ltr'><strong>lau-</strong></span> 
     </span>
     <span class='ocr_line' id='line_1_24' title="bbox 193 1528 1659 1571; baseline -0.001 -9"><span class='ocrx_word' id='word_1_245' title='bbox 193 1529 278 1562; x_wconf 85' lang='lat' dir='ltr'><strong>dans</strong></span> <span class='ocrx_word' id='word_1_246' title='bbox 295 1534 423 1571; x_wconf 77' lang='lat' dir='ltr'><strong>praeter</strong></span> <span class='ocrx_word' id='word_1_247' title='bbox 447 1529 514 1562; x_wconf 84' lang='lat' dir='ltr'><strong>alia</strong></span> <span class='ocrx_word' id='word_1_248' title='bbox 526 1530 630 1563; x_wconf 82' lang='lat' dir='ltr'><strong>Ovid.</strong></span> <span class='ocrx_word' id='word_1_249' title='bbox 645 1530 733 1563; x_wconf 83' lang='lat' dir='ltr'><strong>Met.</strong></span> <span class='ocrx_word' id='word_1_250' title='bbox 749 1538 825 1568; x_wconf 55' lang='lat' dir='ltr'><strong>juv·</strong></span> <span class='ocrx_word' id='word_1_251' title='bbox 841 1533 895 1563; x_wconf 84' lang='lat'><strong>20.</strong></span> <span class='ocrx_word' id='word_1_252' title='bbox 910 1540 962 1571; x_wconf 85' lang='lat' dir='ltr'><strong>sq.</strong></span> <span class='ocrx_word' id='word_1_253' title='bbox 987 1529 1111 1562; x_wconf 87' lang='lat' dir='ltr'><strong>Editor</strong></span> <span class='ocrx_word' id='word_1_254' title='bbox 1131 1528 1224 1561; x_wconf 89' lang='lat' dir='ltr'><strong>Edit.</strong></span> <span class='ocrx_word' id='word_1_255' title='bbox 1243 1533 1386 1561; x_wconf 86' lang='lat' dir='ltr'><strong>stereot.</strong></span> <span class='ocrx_word' id='word_1_256' title='bbox 1405 1529 1613 1561; x_wconf 65' lang='lat' dir='ltr'><strong>(thomum</strong></span> <span class='ocrx_word' id='word_1_257' title='bbox 1626 1532 1659 1561; x_wconf 76' lang='lat' dir='ltr'><strong>et</strong></span> 
     </span>
     <span class='ocr_line' id='line_1_25' title="bbox 192 1571 1658 1614; baseline 0 -10"><span class='ocrx_word' id='word_1_258' title='bbox 192 1576 300 1604; x_wconf 70' lang='lat' dir='ltr'><strong>notum</strong></span> <span class='ocrx_word' id='word_1_259' title='bbox 325 1574 451 1605; x_wconf 83' lang='lat' dir='ltr'><strong>reducto</strong></span> <span class='ocrx_word' id='word_1_260' title='bbox 475 1573 630 1605; x_wconf 80' lang='lat' dir='ltr'><strong>canticum</strong></span> <span class='ocrx_word' id='word_1_261' title='bbox 649 1572 904 1614; x_wconf 77' lang='lat' dir='ltr'><strong>Imposuit.-2s</strong></span> <span class='ocrx_word' id='word_1_262' title='bbox 926 1572 1043 1604; x_wconf 87' lang='lat' dir='ltr'><strong>Burm.</strong></span> <span class='ocrx_word' id='word_1_263' title='bbox 1068 1572 1270 1613; x_wconf 86' lang='lat' dir='ltr'><strong>conjectura</strong></span> <span class='ocrx_word' id='word_1_264' title='bbox 1284 1571 1447 1604; x_wconf 84' lang='lat' dir='ltr'><strong>Scriverii</strong></span> <span class='ocrx_word' id='word_1_265' title='bbox 1462 1575 1500 1604; x_wconf 88' lang='lat' dir='ltr'><strong>et</strong></span> <span class='ocrx_word' id='word_1_266' title='bbox 1523 1571 1658 1605; x_wconf 83' lang='lat' dir='ltr'><strong>Heinsii</strong></span> 
     </span>
     <span class='ocr_line' id='line_1_26' title="bbox 193 1613 1656 1657; baseline 0 -10"><span class='ocrx_word' id='word_1_267' title='bbox 193 1615 373 1657; x_wconf 86' lang='lat' dir='ltr'><strong>deceptus,</strong></span> <span class='ocrx_word' id='word_1_268' title='bbox 386 1615 509 1655; x_wconf 90' lang='lat' dir='ltr'><strong>edidit,</strong></span> <span class='ocrx_word' id='word_1_269' title='bbox 532 1617 666 1648; x_wconf 78' lang='lat' dir='ltr'><strong>Jactant</strong></span> <span class='ocrx_word' id='word_1_270' title='bbox 682 1615 781 1657; x_wconf 78' lang='lat' dir='ltr'><strong>basia,</strong></span> <span class='ocrx_word' id='word_1_271' title='bbox 805 1620 844 1647; x_wconf 91' lang='lat' dir='ltr'><strong>ut</strong></span> <span class='ocrx_word' id='word_1_272' title='bbox 865 1616 939 1648; x_wconf 80' lang='lat' dir='ltr'><strong>haec</strong></span> <span class='ocrx_word' id='word_1_273' title='bbox 962 1615 1069 1647; x_wconf 86' lang='lat' dir='ltr'><strong>verba</strong></span> <span class='ocrx_word' id='word_1_274' title='bbox 1096 1613 1225 1647; x_wconf 88' lang='lat' dir='ltr'><strong>referat</strong></span> <span class='ocrx_word' id='word_1_275' title='bbox 1240 1614 1284 1647; x_wconf 81' lang='lat' dir='ltr'><strong>ad</strong></span> <span class='ocrx_word' id='word_1_276' title='bbox 1299 1618 1536 1656; x_wconf 76' lang='lat' dir='ltr'><strong>spectatores:</strong></span> <span class='ocrx_word' id='word_1_277' title='bbox 1563 1614 1656 1657; x_wconf 87' lang='lat' dir='ltr'><strong>quod</strong></span> 
     </span>
     <span class='ocr_line' id='line_1_27' title="bbox 192 1657 1656 1700; baseline 0.001 -11"><span class='ocrx_word' id='word_1_278' title='bbox 192 1658 275 1690; x_wconf 86' lang='lat' dir='ltr'><strong>mihi</strong></span> <span class='ocrx_word' id='word_1_279' title='bbox 290 1658 425 1700; x_wconf 88' lang='lat' dir='ltr'><strong>quidem</strong></span> <span class='ocrx_word' id='word_1_280' title='bbox 442 1659 606 1691; x_wconf 86' lang='lat' dir='ltr'><strong>absonum</strong></span> <span class='ocrx_word' id='word_1_281' title='bbox 624 1658 771 1691; x_wconf 80' lang='lat' dir='ltr'><strong>videtur.</strong></span> <span class='ocrx_word' id='word_1_282' title='bbox 815 1659 905 1690; x_wconf 89' lang='lat' dir='ltr'><strong>Nam</strong></span> <span class='ocrx_word' id='word_1_283' title='bbox 922 1662 960 1690; x_wconf 88' lang='lat' dir='ltr'><strong>ut</strong></span> <span class='ocrx_word' id='word_1_284' title='bbox 981 1659 1106 1691; x_wconf 90' lang='lat' dir='ltr'><strong>stultus</strong></span> <span class='ocrx_word' id='word_1_285' title='bbox 1127 1667 1224 1689; x_wconf 86' lang='lat' dir='ltr'><strong>error</strong></span> <span class='ocrx_word' id='word_1_286' title='bbox 1238 1657 1403 1690; x_wconf 87' lang='lat' dir='ltr'><strong>Tibicinis</strong></span> <span class='ocrx_word' id='word_1_287' title='bbox 1417 1657 1565 1699; x_wconf 74' lang='lat' dir='ltr'><strong>intelligi</strong></span> <span class='ocrx_word' id='word_1_288' title='bbox 1580 1666 1656 1699; x_wconf 76' lang='lat' dir='ltr'><strong>pos-</strong></span> 
     </span>
     <span class='ocr_line' id='line_1_28' title="bbox 193 1699 1657 1743; baseline -0.001 -10"><span class='ocrx_word' id='word_1_289' title='bbox 193 1706 259 1742; x_wconf 87' lang='lat' dir='ltr'><strong>set,</strong></span> <span class='ocrx_word' id='word_1_290' title='bbox 270 1702 402 1743; x_wconf 90' lang='lat' dir='ltr'><strong>aliquos</strong></span> <span class='ocrx_word' id='word_1_291' title='bbox 417 1701 476 1734; x_wconf 90' lang='lat' dir='ltr'><strong>ille</strong></span> <span class='ocrx_word' id='word_1_292' title='bbox 492 1706 609 1743; x_wconf 79' lang='lat' dir='ltr'><strong>gestus</strong></span> <span class='ocrx_word' id='word_1_293' title='bbox 631 1701 733 1733; x_wconf 89' lang='lat' dir='ltr'><strong>edere</strong></span> <span class='ocrx_word' id='word_1_294' title='bbox 748 1700 880 1741; x_wconf 86' lang='lat' dir='ltr'><strong>debuit,</strong></span> <span class='ocrx_word' id='word_1_295' title='bbox 895 1701 1019 1743; x_wconf 88' lang='lat' dir='ltr'><strong>quibus</strong></span> <span class='ocrx_word' id='word_1_296' title='bbox 1034 1699 1258 1742; x_wconf 82' lang='lat' dir='ltr'><strong>significaret,</strong></span> <span class='ocrx_word' id='word_1_297' title='bbox 1274 1710 1295 1732; x_wconf 86' lang='lat' dir='ltr'><strong>a</strong></span> <span class='ocrx_word' id='word_1_298' title='bbox 1315 1709 1352 1732; x_wconf 90' lang='lat' dir='ltr'><strong>se</strong></span> <span class='ocrx_word' id='word_1_299' title='bbox 1368 1700 1506 1741; x_wconf 84' lang='lat' dir='ltr'><strong>plausus</strong></span> <span class='ocrx_word' id='word_1_300' title='bbox 1522 1705 1657 1741; x_wconf 72' lang='lat' dir='ltr'><strong>speeta-</strong></span> 
     </span>
     <span class='ocr_line' id='line_1_29' title="bbox 193 1742 1658 1785; baseline -0.001 -9"><span class='ocrx_word' id='word_1_301' title='bbox 193 1749 319 1783; x_wconf 83' lang='lat' dir='ltr'><strong>torum,</strong></span> <span class='ocrx_word' id='word_1_302' title='bbox 334 1750 493 1785; x_wconf 83' lang='lat' dir='ltr'><strong>tanquam</strong></span> <span class='ocrx_word' id='word_1_303' title='bbox 510 1744 574 1776; x_wconf 88' lang='lat' dir='ltr'><strong>sibi</strong></span> <span class='ocrx_word' id='word_1_304' title='bbox 591 1744 648 1775; x_wconf 90' lang='lat' dir='ltr'><strong>uni</strong></span> <span class='ocrx_word' id='word_1_305' title='bbox 663 1743 773 1785; x_wconf 89' lang='lat' dir='ltr'><strong>datos,</strong></span> <span class='ocrx_word' id='word_1_306' title='bbox 787 1743 920 1784; x_wconf 82' lang='lat' dir='ltr'><strong>accipi;</strong></span> <span class='ocrx_word' id='word_1_307' title='bbox 942 1745 1006 1776; x_wconf 88' lang='lat' dir='ltr'><strong>hoc</strong></span> <span class='ocrx_word' id='word_1_308' title='bbox 1027 1749 1149 1775; x_wconf 62' lang='lat' dir='ltr'><strong>autem,</strong></span> <span class='ocrx_word' id='word_1_309' title='bbox 1164 1747 1204 1775; x_wconf 88' lang='lat' dir='ltr'><strong>ut</strong></span> <span class='ocrx_word' id='word_1_310' title='bbox 1224 1747 1420 1783; x_wconf 66' lang='lat' dir='ltr'><strong>praestaret,</strong></span> <span class='ocrx_word' id='word_1_311' title='bbox 1435 1742 1517 1784; x_wconf 88' lang='lat' dir='ltr'><strong>quid</strong></span> <span class='ocrx_word' id='word_1_312' title='bbox 1533 1751 1658 1784; x_wconf 87' lang='lat' dir='ltr'><strong>oppor-</strong></span> 
     </span>
     <span class='ocr_line' id='line_1_30' title="bbox 192 1785 1654 1828; baseline 0 -10"><span class='ocrx_word' id='word_1_313' title='bbox 192 1787 307 1819; x_wconf 85' lang='lat' dir='ltr'><strong>tunius</strong></span> <span class='ocrx_word' id='word_1_314' title='bbox 323 1785 404 1826; x_wconf 87' lang='lat' dir='ltr'><strong>fuit,</strong></span> <span class='ocrx_word' id='word_1_315' title='bbox 420 1797 521 1828; x_wconf 89' lang='lat' dir='ltr'><strong>quam</strong></span> <span class='ocrx_word' id='word_1_316' title='bbox 538 1786 675 1827; x_wconf 83' lang='lat' dir='ltr'><strong>jactare</strong></span> <span class='ocrx_word' id='word_1_317' title='bbox 690 1785 796 1826; x_wconf 87' lang='lat' dir='ltr'><strong>basia,</strong></span> <span class='ocrx_word' id='word_1_318' title='bbox 809 1785 843 1817; x_wconf 90' lang='lat' dir='ltr'><strong>id</strong></span> <span class='ocrx_word' id='word_1_319' title='bbox 857 1791 922 1826; x_wconf 83' lang='lat' dir='ltr'><strong>est,</strong></span> <span class='ocrx_word' id='word_1_320' title='bbox 937 1796 1072 1818; x_wconf 89' lang='lat' dir='ltr'><strong>manum</strong></span> <span class='ocrx_word' id='word_1_321' title='bbox 1083 1790 1119 1817; x_wconf 90' lang='lat' dir='ltr'><strong>et</strong></span> <span class='ocrx_word' id='word_1_322' title='bbox 1133 1786 1184 1817; x_wconf 87' lang='lat' dir='ltr'><strong>ori</strong></span> <span class='ocrx_word' id='word_1_323' title='bbox 1198 1785 1396 1826; x_wconf 84' lang='lat' dir='ltr'><strong>admovere,</strong></span> <span class='ocrx_word' id='word_1_324' title='bbox 1409 1789 1446 1817; x_wconf 90' lang='lat' dir='ltr'><strong>et</strong></span> <span class='ocrx_word' id='word_1_325' title='bbox 1461 1785 1505 1817; x_wconf 86' lang='lat' dir='ltr'><strong>ad</strong></span> <span class='ocrx_word' id='word_1_326' title='bbox 1519 1789 1654 1826; x_wconf 79' lang='lat' dir='ltr'><strong>specta·</strong></span> 
     </span>
     <span class='ocr_line' id='line_1_31' title="bbox 193 1828 1654 1871; baseline 0 -10"><span class='ocrx_word' id='word_1_327' title='bbox 193 1834 286 1862; x_wconf 90' lang='lat' dir='ltr'><strong>tores</strong></span> <span class='ocrx_word' id='word_1_328' title='bbox 302 1829 500 1870; x_wconf 76' lang='lat' dir='ltr'><strong>porrigere?</strong></span> <span class='ocrx_word' id='word_1_329' title='bbox 522 1829 558 1861; x_wconf 90' lang='lat' dir='ltr'><strong>id</strong></span> <span class='ocrx_word' id='word_1_330' title='bbox 582 1828 676 1871; x_wconf 90' lang='lat' dir='ltr'><strong>quod</strong></span> <span class='ocrx_word' id='word_1_331' title='bbox 701 1828 815 1861; x_wconf 81' lang='lat' dir='ltr'><strong>facere</strong></span> <span class='ocrx_word' id='word_1_332' title='bbox 842 1828 1000 1861; x_wconf 89' lang='lat' dir='ltr'><strong>solebant</strong></span> <span class='ocrx_word' id='word_1_333' title='bbox 1021 1828 1175 1868; x_wconf 86' lang='lat' dir='ltr'><strong>Romani,</strong></span> <span class='ocrx_word' id='word_1_334' title='bbox 1196 1832 1235 1859; x_wconf 93' lang='lat' dir='ltr'><strong>ut</strong></span> <span class='ocrx_word' id='word_1_335' title='bbox 1251 1832 1368 1868; x_wconf 85' lang='lat' dir='ltr'><strong>gratos</strong></span> <span class='ocrx_word' id='word_1_336' title='bbox 1383 1837 1419 1860; x_wconf 89' lang='lat' dir='ltr'><strong>se</strong></span> <span class='ocrx_word' id='word_1_337' title='bbox 1435 1832 1471 1859; x_wconf 91' lang='lat' dir='ltr'><strong>et</strong></span> <span class='ocrx_word' id='word_1_338' title='bbox 1486 1837 1654 1861; x_wconf 76' lang='lat' dir='ltr'><strong>memores</strong></span> 
     </span>
     <span class='ocr_line' id='line_1_32' title="bbox 191 1870 1655 1913; baseline -0.001 -9"><span class='ocrx_word' id='word_1_339' title='bbox 191 1872 428 1905; x_wconf 74' lang='lat' dir='ltr'><strong>ostenderent.</strong></span> <span class='ocrx_word' id='word_1_340' title='bbox 473 1872 564 1904; x_wconf 87' lang='lat' dir='ltr'><strong>Sana</strong></span> <span class='ocrx_word' id='word_1_341' title='bbox 589 1875 644 1904; x_wconf 89' lang='lat' dir='ltr'><strong>est</strong></span> <span class='ocrx_word' id='word_1_342' title='bbox 667 1881 749 1913; x_wconf 83' lang='lat' dir='ltr'><strong>ergo</strong></span> <span class='ocrx_word' id='word_1_343' title='bbox 777 1872 882 1903; x_wconf 89' lang='lat' dir='ltr'><strong>lectio</strong></span> <span class='ocrx_word' id='word_1_344' title='bbox 909 1872 995 1903; x_wconf 82' lang='lat' dir='ltr'><strong>Mss.</strong></span> <span class='ocrx_word' id='word_1_345' title='bbox 1020 1871 1129 1903; x_wconf 90' lang='lat' dir='ltr'><strong>Codd.</strong></span> <span class='ocrx_word' id='word_1_346' title='bbox 1146 1876 1183 1903; x_wconf 89' lang='lat' dir='ltr'><strong>et</strong></span> <span class='ocrx_word' id='word_1_347' title='bbox 1197 1871 1275 1902; x_wconf 91' lang='lat' dir='ltr'><strong>edd.</strong></span> <span class='ocrx_word' id='word_1_348' title='bbox 1289 1870 1362 1903; x_wconf 87' lang='lat' dir='ltr'><strong>fere</strong></span> <span class='ocrx_word' id='word_1_349' title='bbox 1379 1870 1541 1912; x_wconf 90' lang='lat' dir='ltr'><strong>omnium,</strong></span> <span class='ocrx_word' id='word_1_350' title='bbox 1575 1880 1655 1904; x_wconf 82' lang='lat' dir='ltr'><strong>uam</strong></span> 
     </span>
     <span class='ocr_line' id='line_1_33' title="bbox 191 1914 1655 1948; baseline -0.001 -1"><span class='ocrx_word' id='word_1_351' title='bbox 191 1915 404 1947; x_wconf 85' lang='lat' dir='ltr'><strong>exhibemus.</strong></span> <span class='ocrx_word' id='word_1_352' title='bbox 427 1915 563 1947; x_wconf 83' lang='lat' dir='ltr'><strong>Desbill.</strong></span> <span class='ocrx_word' id='word_1_353' title='bbox 609 1915 746 1948; x_wconf 82' lang='lat' dir='ltr'><strong>Praeter</strong></span> <span class='ocrx_word' id='word_1_354' title='bbox 759 1914 881 1947; x_wconf 91' lang='lat' dir='ltr'><strong>Heins.</strong></span> <span class='ocrx_word' id='word_1_355' title='bbox 898 1918 936 1946; x_wconf 84' lang='lat' dir='ltr'><strong>et</strong></span> <span class='ocrx_word' id='word_1_356' title='bbox 950 1915 1070 1946; x_wconf 82' lang='lat' dir='ltr'><strong>Burm.</strong></span> <span class='ocrx_word' id='word_1_357' title='bbox 1085 1914 1218 1947; x_wconf 78' lang='lat' dir='ltr'><strong>Jactant</strong></span> <span class='ocrx_word' id='word_1_358' title='bbox 1234 1917 1376 1946; x_wconf 88' lang='lat' dir='ltr'><strong>tuentur</strong></span> <span class='ocrx_word' id='word_1_359' title='bbox 1397 1914 1533 1946; x_wconf 83' lang='lat' dir='ltr'><strong>Santor.</strong></span> <span class='ocrx_word' id='word_1_360' title='bbox 1596 1923 1655 1946; x_wconf 88' lang='lat' dir='ltr'><strong>eu-</strong></span> 
     </span>
     <span class='ocr_line' id='line_1_34' title="bbox 189 1956 1652 2000; baseline -0.001 -10"><span class='ocrx_word' id='word_1_361' title='bbox 189 1958 275 2000; x_wconf 86' lang='lat' dir='ltr'><strong>sing.</strong></span> <span class='ocrx_word' id='word_1_362' title='bbox 292 1957 336 1990; x_wconf 90' lang='lat' dir='ltr'><strong>de</strong></span> <span class='ocrx_word' id='word_1_363' title='bbox 351 1957 525 1991; x_wconf 88' lang='lat' dir='ltr'><strong>Schirach.</strong></span> <span class='ocrx_word' id='word_1_364' title='bbox 539 1956 701 1999; x_wconf 90' lang='lat' dir='ltr'><strong>[Anton.]</strong></span> <span class='ocrx_word' id='word_1_365' title='bbox 734 1956 785 1989; x_wconf 86' lang='lat' dir='ltr'><strong>At</strong></span> <span class='ocrx_word' id='word_1_366' title='bbox 806 1961 900 1990; x_wconf 86' lang='lat' dir='ltr'><strong>stare</strong></span> <span class='ocrx_word' id='word_1_367' title='bbox 929 1961 1046 1998; x_wconf 87' lang='lat' dir='ltr'><strong>potest</strong></span> <span class='ocrx_word' id='word_1_368' title='bbox 1064 1957 1216 1989; x_wconf 87' lang='lat' dir='ltr'><strong>Bentleii</strong></span> <span class='ocrx_word' id='word_1_369' title='bbox 1236 1960 1274 1988; x_wconf 90' lang='lat' dir='ltr'><strong>et</strong></span> <span class='ocrx_word' id='word_1_370' title='bbox 1295 1956 1444 1989; x_wconf 85' lang='lat' dir='ltr'><strong>Desbill.</strong></span> <span class='ocrx_word' id='word_1_371' title='bbox 1467 1956 1652 1990; x_wconf 80' lang='lat' dir='ltr'><strong>sententia.</strong></span> 
     </span>
     <span class='ocr_line' id='line_1_35' title="bbox 191 1998 1655 2042; baseline -0.001 -8"><span class='ocrx_word' id='word_1_372' title='bbox 191 2002 272 2034; x_wconf 85' lang='lat' dir='ltr'><strong>Non</strong></span> <span class='ocrx_word' id='word_1_373' title='bbox 287 2001 378 2033; x_wconf 88' lang='lat' dir='ltr'><strong>enim</strong></span> <span class='ocrx_word' id='word_1_374' title='bbox 391 2000 507 2033; x_wconf 85' lang='lat' dir='ltr'><strong>subest</strong></span> <span class='ocrx_word' id='word_1_375' title='bbox 530 2010 646 2041; x_wconf 85' lang='lat' dir='ltr'><strong>causa,</strong></span> <span class='ocrx_word' id='word_1_376' title='bbox 669 2010 775 2041; x_wconf 90' lang='lat' dir='ltr'><strong>quare</strong></span> <span class='ocrx_word' id='word_1_377' title='bbox 797 2000 980 2033; x_wconf 86' lang='lat' dir='ltr'><strong>lectionem</strong></span> <span class='ocrx_word' id='word_1_378' title='bbox 1002 2000 1088 2032; x_wconf 90' lang='lat' dir='ltr'><strong>Mss.</strong></span> <span class='ocrx_word' id='word_1_379' title='bbox 1103 1998 1347 2040; x_wconf 75' lang='lat' dir='ltr'><strong>repudiandam</strong></span> <span class='ocrx_word' id='word_1_380' title='bbox 1364 2004 1523 2042; x_wconf 83' lang='lat' dir='ltr'><strong>putemus</strong></span> <span class='ocrx_word' id='word_1_381' title='bbox 1537 2010 1548 2039; x_wconf 72' lang='grc' dir='ltr'>ς</span> <span class='ocrx_word' id='word_1_382' title='bbox 1560 2008 1655 2033; x_wconf 78' lang='lat' dir='ltr'><strong>max-</strong></span> 
     </span>
     <span class='ocr_line' id='line_1_36' title="bbox 190 2041 1653 2084; baseline 0 -9"><span class='ocrx_word' id='word_1_383' title='bbox 190 2044 259 2076; x_wconf 89' lang='lat' dir='ltr'><strong>ime</strong></span> <span class='ocrx_word' id='word_1_384' title='bbox 275 2053 352 2076; x_wconf 88' lang='lat' dir='ltr'><strong>cum</strong></span> <span class='ocrx_word' id='word_1_385' title='bbox 363 2043 466 2075; x_wconf 78' lang='lat' dir='ltr'><strong>moris</strong></span> <span class='ocrx_word' id='word_1_386' title='bbox 478 2047 570 2075; x_wconf 87' lang='lat' dir='ltr'><strong>esset</strong></span> <span class='ocrx_word' id='word_1_387' title='bbox 581 2043 739 2084; x_wconf 73' lang='lat' dir='ltr'><strong>scenicis,</strong></span> <span class='ocrx_word' id='word_1_388' title='bbox 751 2043 897 2075; x_wconf 83' lang='lat' dir='ltr'><strong>adorare</strong></span> <span class='ocrx_word' id='word_1_389' title='bbox 909 2043 1082 2084; x_wconf 89' lang='lat' dir='ltr'><strong>populum.</strong></span> <span class='ocrx_word' id='word_1_390' title='bbox 1126 2042 1251 2084; x_wconf 86' lang='lat' dir='ltr'><strong>Neque</strong></span> <span class='ocrx_word' id='word_1_391' title='bbox 1263 2041 1366 2083; x_wconf 89' lang='lat' dir='ltr'><strong>objici</strong></span> <span class='ocrx_word' id='word_1_392' title='bbox 1378 2046 1524 2083; x_wconf 75' lang='lat' dir='ltr'><strong>potesta</strong></span> <span class='ocrx_word' id='word_1_393' title='bbox 1536 2042 1653 2076; x_wconf 75' lang='lat' dir='ltr'><strong>Bam.</strong></span> 
     </span>
     <span class='ocr_line' id='line_1_37' title="bbox 189 2084 1654 2128; baseline 0 -10"><span class='ocrx_word' id='word_1_394' title='bbox 189 2096 259 2119; x_wconf 90' lang='lat' dir='ltr'><strong>non</strong></span> <span class='ocrx_word' id='word_1_395' title='bbox 275 2087 348 2118; x_wconf 90' lang='lat' dir='ltr'><strong>sine</strong></span> <span class='ocrx_word' id='word_1_396' title='bbox 366 2086 491 2127; x_wconf 87' lang='lat' dir='ltr'><strong>copula</strong></span> <span class='ocrx_word' id='word_1_397' title='bbox 504 2089 596 2128; x_wconf 80' lang='lat' dir='ltr'><strong>putat</strong></span> <span class='ocrx_word' id='word_1_398' title='bbox 612 2086 874 2127; x_wconf 87' lang='lat' dir='ltr'><strong>subjuncturum</strong></span> <span class='ocrx_word' id='word_1_399' title='bbox 897 2085 1004 2117; x_wconf 82' lang='lat' dir='ltr'><strong>fuisse</strong></span> <span class='ocrx_word' id='word_1_400' title='bbox 1020 2084 1201 2117; x_wconf 85' lang='lat' dir='ltr'><strong>Phaedrum</strong></span> <span class='ocrx_word' id='word_1_401' title='bbox 1215 2095 1224 2124; x_wconf 92' lang='lat'><strong>;</strong></span> <span class='ocrx_word' id='word_1_402' title='bbox 1240 2094 1316 2117; x_wconf 82' lang='lat' dir='ltr'><strong>cum</strong></span> <span class='ocrx_word' id='word_1_403' title='bbox 1333 2089 1370 2116; x_wconf 92' lang='lat' dir='ltr'><strong>et</strong></span> <span class='ocrx_word' id='word_1_404' title='bbox 1383 2085 1464 2117; x_wconf 85' lang='lat' dir='ltr'><strong>alibi</strong></span> <span class='ocrx_word' id='word_1_405' title='bbox 1479 2094 1541 2126; x_wconf 86' lang='lat' dir='ltr'><strong>per</strong></span> <span class='ocrx_word' id='word_1_406' title='bbox 1555 2094 1654 2127; x_wconf 84' lang='lat' dir='ltr'><strong>asyn-</strong></span> 
     </span>
     <span class='ocr_line' id='line_1_38' title="bbox 188 2127 1652 2171; baseline 0 -10"><span class='ocrx_word' id='word_1_407' title='bbox 188 2130 270 2161; x_wconf 88' lang='lat' dir='ltr'><strong>deta</strong></span> <span class='ocrx_word' id='word_1_408' title='bbox 284 2129 452 2171; x_wconf 86' lang='lat' dir='ltr'><strong>procedat</strong></span> <span class='ocrx_word' id='word_1_409' title='bbox 462 2129 584 2162; x_wconf 85' lang='lat' dir='ltr'><strong>oratio.</strong></span> <span class='ocrx_word' id='word_1_410' title='bbox 628 2129 709 2160; x_wconf 91' lang='lat' dir='ltr'><strong>Vid.</strong></span> <span class='ocrx_word' id='word_1_411' title='bbox 719 2128 762 2160; x_wconf 89' lang='lat' dir='ltr'><strong>ad</strong></span> <span class='ocrx_word' id='word_1_412' title='bbox 779 2129 836 2161; x_wconf 87' lang='lat' dir='ltr'><strong>lib.</strong></span> <span class='ocrx_word' id='word_1_413' title='bbox 852 2137 903 2161; x_wconf 76' lang='grc' dir='ltr'><strong>ιν.</strong></span> <span class='ocrx_word' id='word_1_414' title='bbox 920 2127 991 2160; x_wconf 83' lang='lat' dir='ltr'><strong>fab.</strong></span> <span class='ocrx_word' id='word_1_415' title='bbox 1006 2131 1057 2160; x_wconf 79' lang='lat'><strong>1⁷.</strong></span> <span class='ocrx_word' id='word_1_416' title='bbox 1072 2130 1124 2160; x_wconf 87' lang='grc'><strong>16.</strong></span> <span class='ocrx_word' id='word_1_417' title='bbox 1134 2131 1188 2161; x_wconf 82' lang='grc'><strong>20.</strong></span> <span class='ocrx_word' id='word_1_418' title='bbox 1205 2128 1297 2160; x_wconf 81' lang='lat' dir='ltr'><strong>etad</strong></span> <span class='ocrx_word' id='word_1_419' title='bbox 1312 2128 1369 2160; x_wconf 88' lang='lat' dir='ltr'><strong>lib.</strong></span> <span class='ocrx_word' id='word_1_420' title='bbox 1382 2137 1433 2160; x_wconf 76' lang='grc' dir='ltr'><strong>ιν.</strong></span> <span class='ocrx_word' id='word_1_421' title='bbox 1448 2127 1579 2160; x_wconf 72' lang='lat' dir='ltr'><strong>fab-21.</strong></span> <span class='ocrx_word' id='word_1_422' title='bbox 1596 2131 1652 2161; x_wconf 80' lang='lat'><strong>16.</strong></span> 
     </span>
     <span class='ocr_line' id='line_1_39' title="bbox 191 2170 1653 2214; baseline -0.001 -10"><span class='ocrx_word' id='word_1_423' title='bbox 191 2173 314 2214; x_wconf 86' lang='lat' dir='ltr'><strong>Neque</strong></span> <span class='ocrx_word' id='word_1_424' title='bbox 330 2172 433 2204; x_wconf 88' lang='lat' dir='ltr'><strong>etiam</strong></span> <span class='ocrx_word' id='word_1_425' title='bbox 449 2172 579 2211; x_wconf 86' lang='lat' dir='ltr'><strong>obstat,</strong></span> <span class='ocrx_word' id='word_1_426' title='bbox 593 2171 621 2203; x_wconf 87' lang='lat' dir='ltr'><strong>si</strong></span> <span class='ocrx_word' id='word_1_427' title='bbox 635 2172 803 2213; x_wconf 86' lang='lat' dir='ltr'><strong>Princeps</strong></span> <span class='ocrx_word' id='word_1_428' title='bbox 823 2171 994 2213; x_wconf 84' lang='lat' dir='ltr'><strong>jactasset</strong></span> <span class='ocrx_word' id='word_1_429' title='bbox 1009 2170 1115 2211; x_wconf 86' lang='lat' dir='ltr'><strong>basia,</strong></span> <span class='ocrx_word' id='word_1_430' title='bbox 1136 2180 1202 2204; x_wconf 86' lang='lat' dir='ltr'><strong>non</strong></span> <span class='ocrx_word' id='word_1_431' title='bbox 1218 2171 1351 2211; x_wconf 85' lang='lat' dir='ltr'><strong>equites</strong></span> <span class='ocrx_word' id='word_1_432' title='bbox 1373 2175 1507 2203; x_wconf 87' lang='lat' dir='ltr'><strong>tantum</strong></span> <span class='ocrx_word' id='word_1_433' title='bbox 1522 2171 1653 2204; x_wconf 83' lang='lat' dir='ltr'><strong>visuros</strong></span> 
     </span>
     <span class='ocr_line' id='line_1_40' title="bbox 190 2213 1652 2256; baseline 0 -10"><span class='ocrx_word' id='word_1_434' title='bbox 190 2214 308 2255; x_wconf 82' lang='lat' dir='ltr'><strong>fuisse,</strong></span> <span class='ocrx_word' id='word_1_435' title='bbox 335 2214 396 2247; x_wconf 90' lang='lat' dir='ltr'><strong>sed</strong></span> <span class='ocrx_word' id='word_1_436' title='bbox 423 2216 528 2247; x_wconf 90' lang='lat' dir='ltr'><strong>etiam</strong></span> <span class='ocrx_word' id='word_1_437' title='bbox 561 2215 734 2256; x_wconf 89' lang='lat' dir='ltr'><strong>populum.</strong></span> <span class='ocrx_word' id='word_1_438' title='bbox 779 2215 906 2256; x_wconf 90' lang='lat' dir='ltr'><strong>Utique</strong></span> <span class='ocrx_word' id='word_1_439' title='bbox 925 2215 1012 2245; x_wconf 75' lang='lat' dir='ltr'><strong>eni-in</strong></span> <span class='ocrx_word' id='word_1_440' title='bbox 1037 2213 1182 2255; x_wconf 86' lang='lat' dir='ltr'><strong>populus</strong></span> <span class='ocrx_word' id='word_1_441' title='bbox 1205 2213 1347 2246; x_wconf 82' lang='lat' dir='ltr'><strong>videbat</strong></span> <span class='ocrx_word' id='word_1_442' title='bbox 1360 2213 1652 2254; x_wconf 81' lang='lat' dir='ltr'><strong>hominem,basia</strong></span> 
     </span>
     <span class='ocr_line' id='line_1_41' title="bbox 186 2256 1652 2299; baseline -0.001 -10"><span class='ocrx_word' id='word_1_443' title='bbox 186 2257 392 2299; x_wconf 85' lang='lat' dir='ltr'><strong>jactantem,</strong></span> <span class='ocrx_word' id='word_1_444' title='bbox 417 2262 454 2290; x_wconf 92' lang='lat' dir='ltr'><strong>et</strong></span> <span class='ocrx_word' id='word_1_445' title='bbox 480 2267 558 2289; x_wconf 86' lang='lat' dir='ltr'><strong>mox</strong></span> <span class='ocrx_word' id='word_1_446' title='bbox 581 2257 615 2289; x_wconf 91' lang='lat' dir='ltr'><strong>in</strong></span> <span class='ocrx_word' id='word_1_447' title='bbox 641 2257 774 2298; x_wconf 87' lang='lat' dir='ltr'><strong>pulpito</strong></span> <span class='ocrx_word' id='word_1_448' title='bbox 804 2261 914 2289; x_wconf 92' lang='lat' dir='ltr'><strong>totum</strong></span> <span class='ocrx_word' id='word_1_449' title='bbox 934 2267 970 2288; x_wconf 92' lang='lat' dir='ltr'><strong>se</strong></span> <span class='ocrx_word' id='word_1_450' title='bbox 989 2260 1278 2298; x_wconf 84' lang='lat' dir='ltr'><strong>prosternentem,</strong></span> <span class='ocrx_word' id='word_1_451' title='bbox 1298 2256 1359 2288; x_wconf 89' lang='lat' dir='ltr'><strong>sed</strong></span> <span class='ocrx_word' id='word_1_452' title='bbox 1373 2266 1488 2288; x_wconf 81' lang='lat' dir='ltr'><strong>veram</strong></span> <span class='ocrx_word' id='word_1_453' title='bbox 1504 2266 1652 2297; x_wconf 78' lang='lat' dir='ltr'><strong>causam,</strong></span> 
     </span>
     <span class='ocr_line' id='line_1_42' title="bbox 190 2298 1650 2341; baseline 0 -9"><span class='ocrx_word' id='word_1_454' title='bbox 190 2310 295 2341; x_wconf 87' lang='lat' dir='ltr'><strong>quare</strong></span> <span class='ocrx_word' id='word_1_455' title='bbox 321 2301 386 2332; x_wconf 89' lang='lat' dir='ltr'><strong>hoc</strong></span> <span class='ocrx_word' id='word_1_456' title='bbox 410 2300 554 2340; x_wconf 85' lang='lat' dir='ltr'><strong>faceret,</strong></span> <span class='ocrx_word' id='word_1_457' title='bbox 581 2300 696 2332; x_wconf 84' lang='lat' dir='ltr'><strong>neseio</strong></span> <span class='ocrx_word' id='word_1_458' title='bbox 727 2299 908 2341; x_wconf 87' lang='lat' dir='ltr'><strong>quomodo,</strong></span> <span class='ocrx_word' id='word_1_459' title='bbox 929 2309 996 2330; x_wconf 90' lang='lat' dir='ltr'><strong>non</strong></span> <span class='ocrx_word' id='word_1_460' title='bbox 1024 2299 1261 2340; x_wconf 78' lang='lat' dir='ltr'><strong>intelligebat3</strong></span> <span class='ocrx_word' id='word_1_461' title='bbox 1283 2309 1362 2330; x_wconf 91' lang='lat' dir='ltr'><strong>mox</strong></span> <span class='ocrx_word' id='word_1_462' title='bbox 1376 2299 1466 2331; x_wconf 92' lang='lat' dir='ltr'><strong>enim</strong></span> <span class='ocrx_word' id='word_1_463' title='bbox 1482 2298 1650 2332; x_wconf 79' lang='lat' dir='ltr'><strong>Phaedrus</strong></span> 
     </span>
     <span class='ocr_line' id='line_1_43' title="bbox 189 2341 1650 2384; baseline -0.001 -9"><span class='ocrx_word' id='word_1_464' title='bbox 189 2348 320 2383; x_wconf 82' lang='lat' dir='ltr'><strong>narrat,</strong></span> <span class='ocrx_word' id='word_1_465' title='bbox 336 2343 499 2384; x_wconf 89' lang='lat' dir='ltr'><strong>populum</strong></span> <span class='ocrx_word' id='word_1_466' title='bbox 515 2342 743 2382; x_wconf 82' lang='lat' dir='ltr'><strong>existimasse,</strong></span> <span class='ocrx_word' id='word_1_467' title='bbox 758 2351 915 2374; x_wconf 82' lang='lat' dir='ltr'><strong>coronam</strong></span> <span class='ocrx_word' id='word_1_468' title='bbox 932 2351 1053 2383; x_wconf 86' lang='lat' dir='ltr'><strong>rogare</strong></span> <span class='ocrx_word' id='word_1_469' title='bbox 1069 2341 1265 2381; x_wconf 72' lang='lat' dir='ltr'><strong>tibIciuem3</strong></span> <span class='ocrx_word' id='word_1_470' title='bbox 1283 2342 1392 2374; x_wconf 83' lang='lat' dir='ltr'><strong>donee</strong></span> <span class='ocrx_word' id='word_1_471' title='bbox 1407 2351 1463 2373; x_wconf 83' lang='lat' dir='ltr'><strong>res</strong></span> <span class='ocrx_word' id='word_1_472' title='bbox 1475 2341 1650 2383; x_wconf 76' lang='lat' dir='ltr'><strong>patefacta</strong></span> 
     </span>
     <span class='ocr_line' id='line_1_44' title="bbox 188 2384 1649 2428; baseline -0.001 -10"><span class='ocrx_word' id='word_1_473' title='bbox 188 2395 254 2426; x_wconf 83' lang='lat' dir='ltr'><strong>per</strong></span> <span class='ocrx_word' id='word_1_474' title='bbox 267 2387 414 2428; x_wconf 84' lang='lat' dir='ltr'><strong>equites,</strong></span> <span class='ocrx_word' id='word_1_475' title='bbox 440 2386 498 2427; x_wconf 86' lang='lat' dir='ltr'><strong>qui</strong></span> <span class='ocrx_word' id='word_1_476' title='bbox 523 2386 666 2418; x_wconf 86' lang='lat' dir='ltr'><strong>stultum</strong></span> <span class='ocrx_word' id='word_1_477' title='bbox 691 2394 841 2418; x_wconf 85' lang='lat' dir='ltr'><strong>errorem</strong></span> <span class='ocrx_word' id='word_1_478' title='bbox 868 2384 983 2416; x_wconf 88' lang='lat' dir='ltr'><strong>statim</strong></span> <span class='ocrx_word' id='word_1_479' title='bbox 1009 2385 1264 2425; x_wconf 88' lang='lat' dir='ltr'><strong>intellexerant,</strong></span> <span class='ocrx_word' id='word_1_480' title='bbox 1285 2385 1403 2416; x_wconf 88' lang='lat' dir='ltr'><strong>cuneis</strong></span> <span class='ocrx_word' id='word_1_481' title='bbox 1419 2385 1649 2417; x_wconf 80' lang='lat' dir='ltr'><strong>innotesceret</strong></span> 
     </span>
     <span class='ocr_line' id='line_1_45' title="bbox 190 2425 1648 2471; baseline -0.001 -10"><span class='ocrx_word' id='word_1_482' title='bbox 190 2429 359 2471; x_wconf 88' lang='lat' dir='ltr'><strong>omnibus,</strong></span> <span class='ocrx_word' id='word_1_483' title='bbox 387 2433 423 2461; x_wconf 88' lang='lat' dir='ltr'><strong>et</strong></span> <span class='ocrx_word' id='word_1_484' title='bbox 438 2428 495 2461; x_wconf 86' lang='lat' dir='ltr'><strong>ille</strong></span> <span class='ocrx_word' id='word_1_485' title='bbox 521 2428 564 2460; x_wconf 91' lang='lat' dir='ltr'><strong>ab</strong></span> <span class='ocrx_word' id='word_1_486' title='bbox 586 2427 753 2461; x_wconf 78' lang='lat' dir='ltr'><strong>universis</strong></span> <span class='ocrx_word' id='word_1_487' title='bbox 774 2426 864 2460; x_wconf 83' lang='lat' dir='ltr'><strong>foras</strong></span> <span class='ocrx_word' id='word_1_488' title='bbox 886 2427 1159 2469; x_wconf 85' lang='lat' dir='ltr'><strong>protruderetur.</strong></span> <span class='ocrx_word' id='word_1_489' title='bbox 1204 2425 1258 2462; x_wconf 89' lang='lat' dir='ltr'><strong>Cf.</strong></span> <span class='ocrx_word' id='word_1_490' title='bbox 1273 2437 1322 2459; x_wconf 91' lang='lat' dir='ltr'><strong>vs.</strong></span> <span class='ocrx_word' id='word_1_491' title='bbox 1346 2430 1400 2460; x_wconf 77' lang='lat'><strong>32.</strong></span> <span class='ocrx_word' id='word_1_492' title='bbox 1422 2437 1497 2470; x_wconf 85' lang='lat' dir='ltr'><strong>sqq.</strong></span> <span class='ocrx_word' id='word_1_493' title='bbox 1521 2436 1564 2460; x_wconf 90' lang='lat' dir='ltr'><strong>ex</strong></span> <span class='ocrx_word' id='word_1_494' title='bbox 1581 2436 1648 2470; x_wconf 90' lang='lat' dir='ltr'><strong>quo</strong></span> 
     </span>
    </p>
   </div>
   <div class='ocr_carea' id='block_1_6' title="bbox 848 2546 994 2580">
    <p class='ocr_par' dir='ltr' id='par_1_6' title="bbox 848 2546 994 2580">
     <span class='ocr_line' id='line_1_46' title="bbox 848 2546 994 2580; baseline -0.021 0"><span class='ocrx_word' id='word_1_495' title='bbox 848 2546 994 2580; x_wconf 87' lang='lat' dir='ltr'><strong>NOTAE</strong></span> 
     </span>
    </p>
   </div>
   <div class='ocr_carea' id='block_1_7' title="bbox 184 2630 1644 2930">
    <p class='ocr_par' dir='ltr' id='par_1_7' title="bbox 184 2630 1644 2778">
     <span class='ocr_line' id='line_1_47' title="bbox 187 2630 1644 2676; baseline -0.001 -7"><span class='ocrx_word' id='word_1_496' title='bbox 187 2636 332 2669; x_wconf 88' lang='lat' dir='ltr'><strong>Tibicen</strong></span> <span class='ocrx_word' id='word_1_497' title='bbox 348 2635 508 2670; x_wconf 89' lang='lat' dir='ltr'><strong>detentus</strong></span> <span class='ocrx_word' id='word_1_498' title='bbox 527 2635 649 2669; x_wconf 85' lang='lat' dir='ltr'><strong>fuisset</strong></span> <span class='ocrx_word' id='word_1_499' title='bbox 668 2635 761 2669; x_wconf 90' lang='lat' dir='ltr'><strong>lecto</strong></span> <span class='ocrx_word' id='word_1_500' title='bbox 783 2643 888 2675; x_wconf 78' lang='lat' dir='ltr'><strong>prop-</strong></span> <span class='ocrx_word' id='word_1_501' title='bbox 941 2630 1070 2664; x_wconf 86' lang='lat' dir='ltr'><strong>factum</strong></span> <span class='ocrx_word' id='word_1_502' title='bbox 1086 2636 1141 2665; x_wconf 88' lang='lat' dir='ltr'><strong>est</strong></span> <span class='ocrx_word' id='word_1_503' title='bbox 1162 2636 1202 2664; x_wconf 91' lang='lat' dir='ltr'><strong>ut</strong></span> <span class='ocrx_word' id='word_1_504' title='bbox 1221 2632 1388 2666; x_wconf 87' lang='lat' dir='ltr'><strong>erraverit</strong></span> <span class='ocrx_word' id='word_1_505' title='bbox 1410 2633 1644 2676; x_wconf 85' lang='lat' dir='ltr'><strong>vehementer,</strong></span> 
     </span>
     <span class='ocr_line' id='line_1_48' title="bbox 189 2682 1643 2728; baseline 0 -10"><span class='ocrx_word' id='word_1_506' title='bbox 189 2691 243 2719; x_wconf 86' lang='lat' dir='ltr'><strong>ter</strong></span> <span class='ocrx_word' id='word_1_507' title='bbox 255 2691 434 2728; x_wconf 74' lang='lat' dir='ltr'><strong>acceptum</strong></span> <span class='ocrx_word' id='word_1_508' title='bbox 445 2688 746 2728; x_wconf 79' lang='lat' dir='ltr'><strong>vulnus,potuerat</strong></span> <span class='ocrx_word' id='word_1_509' title='bbox 756 2685 889 2717; x_wconf 84' lang='lat' dir='ltr'><strong>nescire</strong></span> <span class='ocrx_word' id='word_1_510' title='bbox 941 2682 1007 2714; x_wconf 82' lang='lat' dir='ltr'><strong>sibi</strong></span> <span class='ocrx_word' id='word_1_511' title='bbox 1021 2682 1150 2714; x_wconf 91' lang='lat' dir='ltr'><strong>dictum</strong></span> <span class='ocrx_word' id='word_1_512' title='bbox 1166 2687 1302 2724; x_wconf 81' lang='lat' dir='ltr'><strong>putans,</strong></span> <span class='ocrx_word' id='word_1_513' title='bbox 1329 2683 1421 2726; x_wconf 89' lang='lat' dir='ltr'><strong>quod</strong></span> <span class='ocrx_word' id='word_1_514' title='bbox 1443 2684 1643 2726; x_wconf 80' lang='lat' dir='ltr'><strong>imperatori</strong></span> 
     </span>
     <span class='ocr_line' id='line_1_49' title="bbox 184 2731 1139 2778; baseline -0.005 -9"><span class='ocrx_word' id='word_1_515' title='bbox 184 2731 357 2769; x_wconf 52' lang='lat' dir='ltr'><strong>&#39;canticum</strong></span> <span class='ocrx_word' id='word_1_516' title='bbox 393 2737 428 2770; x_wconf 91' lang='lat' dir='ltr'><strong>iu</strong></span> <span class='ocrx_word' id='word_1_517' title='bbox 454 2738 616 2769; x_wconf 83' lang='lat' dir='ltr'><strong>honorem</strong></span> <span class='ocrx_word' id='word_1_518' title='bbox 651 2735 887 2778; x_wconf 86' lang='lat' dir='ltr'><strong>Imperatoris.</strong></span> <span class='ocrx_word' id='word_1_519' title='bbox 942 2732 1139 2765; x_wconf 84' lang='lat' dir='ltr'><strong>dicebatur.</strong></span> 
     </span>
    </p>

    <p class='ocr_par' dir='ltr' id='par_1_8' title="bbox 187 2782 1641 2879">
     <span class='ocr_line' id='line_1_50' title="bbox 189 2782 1641 2829; baseline 0 -10"><span class='ocrx_word' id='word_1_520' title='bbox 189 2787 354 2828; x_wconf 90' lang='lat' dir='ltr'><strong>Ordoque</strong></span> <span class='ocrx_word' id='word_1_521' title='bbox 368 2786 488 2818; x_wconf 89' lang='lat' dir='ltr'><strong>horum</strong></span> <span class='ocrx_word' id='word_1_522' title='bbox 503 2786 682 2820; x_wconf 85' lang='lat' dir='ltr'><strong>verborum</strong></span> <span class='ocrx_word' id='word_1_523' title='bbox 708 2786 786 2818; x_wconf 88' lang='lat' dir='ltr'><strong>talis</strong></span> <span class='ocrx_word' id='word_1_524' title='bbox 809 2790 884 2818; x_wconf 84' lang='lat' dir='ltr'><strong>est:</strong></span> <span class='ocrx_word' id='word_1_525' title='bbox 984 2785 1027 2815; x_wconf 86' lang='lat'><strong>28</strong></span> <span class='ocrx_word' id='word_1_526' title='bbox 1049 2783 1160 2817; x_wconf 72' lang='lat' dir='ltr'><strong>«Iactat</strong></span> <span class='ocrx_word' id='word_1_527' title='bbox 1175 2782 1277 2827; x_wconf 76' lang='lat' dir='ltr'><strong>basia]</strong></span> <span class='ocrx_word' id='word_1_528' title='bbox 1300 2782 1342 2819; x_wconf 79' lang='lat' dir='ltr'><strong>Id</strong></span> <span class='ocrx_word' id='word_1_529' title='bbox 1360 2786 1424 2827; x_wconf 85' lang='lat' dir='ltr'><strong>est,</strong></span> <span class='ocrx_word' id='word_1_530' title='bbox 1448 2784 1568 2821; x_wconf 77' lang='lat' dir='ltr'><strong>adorat</strong></span> <span class='ocrx_word' id='word_1_531' title='bbox 1581 2794 1641 2829; x_wconf 86' lang='lat' dir='ltr'><strong>po·</strong></span> 
     </span>
     <span class='ocr_line' id='line_1_51' title="bbox 187 2833 1152 2879; baseline 0 -10"><span class='ocrx_word' id='word_1_532' title='bbox 187 2837 286 2869; x_wconf 84' lang='lat' dir='ltr'><strong>Tunc</strong></span> <span class='ocrx_word' id='word_1_533' title='bbox 301 2837 424 2869; x_wconf 86' lang='lat' dir='ltr'><strong>chorus</strong></span> <span class='ocrx_word' id='word_1_534' title='bbox 440 2836 591 2872; x_wconf 84' lang='lat' dir='ltr'><strong>insonuit</strong></span> <span class='ocrx_word' id='word_1_535' title='bbox 605 2837 774 2870; x_wconf 88' lang='lat' dir='ltr'><strong>canticum</strong></span> <span class='ocrx_word' id='word_1_536' title='bbox 790 2836 886 2879; x_wconf 80' lang='lat' dir='ltr'><strong>igno·</strong></span> <span class='ocrx_word' id='word_1_537' title='bbox 938 2833 1066 2877; x_wconf 76' lang='lat' dir='ltr'><strong>pulum.</strong></span> <span class='ocrx_word' id='word_1_538' title='bbox 1148 2835 1152 2840; x_wconf 84' lang='grc'><strong>’</strong></span> 
     </span>
    </p>

    <p class='ocr_par' dir='ltr' id='par_1_9' title="bbox 189 2886 968 2930">
     <span class='ocr_line' id='line_1_52' title="bbox 189 2886 968 2930; baseline 0.001 -10"><span class='ocrx_word' id='word_1_539' title='bbox 189 2892 261 2921; x_wconf 90' lang='lat' dir='ltr'><strong>tum</strong></span> <span class='ocrx_word' id='word_1_540' title='bbox 278 2887 421 2920; x_wconf 84' lang='lat' dir='ltr'><strong>reducto</strong></span> <span class='ocrx_word' id='word_1_541' title='bbox 437 2886 592 2930; x_wconf 83' lang='lat' dir='ltr'><strong>Principi</strong></span> <span class='ocrx_word' id='word_1_542' title='bbox 607 2886 762 2921; x_wconf 90' lang='lat' dir='ltr'><strong>Tibicini.</strong></span> <span class='ocrx_word' id='word_1_543' title='bbox 806 2888 884 2923; x_wconf 81' lang='lat' dir='ltr'><strong>Quo</strong></span> <span class='ocrx_word' id='word_1_544' title='bbox 966 2890 968 2892; x_wconf 77' lang='grc'><strong>’</strong></span> 
     </span>
    </p>
   </div>
  </div>
 </body>
</html>
