1806 3236
280 247 367 290 646

280 353 450 396 scriptura
464 365 472 388 :
496 355 620 388 deinde
637 356 751 389 sensui
765 356 850 390 mire
866 366 988 390 conve·

281 405 343 438 nit.
387 405 512 448 Neque
534 406 626 439 euim
649 407 814 449 liberalis,
839 409 901 442 sed
917 413 986 442 stu-

281 457 355 499 pidi
369 462 424 490 est
438 459 581 500 ingenii,
600 459 657 502 qui
671 460 755 493 talia
770 461 894 503 jactat.
940 462 987 494 Et

282 518 384 550 quam
414 508 469 541 hic
509 509 687 552 eleganter
724 512 987 544 committuntur

281 562 389 601 stupor
419 564 455 592 et
482 561 608 602 pudor!
659 561 766 595 Amat
792 563 987 596 istiusmodi

283 611 466 643 allusiones
483 611 660 647 Phaedrus.
704 614 797 647 Hinc
811 614 870 647 illa
885 615 919 647 in
933 624 988 647 eo·

282 661 361 693 dem
391 671 505 704 versu,
538 664 548 682 ‘
569 664 714 696 Monet'
744 669 781 698 et
806 664 986 707 ‘Movet;'

281 713 291 730 ‘
308 712 484 746 Auxilium
496 714 506 728 ’
528 719 566 747 et
586 716 596 733 ‘
613 715 763 748 Exitium
776 726 785 755 ;
798 715 808 729 '
837 716 848 734 ‘
864 715 986 749 Potius

282 763 375 805 laedi,
398 774 499 807 quam
524 765 628 798 dedi!
673 766 741 798 Sed
765 767 847 799 illud
870 766 987 809 impri-

282 815 344 846 mis
353 815 467 858 juvat,
482 816 572 858 quod
589 815 743 859 formica,
757 827 856 861 quam
871 828 987 851 musca

280 867 430 901 rusticam
447 871 560 908 vocat,
583 869 705 901 merito
727 870 917 902 convicium
935 879 987 902 re-

282 917 392 958 ξενίη
414 918 605 952 maledictis
622 920 712 952 enim
728 921 787 963 qui
801 925 926 962 certat,
948 925 988 954 ut

281 969 330 1001 ait
346 970 516 1011 Comicus,
540 972 628 1004 male
644 972 774 1006 audiat.
821 974 908 1006 Haec
935 984 987 1006 re-

281 1020 452 1062 spondere
470 1022 666 1064 voluit,non
681 1024 850 1057 lacessere
861 1038 870 1066 ;
896 1025 986 1068 quod

281 1071 326 1103 ab
348 1072 408 1104 illa
431 1073 571 1106 allatum
596 1079 659 1116 est,
679 1075 745 1108 sibi
762 1076 796 1109 id
813 1086 887 1109 esse
904 1078 989 1110 rela-

281 1126 353 1155 tum
370 1128 484 1165 putet.
530 1126 607 1158 Non
624 1131 764 1169 poterat
779 1133 892 1161 autem
909 1139 989 1162 con-

281 1175 405 1207 vicium
416 1177 614 1210 concinnius
622 1187 687 1211 nec
698 1179 835 1212 latinius
848 1179 989 1214 referre.

280 1224 447 1258 Similiter
470 1227 681 1261 Veronensis
706 1229 764 1262 ille
787 1230 988 1263 Latinarum

281 1275 456 1308 Venerum
486 1286 622 1320 parens,
655 1289 756 1322 quem
788 1281 824 1313 in
855 1281 988 1314 deliciis

280 1325 402 1359 habuit
425 1331 556 1370 noster,
579 1328 623 1361 de
647 1331 820 1373 municipe
841 1333 987 1374 quodam

282 1387 356 1420 suo,
377 1379 512 1412 homine
527 1381 766 1416 insulsissima:
791 1384 801 1402 ⁴
816 1384 906 1416 Talis
922 1385 987 1418 iste

281 1440 377 1463 meus
403 1435 526 1475 stupor
559 1434 607 1466 nil
651 1434 757 1477 videt,
788 1436 837 1467 nil
868 1436 987 1469 audit.'

281 1481 349 1514 sed
365 1482 440 1515 haec
458 1487 633 1527 utcunque
659 1495 696 1518 se
712 1485 874 1525 habeant,
897 1488 987 1520 malo

281 1533 490 1575 scriptorum
515 1534 680 1568 librorum
709 1538 888 1571 commodo
912 1548 988 1571 sen-

281 1583 332 1615 sui
348 1583 528 1626 inhaerere,
551 1595 653 1629 quam
668 1587 877 1630 conjecturis
893 1589 987 1622 blan-

282 1635 456 1667 dientibus
473 1636 610 1678 ingenio
624 1637 813 1680 indulgere.
839 1640 921 1672 Gad.

303 1688 342 1717 15
355 1686 449 1719 Nihil
461 1687 673 1730 laboras‚85·c.]
687 1689 720 1721 N
724 1699 789 1731 am,
801 1694 839 1722 ut
850 1691 988 1732 elegan-

284 1741 339 1769 ter
355 1741 392 1769 et
407 1747 487 1770 vere
503 1738 553 1770 ait
573 1739 617 1771 B.
637 1739 796 1781 Ignatius
811 1742 920 1783 Epist.
936 1751 986 1775 ιν.

275 1787 392 1831 Μήτηρ
405 1790 463 1827 τῆς
479 1789 594 1823 ἐνδείας
606 1789 626 1829 ἦ
640 1790 747 1833 ἀργία.
790 1791 839 1825 At
855 1799 989 1835 contra,

280 1841 468 1873 secundum
485 1841 581 1884 alios,
601 1842 640 1874 ‘O
659 1842 753 1876 πόνος
775 1843 811 1875 οὐ
828 1844 923 1884 μόνον
942 1846 988 1878 εὐ-

279 1891 397 1933 κλείας,
412 1891 498 1924 ἀλλὰ
513 1891 564 1925 καὶ
578 1892 718 1926 πλούτου
730 1893 844 1937 πατήρ.
873 1896 988 1928 Multa

280 1944 315 1975 in
332 1944 418 1976 hanc
435 1944 643 1976 sententiam
658 1945 765 1978 habet
777 1946 938 1979 Salomon
952 1947 987 1979 in

282 1995 495 2036 Proverbiis,
517 2000 554 2027 et
568 1995 741 2028 Siracides
771 1997 804 2029 in
830 1996 989 2040 παναρέτφ

281 2046 396 2090 σοφίᾳι
421 2058 499 2090 quae
524 2047 648 2091 cuique
675 2048 710 2079 in
740 2053 903 2091 promptu
934 2053 989 2082 est

283 2100 375 2143 apud
392 2101 468 2132 illos
484 2100 614 2142 legere.
637 2100 724 2133 Ritt.

327 2153 368 2183 16
383 2151 527 2183 Granum
537 2150 572 2183 in
581 2150 728 2193 hiemem]
741 2151 896 2185 Pisidas:
913 2152 989 2195 Πρό-

282 2205 365 2244 ελθε,
379 2200 498 2243 μύρμηξ
512 2200 735 2244 σιτοκλέπτης,
760 2201 907 2247 ἐργάτης,
922 2206 987 2237 &c-

284 2253 363 2294 Rig.

325 2304 365 2336 In
386 2303 540 2347 hyemem]
565 2303 709 2346 Hyemis
734 2314 864 2338 caussa.
886 2305 990 2347 Schef.

280 2355 336 2388 Sic
358 2348 502 2388 Terent.
528 2355 635 2388 Andr.
659 2364 699 2388 11.
714 2357 747 2387 2.
782 2356 792 2372 ‘
820 2356 927 2389 Olera
953 2361 990 2389 et

279 2407 461 2449 pisciculos
477 2407 626 2439 minutos
640 2404 731 2438 ferre
755 2406 855 2439 obolo
871 2408 904 2438 in
922 2418 988 2440 coe-

280 2458 381 2490 nam!
425 2458 471 2490 Et
497 2456 647 2499 Adelph.
668 2465 724 2489 111.
749 2459 781 2489 3.
803 2457 813 2475 ‘
829 2458 926 2490 Dare
954 2459 988 2490 in

282 2508 452 2542 sumtum.’

328 2560 487 2601 Congere]
500 2559 656 2602 Proprie.
668 2558 825 2601 Sympos.
840 2559 987 2602 AEnigm.

282 2619 377 2643 xxu.
401 2611 411 2628 ‘
429 2610 508 2642 Non
536 2619 618 2652 gero
647 2620 771 2651 magna
793 2610 903 2652 simul,
926 2611 987 2643 sed

281 2672 431 2704 congero
447 2662 555 2694 multa
572 2660 742 2693 vicissim!
787 2660 877 2694 Vide
892 2672 986 2704 supr.

281 2712 324 2745 ad
339 2713 408 2745 fab.
425 2715 478 2745 19.

325 2766 366 2795 17
389 2764 538 2806 Murum]
562 2763 603 2796 Id
620 2767 686 2806 est,
710 2763 846 2796 domum
863 2763 898 2796 in
915 2764 986 2806 pla·

280 2814 357 2846 tels.
382 2814 498 2847 Heius.
543 2815 648 2847 Forte
673 2814 813 2848 trivium.
839 2814 883 2848 V.
910 2824 984 2857 sup.

280 2864 351 2897 sab.
366 2868 420 2899 27.

745 260 887 291 NOTAE
920 258 1188 294 VARIORUM
1221 264 1272 294 m

1040 371 1042 373 ·
1083 362 1124 392 18
1145 355 1272 393 AEshte
1298 359 1362 402 me]
1395 361 1462 395 Ms.
1497 362 1658 396 metm
1680 363 1740 396 ele.

1038 409 1132 443 Gnd.
1676 427 1679 430 ·

1082 462 1124 493 19
1157 461 1245 494 Man·
1271 463 1479 506 contractam]
1509 463 1645 498 Muscas
1669 465 1743 498 vita

1038 512 1249 546 brevissima.
1271 515 1413 550 Lucian.
1435 515 1742 559 Καὶμέννοιᾶκῆω-

1037 577 1090 607 ρος
1099 563 1189 607 οὖσα,
1203 563 1284 598 πάνυ
1297 565 1408 609 γὰρεῖς
1419 567 1558 602 md
1567 567 1637 606 βίη
1647 569 1744 609 αὑτῆς

1038 616 1294 660 συμμεμένρνπαι.
1318 618 1399 660 Rtg.

1083 668 1301 710 Contrua-tam]
1324 669 1476 702 laertem
1497 673 1537 703 et
1556 669 1741 704 inhabilem

1038 719 1165 753 factam
1182 720 1226 753 ad
1242 719 1426 753 volandum
1439 730 1461 753 a
1474 719 1618 763 frigore:
1644 721 1744 756 ‹Imi-

1039 772 1127 804 tatio
1141 772 1280 814 Virgilii
1306 782 1349 804 ex
1377 771 1507 814 Georg.
1529 766 1591 806 lib'.
1614 773 1744 807 nubi
1804 771 1806 773 ’

1039 822 1083 855 de
1108 823 1241 865 apibus,
1262 826 1338 856 259.
1373 819 1384 842 '⁶
1409 822 1620 867 Ignavaeqne
1642 822 1746 866 fame,

1039 878 1075 905 et
1094 878 1274 906 contracto
1299 872 1430 916 frigore
1453 873 1585 917 pigm?
1626 874 1745 909 Quan-

1040 935 1151 967 quam,
1175 935 1252 958 cum
1275 925 1331 958 hic
1356 926 1401 959 sit
1422 925 1746 968 cataroae-mmm

1039 977 1182 1018 dictum,
1205 981 1243 1010 ut
1263 980 1441 1010 contractus
1473 977 1608 1022 morbus,
1640 986 1744 1021 quem

1039 1029 1281 1070 contrahimus,
1301 1038 1377 1062 cum
1393 1038 1438 1062 eo
1451 1023 1630 1072 afficimur}
1642 1029 1744 1072 plane

1039 1089 1211 1121 censeam,
1222 1089 1288 1112 non
1300 1082 1503 1121 contractam,
1513 1079 1577 1113 aee
1585 1082 1745 1114 macta

1040 1130 1206 1163 Nostrum
1228 1130 1418 1173 scripsisse.
1465 1131 1550 1164 Non
1568 1131 1662 1165 enlin·
1683 1131 1745 1164 du-

1040 1181 1126 1222 bito,
1148 1182 1230 1225 quin
1247 1182 1438 1224 respexerit
1461 1181 1595 1215 dietum
1607 1181 1745 1226 Virgilii

1039 1233 1164 1266 locum.
1189 1233 1296 1273 Sches.
1341 1234 1452 1267 Recte
1477 1236 1669 1269 contractam·
1697 1233 1743 1267 le-

1039 1284 1142 1326 gitur.
1181 1285 1346 1318 Columel'.
1362 1293 1412 1318 vr.
1431 1286 1483 1317 16.
1504 1284 1647 1333 ‘Solent
1661 1293 1745 1327 neg-

1039 1336 1134 1379 lecta
1162 1335 1279 1368 ulcera
1305 1339 1445 1368 scatere
1467 1335 1651 1379 vermibus,
1671 1336 1746 1379 qui,

1040 1386 1068 1418 si
1090 1395 1191 1418 mane
1209 1385 1463 1429 perfundantur
1488 1396 1578 1430 aqua
1592 1385 1744 1430 frigida,

1037 1437 1151 1480 rigore
1167 1437 1338 1472 contracti
1354 1437 1543 1472 decidunt-³
1564 1440 1615 1472 Et
1625 1447 1678 1473 ιι.
1692 1442 1746 1473 18.

1041 1489 1051 1507 ‘
1062 1490 1138 1522 Nec
1150 1499 1219 1522 non
1229 1489 1287 1522 ille
1298 1489 1436 1523 morbus
1445 1494 1500 1523 est
1511 1491 1658 1524 maxime
1667 1500 1748 1524 corr-

1038 1539 1190 1582 spicuus,
1211 1539 1271 1583 qni
1294 1540 1451 1573 horridas
1475 1545 1744 1586 contractasque

1040 1590 1175 1633 carpit!
1218 1591 1310 1624 Gell.
1335 1599 1388 1624 rx.
1411 1594 1466 1624 lo.
1488 1593 1500 1611 ‘
1524 1591 1644 1630 Timor
1669 1601 1748 1626 con-

1040 1641 1147 1674 trahit
1175 1641 1389 1683 sanguinem,
1418 1641 1531 1684 pudor
1560 1641 1747 1688 diffundit.¹

1041 1693 1156 1726 Heins-
1201 1694 1313 1727 Recte
1341 1693 1398 1726 hic
1422 1693 1590 1727 Heinsius·
1616 1693 1745 1728 deserit

1040 1744 1190 1785 priorem
1220 1744 1264 1777 de
1304 1744 1371 1777 hoc
1410 1745 1485 1778 loco
1523 1745 1745 1786 sententiam,

1014 1800 1027 1807 “
1041 1803 1140 1836 quam
1157 1793 1357 1836 prodiderat
1369 1793 1412 1826 ad
1425 1794 1596 1828 Prudent.
1607 1795 1641 1828 in
1652 1795 1747 1840 Sym-

1039 1845 1148 1877 mach.
1165 1843 1264 1887 praef.
1286 1844 1346 1878 lib.
1361 1853 1388 1877 1.
1404 1854 1496 1878 vers.
1513 1847 1565 1879 14.
1601 1845 1692 1879 Vide
1707 1851 1745 1880 et

1039 1896 1197 1928 eumdem
1213 1895 1258 1933 de
1271 1895 1336 1928 hoc
1357 1895 1466 1929 verbo
1488 1896 1531 1929 ad
1555 1895 1676 1933 claud:
1691 1906 1749 1930 w.

1040 1947 1145 1980 Cous.
1167 1946 1303 1979 H'onor.
1317 1949 1395 1980 244.
1416 1946 1561 1980 Sueten.
1584 1946 1674 1990 Aug.
1690 1949 1745 1981 80.

1039 2000 1049 2017 ¹
1064 2000 1212 2032 Dextrae
1230 2007 1367 2042 quoque
1387 2007 1507 2030 manus
1527 1997 1674 2041 digit-um
1692 2008 1744 2032 sa-

1039 2050 1188 2082 lutarem
1219 2054 1288 2081 tam
1327 2048 1535 2082 imbecillum
1572 2049 1744 2082 interdum

1039 2100 1222 2143 sentiebat,
1244 2104 1284 2133 ut
1297 2104 1495 2143 torpentem
1515 2104 1749 2133 contractum·

1040 2161 1106 2194 que
1122 2149 1250 2193 frigore
1266 2150 1324 2183 vix
1341 2151 1458 2184 cornei
1473 2150 1592 2184 circuli
1607 2151 1745 2194 supple-

1039 2206 1156 2235 mento
1181 2201 1364 2244 scripturae
1389 2200 1588 2234 admoveret
1598 2200 1621 2234 τ’
1644 2205 1681 2234 et
1700 2201 1744 2233 ad

1041 2254 1112 2296 ejus
1128 2252 1219 2286 forte
1235 2252 1431 2295 exemplum
1445 2252 1574 2286 'ren-tul.
1590 2252 1636 2285 ad
1649 2249 1744 2285 Mar-

1042 2311 1136 2348 tyras
1152 2314 1228 2347 cap.
1243 2307 1275 2337 1.
1297 2303 1308 2322 ‘
1326 2303 1532 2336 Contractus
1551 2307 1587 2336 et
1602 2307 1743 2346 torpens

1041 2360 1113 2389 tum
1129 2355 1269 2389 coluber
1283 2353 1511 2388 excantatus)
1555 2354 1612 2387 Its
1633 2354 1644 2373 ‘
1657 2355 1744 2387 Ver-

1039 2417 1111 2439 mes
1140 2411 1337 2440 contractos
1348 2405 1360 2422 '
1391 2405 1480 2437 dixit
1507 2405 1674 2448 vegetius
1700 2406 1744 2438 de

1041 2459 1117 2492 Art.
1139 2459 1298 2492 Veterin.
1315 2468 1371 2491 111.
1385 2461 1418 2491 4.
1462 2457 1584 2490 Manil.
1603 2466 1645 2490 ιι.
1667 2459 1745 2491 252.

1040 2512 1050 2529 ‘
1067 2511 1190 2552 Tuque
1216 2513 1289 2551 tuo,
1314 2508 1538 2551 Capricorne,
1560 2507 1641 2549 gelu
1663 2516 1744 2540 con·

1039 2564 1169 2593 tractus
1185 2560 1219 2592 in
1235 2558 1357 2592 astris!
1401 2557 1458 2591 Sic
1470 2559 1630 2591 Erasmus
1646 2564 1743 2591 recte

1040 2615 1076 2643 et
1087 2611 1212 2644 Latine
1223 2611 1325 2643 anae
1337 2618 1420 2643 xm.
1434 2611 1485 2642 11.
1499 2608 1745 2650 Συγκύπουσαν

1039 2661 1146 2693 vertit
1162 2661 1384 2692 Contractam:
1412 2669 1492 2691 nam
1507 2664 1543 2692 et
1557 2660 1609 2693 ita
1623 2661 1667 2694 de
1679 2672 1741 2705 po-

1040 2711 1188 2754 dagricis
1199 2711 1317 2744 Seren.
1329 2710 1502 2743 Sammon.
1514 2711 1524 2729 ‘
1537 2711 1742 2745 Contu-actos

1039 2764 1173 2795 nervos’
1194 2762 1395 2804 dixitscap.
1408 2764 1462 2794 43.
1486 2765 1524 2794 et
1543 2765 1596 2795 5⁵.
1617 2762 1741 2805 Virgil.

1039 2814 1170 2856 Georg.
1200 2822 1251 2847 xv.
1276 2815 1351 2845 295.
1374 2813 1384 2830 ⁴
1406 2812 1558 2855 Exiguus
1583 2813 1742 2856 primum,

1039 2869 1141 2908 atque
1156 2864 1247 2907 ipsos
1262 2867 1460 2897 contractus
1473 2863 1515 2896 ad
1532 2873 1623 2905 nens,
1638 2864 1743 2906 Eligi-
