1806 3236
436 59 469 68 ,-

416 229 678 264 ascensus
712 229 1001 263 smum-ium
1037 229 1260 263 nummu.
1499 217 1587 261 715

113 390 247 449 Regu,
264 379 304 436 in
324 409 438 436 usum
456 398 539 436 Ser.
560 396 764 450 Delphini.
793 396 978 436 Londini.
1007 361 1161 438 8.—-l3.x
1179 396 1244 436 ed.
1269 395 1387 442 1675.
1406 408 1558 435 recusa.

170 460 276 509 1689
304 460 421 502 Fabri
442 461 683 503 xv.1²haedri
705 461 992 510 Fabulae‚cum
1011 461 1114 502 notis
1139 462 1246 502 Tan.
1273 460 1405 501 Fabri.
1437 460 1589 500 Salmu·
1620 464 1622 466 ’

111 525 174 566 rii.
207 532 270 568 12.

165 590 585 644 —Redemrepetitm
613 590 916 639 Amstelodami,
934 604 1000 643 ap.
1022 590 1132 631 Paul.
1163 591 1328 639 Marret.
1362 596 1425 631 12.

140 668 148 675 “
171 653 272 702 1691
293 656 501 706 Phaedrus,
521 670 614 697 cum
629 657 808 697 versione
828 656 985 696 Gallica
1003 655 1152 696 Albini.
1182 655 1359 704 Parisiis,
1392 667 1459 707 ap.
1486 654 1588 693 Thi-

112 720 245 762 boust.
280 728 344 763 12.

169 783 272 833 1693
301 787 492 828 Sehefferi
511 798 555 826 V.
574 786 735 827 Phaedri
755 786 992 826 Fabularum
1012 787 1147 839 AEsop.
1167 785 1277 826 Libri
1292 796 1335 825 V.
1356 798 1447 824 cum
1467 797 1590 824 anno-

112 850 331 892 tationibus
347 852 415 893 Jo.
435 851 625 892 Schefferi
656 858 699 891 et
732 852 874 890 Franc.
908 851 1060 904 Gruyeti
1088 851 1208 898 notis,
1241 863 1442 902 nunquam
1474 854 1592 889 antea

111 915 340 968 publicatis.
368 916 504 956 Editio
523 917 674 968 quinta,
700 915 899 968 prioribus
918 916 1162 956 emendatior
1182 922 1220 955 et
1240 915 1424 962 aue-tion
1454 915 1492 953 in
1512 926 1593 966 qua

105 978 290 1032 jungitur
309 981 587 1034 Interpretatio
606 980 763 1020 Gallica
780 993 872 1020 cum
892 980 1010 1028 notis,
1039 986 1080 1020 et
1107 981 1229 1020 Index
1250 981 1412 1022 Latinus
1444 979 1596 1019 uberri-

111 1057 212 1086 mus.
229 1045 390 1098 Lipsiae,
409 1045 596 1098 impensis
606 1046 738 1085 viduae
750 1045 990 1086 Gothofredi
1004 1046 1235 1094 Schultzen,
1255 1045 1427 1098 Bibliop.
1441 1043 1591 1084 Hamb.

112 1109 351 1154 Excudebat
369 1111 515 1152 Christ.
534 1111 715 1152 Goezius.
735 1117 775 1152 8.

166 1199 222 1208 ·-
235 1176 442 1226 Phaedrus,
473 1189 566 1218 eum
585 1189 689 1217 nova
718 1176 891 1217 versione
911 1177 1070 1217 Gallica
1091 1177 1141 1216 R.
1163 1177 1215 1216 D.
1236 1177 1283 1216 L.
1314 1174 1488 1224 Parisiis,
1522 1187 1591 1228 ap.

112 1241 385 1294 villetta-212.

172 1305 278 1353 1694
303 1305 464 1348 Phoedri
493 1306 729 1347 Fabularum
766 1307 901 1359 AEsop.
934 1307 1042 1347 Libri
1074 1317 1119 1346 v,
1151 1319 1242 1346 cum
1275 1303 1593 1344 annotationibus

111 1370 179 1412 Jo.
196 1371 394 1413 Schefferi
408 1377 451 1413 et
471 1372 612 1413 Franc.
633 1372 785 1426 Guyeti
805 1373 923 1420 notis,
945 1385 1036 1412 cum
1069 1371 1130 1411 his
1161 1370 1330 1424 primum
1361 1369 1594 1422 publicatis.

112 1435 248 1478 Editio
278 1438 430 1490 quinta,
462 1438 661 1491 prioribus
687 1438 947 1485 emendatior,
980 1444 1060 1478 etc.
1095 1443 1138 1477 ut
1164 1437 1204 1476 in
1240 1435 1307 1476 ed.
1332 1434 1450 1482 1693.
1476 1434 1594 1485 cujus

113 1513 221 1541 mera
238 1507 301 1543 est
314 1502 513 1554 repetitio.
543 1502 587 1540 In
602 1502 804 1554 Belgicum
818 1509 985 1542 metrum
1006 1502 1264 1542 convertebat
1276 1501 1368 1541 Joh.
1387 1499 1593 1540 Hilarides.

112 1565 389 1618 Francquerae,
408 1579 458 1606 ex
478 1564 584 1606 offic.
603 1566 798 1606 Leonardi
819 1566 938 1606 Strix.
960 1573 999 1607 8.

155 1631 276 1680 ‚1695
307 1631 465 1672 Phaedri
485 1632 647 1672 Fabulae
669 1632 852 1684 AEsopiae,
873 1645 973 1683 quas
992 1646 1014 1671 e
1036 1631 1179 1672 Latino
1199 1630 1238 1669 in
1272 1628 1481 1682 Belgicum
1513 1641 1594 1668 me-

31 1711 37 1715 ·
114 1696 493 1738 trumeonvertebat
511 1697 605 1736 Joh.
626 1696 822 1736 Hilarides
843 1697 946 1736 curis
966 1695 1169 1736 secundis.
1191 1695 1421 1734 Dokkomii.
1446 1701 1485 1735 8.

173 1758 278 1809 1696
304 1761 714 1802 PbaedriFabularum
755 1761 866 1800 Libri
898 1773 940 1801 v.
975 1774 1067 1800 curn
1099 1761 1202 1800 notis
1235 1760 1340 1799 Dan.
1372 1758 1596 1798 Hartnaccii

114 1825 335 1875 pomerani,
356 1824 562 1873 historicis,
583 1825 804 1875 ritualibus,
824 1826 1049 1873 moralibus,
1070 1831 1112 1865 et
1144 1824 1405 1877 philologieis.
1437 1824 1597 1863 Prodie-

113 1895 208 1930 runt
235 1890 430 1931 sumtibus
459 1892 526 1932 Jo.
560 1891 834 1944 Widemeyeri,
870 1891 1077 1943 bibliopol.
1112 1890 1333 1929 Lubecens.
1368 1894 1408 1928 et
1437 1902 1596 1928 exeusae

117 1954 455 2008 Redolphistadii.
478 1960 587 1997 8.-—‘
603 1955 782 2008 Spissum
802 1955 932 2008 opus,’
964 1955 1093 2008 inquit
1124 1954 1410 2001 Desbillonius,
1440 1958 1452 1975 ‘
1468 1953 1596 1992 octin-

116 2018 246 2072 gentis
276 2026 318 2060 et
350 2020 471 2072 paulo
496 2019 666 2072 amplius
696 2019 849 2072 paginis
882 2020 1227 2072 comprehensum.
1268 2020 1329 2058 Ex
1362 2017 1595 2058 auctoribus

116 2084 271 2126 Graecis
290 2092 328 2125 et
349 2085 510 2133 Latinis,
531 2085 651 2124 sacris
672 2092 712 2124 et
726 2085 917 2138 profanis,
937 2084 1112 2124 infinitas
1131 2097 1258 2137 prope
1276 2083 1437 2123 lacinias
1455 2082 1594 2122 obtru-

115 2150 189 2200 dit,
210 2150 356 2204 quibus
373 2150 584 2190 Phaedrum
605 2150 733 2190 multo
753 2150 898 2202 saepius
918 2149 1066 2196 obruit,
1088 2162 1206 2202 quam
1226 2149 1418 2188 illustrat:
1448 2147 1596 2201 gravis·

115 2215 204 2256 simi
223 2216 342 2256 etiam
361 2229 408 2256 ac
426 2215 733 2268 frequentissimi
753 2229 902 2256 errores
923 2214 1196 2268 typographici
1230 2219 1378 2267 augent
1405 2213 1597 2266 importu-

117 2280 252 2321 nitatis
272 2281 390 2332 hujus
410 2281 630 2322 molestiam
648 2295 659 2320 z
691 2294 768 2320 non
786 2279 926 2319 frustra
948 2285 1078 2319 tamen
1098 2278 1224 2318 omnis
1245 2277 1475 2318 Hartnaccii
1493 2278 1595 2318 effu-

116 2358 185 2385 sus
217 2351 278 2385 est
311 2346 452 2393 labor;
483 2345 678 2398 quosdam
715 2345 819 2385 enim
852 2344 986 2384 adhuc
1017 2343 1179 2383 inveniri
1214 2343 1448 2383 Literatores
1481 2349 1594 2395 puto,

117 2421 220 2460 quos
238 2407 327 2457 ista,
349 2409 529 2462 quamvis
550 2409 709 2462 paulum
729 2408 937 2461 indigesta,
956 2407 1150 2448 doctrinae
1170 2407 1336 2447 varietas
1356 2407 1418 2447 vel
1431 2407 1596 2459 adjuvet

117 2473 180 2512 vel
195 2473 314 2514 etiam
333 2474 537 2514 oblectet.’
581 2472 731 2513 Eodem
750 2486 851 2513 anno
872 2472 1135 2513 Hartnaccius
1153 2472 1273 2512 alium
1294 2472 1436 2511 librum
1456 2471 1594 2520 edidit,

120 2538 189 2592 qui
205 2538 456 2579 inscribitur:

171 2627 227 2633 —
244 2604 326 2644 Des
346 2603 503 2643 Phaedri
529 2603 624 2643 fiinf
642 2603 799 2643 Biicher
830 2603 952 2644 seiner
967 2603 1131 2651 Fabeln,
1162 2602 1260 2641 oder
1284 2601 1482 2641 Gedichte
1514 2599 1594 2640 und

118 2668 378 2716 Geschichte,
398 2670 498 2708 nach
518 2668 712 2721 Ordnung
731 2669 801 2708 der
827 2667 1121 2713 Construction,
1154 2667 1248 2706 Sinn
1283 2666 1363 2705 und
1397 2667 1595 2706 Wortver-

118 2732 234 2772 stand
253 2733 607 2773 verdolmetschet:
637 2733 708 2773 mit
726 2732 991 2785 gedoppelten
1012 2732 1091 2771 und
1120 2730 1191 2770 der
1209 2737 1340 2771 ersten
1377 2732 1455 2773 Art
1485 2731 1593 2770 meh-

115 2797 299 2838 rentheils
323 2797 586 2838 historischen
615 2798 866 2844 Imitationen
900 2811 970 2838 aus
1004 2797 1131 2838 denen
1163 2796 1447 2837 erwaehltesten
1481 2795 1596 2836 datin
