1806 3236
338 225 540 259 ruffina!
575 219 683 257 ΕΑΒ.
715 224 1019 259 AEsomARUM
1053 225 1153 258 1013.
1186 225 1259 259 111.
1292 226 1438 267 PROL-

168 323 357 354 zxxmrt.
377 322 415 354 et
437 319 560 353 Heius.
585 322 623 353 et
637 319 819 354 Drakenb.
836 319 880 353 ad

164 372 356 407 Simiam.
390 372 503 406 Bur-m.

206 422 558 466 'VBG-›incubueriffl
604 423 680 457 PR.
713 424 811 457 vitam
840 424 875 457 in

163 472 460 508 mmmm.
506 474 622 507 Faber
646 479 749 517 putat
776 485 808 508 m
838 475 875 507 in

161 525 352 560 ”Um—non
380 526 472 559 elidi.
516 525 790 560 Rittershusius:
827 526 876 559 in-

161 575 359 610 mamm.-
381 575 474 610 forte
489 576 524 609 in
538 577 661 610 hancce.
685 577 780 610 Gud.

167 631 169 633 '
187 639 191 643 ·
209 625 424 669 Incubuerim]
447 628 489 661 F.
505 628 692 671 scripserat
704 627 873 661 Phaedrus'

160 673 387 712 incubaverint.
431 679 598 713 Solebant
622 680 713 713 enim
737 685 875 713 veteres

160 736 185 764 ιι
214 730 397 775 aliquando
429 732 605 774 geminare
627 732 731 765 metri
759 741 874 765 causa.

162 782 334 826 Exempla
356 783 449 825 apud
475 783 592 816 Plaut.
607 787 644 816 et
658 784 742 816 alios
758 793 876 817 occur-

164 837 256 868 runt.
301 833 359 867 Sic
373 833 436 867 inf.
462 834 524 867 lib.
549 843 608 868 m.
625 833 698 868 fab.
714 837 768 868 18.
784 835 875 877 lege-

163 885 252 918 rim:
273 884 466 918 Momm.
488 885 559 919 Bit.

206 938 250 970 28
274 936 468 978 Fastidiose]
494 937 610 979 AEgre,
623 935 826 978 difficulter,
837 941 875 970 et

164 987 260 1032 qnasi
288 997 366 1021 enm
393 986 533 1021 fastidio
555 998 597 1021 ac
626 988 874 1031 dedignatione

162 1039 249 1083 eius,
264 1039 321 1083 qni
336 1042 519 1082 tantopere
543 1040 661 1073 ambit.
699 1040 823 1074 Cicero
838 1041 874 1073 in

163 1090 232 1133 Ep.
257 1089 334 1124 Att.
367 1090 503 1124 ‘Lente
527 1096 565 1124 et
589 1090 767 1125 fastidiose
797 1102 875 1134 pro·

161 1139 271 1175 bare?
306 1139 414 1182 Senes.
459 1141 581 1175 senec.
608 1141 652 1174 de
677 1141 802 1175 Benef.
829 1151 873 1175 ιι.

161 1193 217 1225 24.
247 1189 375 1224 ‘Alius
406 1192 536 1235 accipit
562 1191 769 1226 fastidiose!
806 1194 874 1227 Pe-

160 1246 251 1277 tron.
265 1252 295 1276 e.
311 1242 364 1277 18.
392 1243 598 1287 ‘Tanquam
623 1243 773 1277 mendici
795 1254 875 1287 spo-

158 1294 242 1328 lium
275 1294 381 1329 etiam
424 1293 608 1329 fastidiose
645 1295 873 1330 venditabat)

159 1344 288 1379 Horat.
306 1345 376 1380 od.
397 1354 455 1380 ιιι.
471 1349 503 1380 1.
523 1347 534 1365 ‘
547 1347 785 1391 Dominusque
801 1351 871 1381 ter-

158 1401 207 1431 rm
220 1396 454 1432 F'nstidiosus.³
476 1399 593 1433 Burm.

203 1449 344 1493 Coetum]
368 1450 560 1484 Musarum.
574 1450 721 1484 Sensus:
737 1451 867 1485 Etiam·

159 1497 187 1532 si
203 1499 320 1533 omnia
342 1501 570 1543 posthabeam
594 1502 722 1535 litteris
734 1512 775 1535 ae
789 1502 870 1536 doc—

157 1549 272 1594 trine,
295 1555 336 1585 ut
358 1561 444 1594 opes
470 1556 508 1586 et
523 1552 679 1595 gloriam,
691 1557 809 1586 tamen
824 1552 868 1586 ad

157 1609 233 1634 eam
247 1611 366 1636 veram
378 1602 593 1646 solidamque
606 1613 687 1645 non,
700 1603 767 1636 nisi
781 1602 868 1636 diffi-

158 1652 272 1686 culter
283 1663 326 1687 se
340 1663 430 1695 sero,
446 1654 622 1697 pervenio.
667 1654 868 1698 Verissime,

157 1704 220 1737 sed
235 1704 357 1748 paucis
372 1705 614 1747 persuadetur.
637 1705 744 1746 Schef.

197 1756 242 1788 24
265 1755 354 1793 Quid
367 1756 470 1789 credis
478 1756 544 1789 illis
552 1756 703 1799 accidere,
711 1757 767 1799 qui
777 1767 867 1799 mag-

154 1806 312 1850 παφα]
335 1807 506 1850 Hegesias
530 1808 622 1850 apud
644 1809 754 1843 Rutil.
777 1810 865 1852 nup.

154 1864 194 1891 n.
213 1857 258 1892 de
274 1859 349 1901 Fig.
363 1859 462 1893 Sent.
477 1860 489 1878 ³
504 1858 606 1893 Alter
613 1860 650 1892 in
667 1861 782 1894 studio
795 1862 866 1894 lan·

154 1909 207 1943 dis
233 1909 451 1952 versabatur,
476 1913 514 1944 et
538 1911 710 1945 industria
728 1913 866 1947 virtutis

155 1959 261 1994 vitam
285 1961 480 2004 gloriosam,
506 1962 567 1995 sed
581 1963 800 2006 laboriosam,
813 1974 865 1997 se-

155 2011 346 2055 quebatur:
369 2013 470 2055 alter,
489 2013 525 2046 in
541 2015 701 2056 augenda
716 2016 867 2058 pecnnia

154 2066 359 2106 occupatus,
373 2067 411 2096 et
423 2064 574 2097 habendi
598 2064 790 2108 cupiditate
805 2067 866 2100 de·

155 2117 331 2156 pravatus,
357 2123 504 2147 summas
535 2116 675 2148 divitias
700 2126 865 2151 summam

154 2164 322 2198 virtutem
334 2165 580 2199 existimabat!
615 2167 697 2209 Rig.

155 2231 160 2236 ›
195 2215 362 2260 Accidere]
377 2217 557 2251 Quomodo
569 2223 670 2260 putas
680 2219 775 2251 illum
789 2228 865 2262 pos·

152 2274 190 2300 se
201 2266 350 2301 evadere
365 2267 515 2310 doctum,
526 2269 596 2311 qni,
609 2271 675 2303 &c.
698 2269 804 2310 Schef.

159 2322 162 2337 ²
195 2319 335 2361 Magnas
349 2329 422 2363 opes
436 2321 664 2364 Exaggerare]
694 2323 753 2355 Sic
768 2323 862 2356 infra

150 2371 210 2405 lib.
236 2379 287 2405 lv.
308 2371 381 2405 fab.
405 2375 458 2406 19.
481 2374 492 2392 ‘
508 2373 577 2408 Qui
592 2373 672 2406 dnm
691 2374 862 2418 quadran·

151 2427 204 2456 tes
219 2432 361 2466 aggeras
375 2423 607 2466 patrimonio?
645 2425 860 2469 Quamquam

149 2472 199 2506 ibi
222 2472 330 2516 forte,
348 2479 563 2516 aggeras‚·est
585 2474 643 2517 ab,
664 2476 856 2519 adgerere;

149 2530 218 2556 non
228 2524 286 2566 ab,
297 2534 474 2567 aggerare.
518 2526 575 2560 Sic
591 2527 666 2560 Cic.
687 2528 743 2561 De
757 2529 860 2565 Offic.

149 2574 445 2619 1.'‘Exnggerare
468 2587 540 2610 rem
563 2576 765 2613 familiarem
778 2581 800 2614 :'
823 2585 861 2616 et

151 2625 331 2659 Catilinar.
354 2636 405 2661 ιν.
440 2628 451 2647 ⁴
468 2627 593 2662 Auctae
620 2634 726 2674 atque
754 2642 860 2676 exag-

149 2681 280 2719 geratoe
295 2676 469 2712 fortunae!
512 2680 597 2713 Pari
605 2682 780 2724 elegantia
793 2684 860 2718 Pe·

150 2727 284 2760 tronius
292 2727 376 2762 Arb.
388 2729 489 2773 dixit,
500 2734 680 2765 exstruere
696 2733 835 2768 divitias
847 2747 856 2769 ε

153 2777 164 2798 ‘
180 2777 248 2813 Qui
263 2779 351 2814 solas
366 2786 546 2816 exstruere
561 2782 702 2819 divitias
723 2791 861 2832 curant,

1546 208 1635 259 473

917 320 1002 353 nihil
1015 322 1136 355 volunt
1149 321 1241 354 inter
1253 321 1407 354 homines
1421 321 1543 355 melius
1557 331 1632 356 cre·

919 372 966 415 di,
977 382 1078 416 qnam
1094 373 1186 416 qnod
1201 373 1267 416 ipsi
1282 373 1431 408 tenent.’
1456 375 1544 407 Rilt.

961 427 1004 457 25
1029 425 1256 468 Exaggerare]
1289 426 1414 477 (Jicero
1425 425 1470 459 de
1487 425 1591 460 Offic.
1605 436 1632 459 1.

920 478 930 493 ‘
959 475 1183 509 Quadi-antes
1222 485 1367 518 aggeras
1403 475 1636 519 patrimonio?

918 525 1109 559 Horatius:
1133 527 1143 545 ‘
1159 527 1357 560 Exstructis
1380 528 1417 560 in
1437 529 1544 561 altum
1567 529 1633 562 Di-

918 576 1034 610 vitiis!
1055 577 1269 611 Prudentius
1294 577 1364 621 περὶ
1386 585 1483 621 στεφ.
1505 579 1540 612 ἰη
1557 589 1633 622 pas-

918 628 1014 660 sione
1043 628 1079 661 S.
1109 629 1312 663 Laurentii:
1334 631 1345 648 ‘
1360 630 1538 672 Deprome
1558 631 1633 664 the-

918 680 1049 718 sauros,
1071 679 1171 712 malis
1191 679 1379 713 Suadendo
1396 690 1480 724 quos
1497 681 1633 723 praesti-

918 730 982 773 giis
997 731 1236 773 Exaggeratos
1251 731 1415 764 obtines.’
1444 732 1530 765 Gud.

963 781 1106 823 Quoerit]
1130 781 1284 814 Pulchre
1313 782 1358 815 de
1388 793 1442 825 eo,
1469 783 1528 825 qui
1552 793 1633 817 cum

919 842 1051 865 summa
1081 832 1259 875 diligentia
1285 837 1323 866 et
1351 833 1524 866 desiderio
1549 835 1633 877 agit.

917 884 1019 927 Virg.
1030 884 1108 917 AEn.
1120 893 1188 917 vn.
1211 886 1222 903 ‘
1235 885 1479 927 Cunctantem,
1493 890 1529 918 et
1542 896 1634 930 quae-

918 940 1055 968 rentem
1076 935 1195 968 dicere
1212 935 1336 978 plura?
1381 935 1499 969 Livius
1525 945 1552 970 1.
1577 940 1631 971 14.

917 985 928 1004 ‘
943 985 1031 1018 Cum
1046 990 1145 1028 parte
1161 987 1302 1029 majore,
1315 991 1419 1030 atque
1431 988 1523 1020 omni
1538 989 1634 1032 equi-

919 1039 995 1069 tatu
1026 1035 1221 1079 profectus,
1251 1037 1286 1071 id
1313 1038 1405 1081 quod
1441 1039 1634 1084 quaerebat,

917 1088 1128 1121 tumultuoso
1150 1093 1188 1121 et
1209 1088 1336 1122 minaci
1357 1099 1482 1132 genere
1502 1100 1631 1134 pugnae

918 1138 1154 1181 adequitando
1172 1139 1259 1181 ipsis
1282 1150 1393 1184 prope
1416 1143 1540 1185 portis,
1555 1144 1631 1176 hos-

918 1193 990 1222 tem
1006 1189 1162 1222 exciviw
1184 1190 1293 1231 Schef.

966 1241 1108 1283 Vigilia]
1144 1241 1193 1276 H.
1220 1251 1252 1275 e.
1281 1243 1473 1286 vigilantia.
1510 1246 1632 1280 Habes

916 1292 1007 1326 idem
1023 1303 1168 1336 prooem.
1191 1294 1279 1328 Inst.
1296 1296 1327 1338 ξ.
1343 1305 1369 1329 ι.
1386 1297 1523 1332 Praecla.
1549 1300 1631 1333 Non

917 1349 989 1378 tam
1004 1345 1220 1389 vigilantiam
1243 1346 1429 1390 significat,
1449 1354 1489 1383 ut
1512 1350 1631 1384 existi-

916 1401 1025 1438 mant,
1042 1407 1144 1440 quam
1160 1407 1277 1430 curam
1292 1402 1329 1431 et
1347 1400 1630 1438 sollicitudinem.

918 1447 1044 1481 Cicero
1058 1447 1162 1490 praef.
1179 1449 1309 1482 Parad.
1330 1450 1341 1468 ‘
1353 1450 1446 1484 Illud
1459 1453 1629 1495 majorum

917 1498 1113 1540 vigiliarum
1128 1509 1249 1532 munus
1273 1501 1310 1533 in
1337 1506 1398 1535 tuo
1418 1505 1555 1538 nomine
1570 1514 1630 1549 ap·-

918 1548 1058 1591 paruit!
1080 1550 1188 1591 Schef.

962 1603 1006 1633 26
1038 1601 1147 1634 Docto
1174 1601 1290 1645 labori]
1325 1604 1439 1647 Supra
1471 1605 1628 1640 ‘Doctus

918 1651 1074 1685 occurrit
1098 1652 1221 1686 labor!
1245 1655 1468 1689 Democritus
1494 1657 1630 1701 Hippo-

917 1703 1030 1736 crati:
1053 1703 1197 1744 Ἀνόητοι
1217 1704 1324 1749 ἄνδρες
1347 1707 1420 1750 παρ’
1441 1707 1486 1742 ors
1503 1709 1522 1741 ὁ
1534 1707 1630 1744 πόνος

916 1754 975 1793 τῆς
987 1754 1099 1798 ἀρετῆς
1111 1756 1205 1796 μανίη
1214 1756 1360 1800 κρίνηαι.
1385 1759 1465 1800 Rig.

960 1806 1080 1849 Dulce]
1117 1808 1318 1850 Opponitur
1342 1810 1522 1852 eleganter
1540 1821 1629 1854 prae-

916 1857 1056 1891 cedenti
1083 1859 1202 1898 Docto,-
1223 1860 1320 1903 quasi
1331 1860 1485 1895 diceret:
1510 1862 1565 1896 Ibi
1580 1863 1628 1897 la·

916 1907 981 1941 bor
995 1914 1061 1951 est,
1074 1910 1130 1942 hic
1146 1911 1298 1944 lucrum:
1319 1912 1368 1945 ibi
1393 1912 1535 1946 doctum
1552 1914 1627 1957 qui·

917 1959 995 1992 dem
1011 1960 1156 2003 aliquid,
1178 1967 1215 1995 at
1238 1962 1295 1995 hic
1322 1963 1437 2006 dulce,
1458 1965 1550 2007 quod
1573 1969 1628 1999 est

916 2011 1018 2054 longe
1040 2013 1171 2047 melius.
1213 2014 1316 2047 Dulce
1330 2019 1397 2055 est,
1417 2014 1626 2059 jucundum,

916 2067 1063 2105 propter
1081 2063 1193 2096 varias
1218 2065 1387 2097 utilitates
1402 2075 1446 2098 ex
1462 2068 1625 2108 pecunia.

915 2111 1020 2150 Sckef.
1064 2113 1206 2148 Terent.
1234 2114 1366 2148 Heaut.
1390 2124 1434 2148 ιι.
1463 2119 1496 2150 2.
1530 2118 1542 2136 ⁶
1559 2117 1625 2151 Cui

914 2162 999 2195 nihil
1009 2163 1084 2206 jam
1102 2169 1231 2206 praeter
1247 2166 1398 2207 pretinm
1414 2167 1516 2200 dulce
1530 2169 1609 2203 este

957 2217 1000 2247 27
1025 2215 1236 2257 Quodcunque
1246 2215 1368 2259 fuerit]
1383 2218 1464 2250 Non
1479 2218 1620 2253 videtur

915 2275 997 2299 sane
1018 2267 1183 2310 pretium,
1200 2268 1245 2300 ob
1259 2268 1327 2301 duo
1343 2270 1465 2304 isthaec
1478 2273 1624 2307 verbula

912 2318 1074 2351 Sinonem
1106 2320 1252 2352 laudare
1273 2320 1522 2363 Virgilianum:
1554 2325 1623 2359 nisi

913 2369 996 2412 qnid
1013 2370 1163 2413 Satyrici
1191 2371 1320 2413 subest,
1341 2376 1402 2405 aut
1422 2382 1476 2407 res
1493 2375 1529 2408 in
1544 2385 1624 2418 pro·

913 2421 1070 2455 verbium
1095 2422 1152 2466 (ut
1166 2424 1277 2456 multa
1288 2423 1400 2467 soepe)
1425 2429 1510 2460 tunc
1524 2428 1623 2463 abiit.

912 2472 1045 2506 Praete.
1089 2474 1170 2506 Sive
1201 2475 1374 2516 perveniri
1400 2476 1464 2509 hac
1486 2478 1624 2512 ratione

912 2524 1022 2565 possit
1036 2525 1080 2557 ad
1104 2525 1346 2569 eruditionem,
1361 2537 1431 2570 qua
1457 2532 1493 2562 tu
1509 2535 1624 2574 putas,

911 2574 985 2607 sive
997 2585 1063 2608 non
1081 2576 1200 2619 possit,
1215 2581 1254 2609 ut
1268 2586 1332 2620 ego
1350 2588 1486 2613 censeo.
1507 2581 1621 2615 Porro

911 2625 947 2658 in
975 2628 1194 2669 proverbium
1233 2629 1339 2661 veluti
1374 2630 1441 2663 hoc
1474 2631 1621 2667 abivisse

911 2677 1004 2720 apud
1033 2684 1171 2712 veteres
1200 2679 1292 2711 haud
1328 2690 1422 2722 oegre
1450 2683 1622 2717 assentior

911 2729 998 2763 Lud.
1035 2730 1212 2771 Praschio,
1245 2730 1297 2763 ita
1331 2732 1520 2774 suspicanti
1555 2734 1622 2769 hoo

911 2780 1000 2815 loco.
1023 2780 1130 2822 Sches.
1173 2782 1315 2816 Terent.
1347 2782 1481 2826 Hecyr.
1507 2793 1556 2820 lv.
1585 2787 1620 2821 «¹.
