1806 3236
252 220 339 265 560

250 331 346 369 rnnt,
372 327 524 370 Colorque
544 325 645 369 prior.
688 325 767 359 Jam
793 334 877 358 vero
891 333 962 358 me-

252 380 299 412 tri
325 379 477 422 cognitio
493 378 536 411 ad
565 376 734 420 ejusmodi
763 375 961 409 cucurbitas

252 431 311 474 qui
326 430 467 463 tandem
484 428 665 471 pervenire
679 428 873 470 potuisset?
897 427 960 461 At-

252 491 319 524 que
334 481 383 513 ita
394 480 488 513 locus
507 478 646 512 Phaedri
661 479 754 521 turpi
770 478 896 511 mendo
909 478 960 511 in-

251 532 413 575 quinatus
426 530 603 572 remansit,
631 530 689 573 qui
704 538 795 562 nunc
811 528 960 562 certissi-

250 591 308 614 ma
337 581 552 615 correctione
597 591 618 614 a
651 580 752 613 nobis
780 583 959 622 purgatur.

251 633 452 677 Legendum
463 631 575 665 enim:
599 630 665 663 Sua
685 631 794 672 cuique
806 639 902 672 quum
915 629 960 662 sit

251 683 351 715 animi
365 682 528 723 cogitatio,
546 682 696 723 Colorque
706 681 828 723 pn'vus.
864 679 959 714 Quid

250 738 366 765 autem
388 731 575 775 significet,
615 732 726 774 cuique
748 731 832 764 color
850 730 961 773 privas

249 786 308 824 est,
337 791 438 814 nemo
463 781 648 824 ignorabit,
689 782 748 824 qui
776 781 960 814 Horatium

251 833 374 865 saltem
389 833 528 874 legerit.
573 832 691 864 Pricus
712 835 766 865 est
787 830 875 873 ἴδιος,
900 840 960 874 pe-

254 883 408 924 culiaris,
426 883 600 925 proprius,
616 884 784 926 privatus.
828 882 878 916 At
903 892 961 915 ve·

250 943 289 965 ro
305 935 388 966 color
414 933 651 976 metaphorice
677 937 731 966 est
754 932 882 975 agendi
907 942 960 964 ra·

250 985 312 1026 tio,
326 983 455 1025 διάνοια,
469 986 536 1017 &c.
582 983 680 1017 Italis
706 985 856 1017 maniam.
901 983 961 1017 Ita

249 1037 382 1069 Seneca
394 1035 506 1077 Epist.
523 1044 588 1069 nr.
610 1045 688 1068 cum
705 1035 773 1068 tria
787 1035 959 1067 hominum

249 1096 379 1129 genera
394 1086 588 1128 constituit,
602 1085 652 1119 ait
666 1085 735 1118 alia
749 1095 826 1118 esse
839 1085 958 1127 primae

249 1142 356 1179 notae,
368 1138 433 1170 alia
451 1137 633 1177 secundae3
658 1146 734 1169 cum
751 1136 899 1179 denique
914 1135 958 1169 de

251 1189 357 1222 tertio
386 1188 471 1230 agit,
490 1187 554 1220 hoc
579 1186 696 1220 addit:
721 1187 732 1206 ⁴
747 1187 817 1219 Hic
833 1185 958 1219 tertius

251 1240 349 1272 color
364 1238 442 1272 est!
484 1238 588 1280 Saepe
603 1237 696 1279 apud
711 1237 807 1270 illum
822 1236 960 1269 memini

249 1301 305 1324 me
335 1291 463 1332 legere.
508 1289 687 1331 Inter-pres
702 1288 858 1322 Gallicus
875 1288 962 1330 legit

245 1341 407 1386 proprius,
441 1340 502 1373 sed
528 1340 620 1372 malo
645 1339 810 1381 auspicio.
844 1338 960 1372 Faber.

251 1393 320 1425 Sed
351 1401 419 1434 quo
444 1392 560 1424 colore
590 1389 734 1423 defendi
762 1390 818 1421 hic
840 1392 960 1432 potest

252 1440 364 1476 color?
400 1442 456 1486 (ut
484 1441 598 1475 obiter
627 1450 747 1474 versus
782 1438 960 1481 faciamus,

250 1495 333 1527 dum
350 1494 506 1527 versibus
520 1493 645 1526 intenti
670 1491 803 1535 sumus)
826 1493 961 1526 Rescri-

250 1545 317 1578 ho:
336 1546 493 1587 Colorque
506 1544 647 1587 propior.
692 1543 859 1576 Ovidius:
874 1542 960 1576 ‘Est

249 1597 350 1630 Deus
373 1597 408 1629 in
432 1596 552 1636 uobis;
576 1596 732 1638 agitante
758 1595 959 1628 calescimus

249 1647 334 1682 illo!
375 1648 497 1681 ‘Calor
510 1647 660 1681 Pierius'
690 1646 734 1679 ab
758 1646 833 1678 aliis
853 1645 960 1679 nomi-

249 1702 353 1733 natur
384 1702 421 1731 et
471 1698 481 1715 ‘
506 1698 674 1731 Poeticus
717 1694 963 1738 ένθουσιασμὺς,’

249 1753 343 1783 teste
366 1748 517 1781 Brodaeo
538 1749 572 1780 in
595 1747 738 1782 Anthol.
763 1747 824 1781 lib.
835 1757 878 1780 11.
902 1747 960 1780 tit.

249 1799 294 1834 eis
320 1798 466 1839 Ποιητάς.
511 1800 642 1832 Contra
663 1798 820 1842 ‘Frigus'
843 1807 961 1841 repre-

248 1850 415 1886 lienditur
445 1851 481 1883 in
519 1849 655 1891 Poetis,
698 1852 735 1881 et
770 1849 959 1889 λογοποιοῖς.

250 1900 396 1934 Freinsh.
453 1899 603 1942 Conjicit
632 1899 684 1932 Cl.
708 1898 960 1932 Freinshemius

253 1951 363 1993 Calor,
388 1955 426 1983 et
449 1950 492 1983 de
518 1949 688 1983 instinctu
706 1949 886 1992 poetarum
901 1958 960 1981 ex-

249 2001 367 2044 plicat.
411 2001 454 2034 In
469 2001 565 2044 cujus
581 2000 786 2033 sententiam
810 1999 961 2032 libentis-

251 2053 336 2086 sime
353 2052 518 2085 concedo.
561 2051 639 2084 Etsi
665 2051 777 2084 Faber
791 2051 877 2084 illud
900 2052 961 2083 Co-

250 2105 300 2136 lm·
324 2107 464 2136 tueatur
490 2113 535 2136 ex
559 2102 683 2135 Senec.
710 2103 775 2145 Ep.
798 2105 852 2135 62.
895 2102 962 2134 Ve-

251 2159 345 2187 teres
378 2154 551 2187 editiones
577 2153 718 2193 habent,
746 2152 887 2195 propior,
915 2161 961 2184 ex

251 2216 319 2248 quo
347 2204 599 2238 Rittershusius
625 2203 868 2246 suspicabatur
890 2212 961 2244 pro·

246 2256 352 2299 prius.
396 2255 466 2289 Sed
496 2259 534 2287 et
562 2254 646 2286 illud
673 2254 776 2295 prior,
802 2252 894 2296 quod
916 2262 960 2285 ex

251 2306 428 2339 codicibus
444 2304 594 2347 antiquis
607 2303 717 2336 edidit
727 2303 912 2345 Rigaltius,
925 2302 960 2334 in

247 2356 360 2398 prinus
375 2360 488 2389 mutat
502 2355 622 2388 Faber.
660 2353 714 2386 Ac
730 2353 888 2395 profecto
901 2363 961 2396 po·

252 2410 322 2439 test
336 2405 423 2447 fieri,
438 2410 477 2438 ut
490 2406 600 2448 prinus
612 2405 802 2447 scripserit.
830 2404 961 2437 Saltem

252 2461 375 2490 utnon
397 2457 502 2500 prior,
529 2466 648 2489 verum
674 2456 785 2497 prinus
810 2455 961 2496 legatur,

252 2514 402 2542 metrum
419 2509 538 2551 exigit.
568 2508 696 2541 Sensus
710 2518 719 2539 :
736 2506 857 2545 Habet
870 2507 961 2549 quis-

253 2569 322 2603 que
338 2569 434 2592 suam
460 2559 622 2599 indolem,
652 2567 749 2590 suum
773 2557 961 2599 ingenium,

255 2619 350 2649 suam
380 2608 553 2641 scribendi
576 2608 756 2648 rationem,
780 2616 846 2639 nec
871 2606 960 2639 bene

255 2660 408 2702 supplet,
435 2669 514 2702 quae
542 2659 601 2691 alii
629 2658 830 2691 omiserunt.
853 2656 960 2696 Schef.

256 2711 364 2752 Lege,
382 2711 530 2752 Colorque
543 2709 700 2751 proprius.
733 2707 890 2740 Alterum
906 2711 961 2739 est

256 2770 299 2792 ex
315 2756 517 2801 conjectura
542 2759 680 2792 Pitboei.
703 2759 819 2792 Heius.
867 2759 960 2791 Color

258 2820 325 2842 non
353 2811 565 2844 mutandum.
635 2809 714 2842 vid.
745 2808 788 2841 ad
815 2809 957 2842 Petron.

714 230 858 263 NO'rAE
890 229 1158 264 vammum
1193 231 1273 263 ΙΝ.

1011 334 1090 368 cap.
1107 328 1160 359 11.
1184 324 1244 359 ubl
1258 328 1296 359 et
1304 318 1444 369 quidam
1458 324 1573 360 oum
1585 333 1651 369 pro
1661 318 1715 360 eo-

1009 376 1088 409 loris
1102 376 1246 409 malunt.
1291 376 1411 409 Prim
1431 385 1515 409 vero
1532 375 1638 409 Fabri
1655 385 1715 410 ve-

1009 426 1191 458 hementer
1218 426 1340 468 probo,
1374 426 1419 459 de
1445 435 1514 469 quo
1536 425 1582 459 ad
1608 425 1715 465 Ovid-

1009 475 1100 508 Met.
1115 484 1168 509 xx.
1181 478 1237 508 20.
1253 485 1407 518 agemus.

1051 525 1197 567 Levitas]
1227 525 1419 559 Resiliendi
1434 535 1457 563 a
1469 525 1664 570 proposito,
1677 530 1716 561 et

1009 576 1165 611 mutandi
1180 576 1370 619 consilium,
1393 576 1439 611 de
1461 587 1530 623 quo
1542 578 1587 612 ab
1599 579 1714 614 initio.

1053 682 1095 722 ιο
1119 678 1241 722 Quare]
1263 678 1423 713 Cohaeret
1445 688 1522 717 cuns,
1547 679 1718 724 sequenti,

1009 739 1066 771 ego
1078 730 1182 772 plures
1195 730 1326 763 dissero.
1368 729 1576 776 Propterea,
1589 730 1716 774 iuquit,

1010 781 1091 825 quia
1104 781 1274 824 intelligo,
1296 780 1428 814 frustra
1450 790 1507 814 me
1518 780 1598 814 aliis
1611 781 1716 817 relin-

1009 842 1130 876 quere,
1146 843 1229 875 quas
1243 832 1452 875 excogitavi,
1466 830 1614 874 fabulas,
1625 836 1666 865 et
1677 835 1715 866 te

1010 884 1123 916 sentio
1138 883 1204 916 hoc
1232 892 1359 926 genere
1385 882 1566 924 delectari,
1589 882 1716 916 iocis-eo

1009 933 1126 976 plures
1137 934 1225 966 tales
1242 933 1375 966 fabulas
1385 942 1477 966 nunc
1491 931 1621 974 scribo,
1627 942 1714 976 quas

1010 994 1096 1018 voco
1113 985 1271 1027 AEsopias,
1286 993 1353 1016 non
1367 983 1491 1026 AEsopi,
1503 982 1716 1026 quandoqui-

1010 1033 1090 1068 dem
1113 1035 1143 1067 is
1167 1035 1307 1078 scripsit
1329 1043 1470 1077 paucas.
1512 1033 1603 1067 maz
1627 1034 1716 1072 Quas

1008 1086 1236 1129 AEsopias,850.
1259 1086 1294 1119 in
1308 1084 1507 1129 parenthesi
1531 1083 1715 1119 scribenda
1769 1122 1772 1125 ,

1009 1142 1106 1180 puto.
1127 1137 1236 1178 Schef.

1054 1187 1238 1229 Pan-cicula]
1274 1187 1516 1220 Particulones
1530 1185 1617 1223 alias
1627 1184 1715 1219 dieti
1768 1173 1777 1181 ⁷

1007 1242 1089 1273 sunt
1103 1238 1322 1279 Cohoeredes,
1345 1237 1439 1281 quod
1466 1241 1582 1280 partes
1608 1236 1715 1280 patri-

1008 1289 1114 1322 monii
1141 1293 1301 1321 sumant:
1333 1288 1446 1331 inquit
1467 1287 1612 1321 Nouius.
1662 1285 1714 1320 At

1007 1339 1064 1373 hic
1075 1339 1251 1383 proprium
1267 1348 1390 1372 nomen
1406 1343 1471 1372 est·
1494 1338 1584 1371 Rus.

1053 1394 1092 1424 11
1119 1391 1208 1428 Quas
1223 1389 1596 1433 AEwpiaqmAEnpi,
1613 1389 1714 1424 ’βωλί-
1767 1435 1770 1438 ¹

1008 1441 1063 1484 no]
1084 1441 1283 1474 Priscianus
1297 1441 1450 1484 sophista
1471 1449 1520 1475 ex
1532 1444 1609 1473 arte
1624 1450 1716 1483 prse-

1005 1492 1156 1526 exercit.
1178 1492 1367 1526 secundum
1380 1491 1637 1534 Hermogenem
1659 1491 1715 1524 vel

1008 1541 1192 1576 Libanium
1206 1552 1216 1574 ι
1239 1543 1249 1560 ⁴
1260 1541 1491 1574 Nominautur
1503 1539 1631 1574 fabulae
1643 1550 1714 1574 om-

1008 1602 1071 1626 nes
1086 1592 1313 1626 communiter
1326 1591 1490 1635 AEsopiae,
1506 1592 1666 1635 quoniam
1679 1591 1715 1624 in

1009 1643 1235 1677 conventibus
1259 1642 1462 1687 frequenter
1476 1642 1610 1676 solebat
1619 1642 1715 1676 AEso-

1009 1705 1074 1737 pus
1090 1694 1215 1728 fabulis
1230 1694 1305 1727 uti!
1347 1693 1439 1727 Vide
1451 1691 1664 1727 Sehefferum
1678 1693 1714 1726 in

1008 1746 1100 1779 notis
1114 1746 1159 1779 ad
1175 1746 1314 1788 Prolog.
1327 1744 1388 1778 lib.
1405 1754 1431 1779 1.
1451 1745 1612 1786 Emissa,
1623 1744 1714 1787 eog-

1009 1807 1132 1831 nomen
1147 1798 1183 1831 in
1198 1797 1434 1840 Inscriptione
1449 1796 1597 1830 Dacica:
1622 1795 1714 1829 Gru-

1009 1852 1106 1883 terus
1122 1858 1200 1892 pag.
1215 1850 1292 1882 347.
1307 1850 1342 1880 4.
1379 1847 1423 1882 Q.
1438 1855 1590 1882 numus
1603 1854 1710 1880 urso-

1009 1908 1047 1932 1²1
1053 1907 1105 1931 νε.
1149 1899 1243 1932 Puto
1258 1901 1374 1930 tamen
1388 1897 1613 1932 scribendum
1620 1898 1713 1930 Βω-

1004 1960 1094 1992 peas,
1122 1947 1321 1982 Αἰσωπείονς.
1364 1948 1415 1982 ΕΙ
1435 1948 1552 1982 Latini
1575 1952 1714 1982 mutant

1008 2000 1043 2032 in
1059 2002 1099 2034 E.
1113 2001 1205 2033 Vide
1227 2001 1386 2033 Torrent.
1409 1997 1454 2031 ad
1468 1999 1613 2032 Sueten.
1627 2007 1714 2032 voce

1013 2051 1144 2085 Odeum.
1167 2051 1309 2084 Salmas.
1324 2049 1369 2085 ad
1384 2050 1592 2093 marginem:
1613 2049 1713 2084 m·-

1009 2101 1123 2136 πείους.
1148 2103 1236 2135 Gud.

1054 2155 1096 2185 12
1121 2151 1239 2194 Quasi]
1261 2152 1408 2186 Causam
1423 2150 1578 2185 denotat.
1607 2151 1713 2191 Sohef.

1009 2202 1154 2245 [Harius
1168 2203 1253 2244 legit
1269 2203 1354 2240 Quia
1365 2211 1482 2244 paucas
1498 2201 1552 2235 tue
1564 2202 1712 2243 ostendit,

1010 2263 1068 2294 ego
1081 2254 1185 2296 plures
1194 2252 1292 2293 fero.-
1313 2252 1451 2289 etQuia
1461 2261 1564 2294 pam
1577 2251 1714 2285 ostendit

1010 2306 1077 2346 ille,
1103 2315 1160 2346 ego
1181 2304 1275 2346 pluro
1300 2303 1428 2336 dissero.
1480 2302 1492 2323 ‘
1507 2301 1714 2343 Boudeia-,³

1009 2355 1072 2397 ait,
1085 2356 1094 2373 ‘
1105 2356 1139 2387 in
1155 2363 1256 2397 quam
1270 2354 1346 2397 ipse
1359 2353 1466 2387 incidi
1478 2353 1713 2396 conjecturam

1011 2405 1189 2449 reponit.']

1056 2457 1158 2494 Quasi
1168 2466 1285 2499 paucus
1305 2453 1495 2495 ostenderet]
1529 2453 1598 2486 Ms.
1613 2453 1711 2486 Rem.

1014 2507 1115 2544 Quasi
1126 2517 1242 2549 paucas
1255 2507 1311 2539 iue
1323 2505 1472 2539 ostendit.
1515 2502 1585 2537 Sed
1596 2502 1713 2536 deleu-

1011 2556 1092 2589 dum
1107 2557 1263 2599 ineptum
1282 2555 1367 2588 illud
1381 2559 1417 2587 et
1431 2554 1575 2588 otiosum
1592 2553 1714 2590 Quasi.-

1009 2607 1109 2649 lapsu
1118 2607 1254 2647 scribae,
1267 2605 1351 2638 illud
1367 2605 1454 2638 male
1468 2604 1657 2646 repetentis
1667 2614 1712 2638 ex

1009 2657 1240 2700 praecedentis
1256 2656 1416 2690 versiculi
1430 2655 1563 2697 capite;
1578 2655 1643 2687 nisi
1653 2655 1713 2688 bo·

1010 2708 1111 2741 minis
1126 2708 1235 2750 inepti
1250 2709 1421 2750 glossema
1435 2705 1533 2738 velis.
1577 2706 1712 2750 Itaque,

1010 2763 1049 2791 ut
1063 2768 1181 2791 versus
1207 2761 1354 2798 constet,
1374 2756 1591 2789 scribendum
1606 2756 1712 2788 omni-

1010 2818 1073 2841 no:
1097 2800 1222 2841 Paucas
1235 2807 1369 2840 ostendit
1384 2807 1448 2849 ille,
1461 2816 1518 2847 ego
1529 2807 1633 2848 plures
1647 2806 1711 2838 dis-
