1806 3236
709 188 907 221 unum
941 178 1016 222 27.
1395 236 1399 244 .
1507 177 1596 222 30²3

120 285 233 330 Sum
249 285 390 329 multo
408 283 641 341 Accipitro
658 282 829 337 fortior,
850 283 1044 330 ciconia

120 352 300 411 Inquit3
331 353 578 398 amicitiam
596 354 638 397 si
655 353 732 397 vis
747 367 926 397 mecum
937 355 1138 412 jungere,

121 421 198 466 Illi
214 422 427 466 insultare
445 422 592 466 victor
610 422 781 479 poteris
798 422 1019 467 credulus.

121 488 182 534 Et
195 489 399 547 protinus
417 490 639 534 auxilium
657 494 813 547 petens
831 489 993 544 Anser,
1014 493 1148 536 simul
1546 491 1603 534 10

120 557 178 602 In
195 568 349 614 agrum
369 558 545 615 prodit3
574 559 699 603 illico
719 560 974 616 supervenit
1435 566 1438 569 ’

121 625 374 684 Accipiter,
394 631 439 671 et
459 640 770 684 comprensum
791 629 929 673 saevis
948 630 1176 685 unguibus

122 694 340 752 Fugiente
358 695 539 739 devorat
558 695 782 741 Anserem
802 697 1004 742 ciconia.

123 764 210 808 Cui
228 763 402 808 Anser:
434 765 528 819 Qui
546 770 738 822 patrono
760 779 811 810 se
833 771 924 810 tam
945 767 1085 811 debili

123 833 294 887 Credit,
314 833 468 891 pejore
489 833 607 878 finiri
628 834 767 878 debet
784 848 914 879 nece.
1549 835 1607 878 15

790 967 933 1001 NOTAE

166 1045 189 1075 9
226 1042 385 1075 Insultare
407 1042 522 1085 viceor]
562 1042 672 1076 Victor
708 1042 839 1085 addidi,
894 1043 905 1061 ‘
923 1043 1109 1087 victorque
1122 1044 1227 1078 Sinon
1242 1044 1406 1079 incendia
1414 1044 1540 1080 miscet
1552 1045 1610 1080 In·

124 1094 207 1136 qnia
219 1093 374 1126 insultare
398 1093 539 1136 proprie
560 1092 704 1126 victoris
719 1098 786 1132 est,
802 1097 841 1127 et
893 1094 1050 1128 sultam?

125 1144 263 1188 Virgilii
279 1145 339 1178 illa
349 1144 482 1178 imitari
495 1144 603 1178 voluit
615 1145 693 1179 En.
708 1154 750 1178 ιι.
761 1147 839 1180 829.

653 1526 869 1567 FABULA
916 1527 1090 1568 XXVII.

582 1667 732 1713 ovls
765 1669 847 1714 ΕΤ
875 1670 1155 1716 CORNIX.

130 1805 190 1848 IN
212 1806 333 1860 tergo
354 1801 524 1848 Cornix
546 1802 697 1847 otiosa
718 1803 961 1848 considens

129 1873 260 1925 Ovis,
277 1871 493 1916 tundebat
510 1871 624 1915 illud
642 1876 815 1916 rostro:
847 1885 953 1917 cum
971 1873 1050 1916 diu

130 1941 347 1994 Fecisset,
366 1940 514 1997 inquit
534 1941 708 1997 patiens
730 1939 844 1983 Ovis
863 1940 1066 1996 injuriae:

130 2008 269 2053 Hanc
289 2008 330 2051 si
347 2008 538 2051 fecisses
558 2000 874 2051 contumeliam
891 2009 1008 2060 cani,
1240 2033 1242 2044 s

131 2077 244 2133 Ejus
261 2076 466 2120 latratum
482 2075 606 2118 haud
622 2075 772 2118 ferres.
831 2073 896 2117 At
916 2073 1087 2117 Cornix
1104 2074 1219 2119 Ovi:
1585 2078 1615 2119 5

131 2145 265 2189 Collo
286 2149 381 2187 tam
398 2142 504 2187 forti
523 2155 752 2199 nunquam
771 2142 922 2195 sedeo,
942 2155 1044 2185 nam
1064 2142 1164 2186 scio

132 2213 265 2267 Quos
281 2212 471 2256 debeam
488 2212 728 2264 lacessere,
749 2211 876 2254 annis
896 2210 1060 2254 callida
1075 2224 1088 2265 ;

131 2281 328 2327 Acribus
348 2281 511 2334 amica,
531 2284 579 2323 at
596 2280 852 2336 importuna
870 2279 1125 2323 inermibus.

133 2351 212 2395 Sic
232 2363 303 2394 me
322 2353 522 2394 creatum
543 2349 606 2393 Di
625 2349 858 2392 voluerunt
876 2349 1039 2391 vivere.

801 2470 945 2505 NOTAE

178 2548 267 2582 Hac
303 2547 422 2581 sabaia
459 2548 588 2590 legitur
625 2557 682 2590 sp.
719 2547 846 2582 Rimic.
898 2547 994 2581 auos.
1039 2547 1106 2580 Vel
1131 2546 1237 2579 etiam
1267 2551 1307 2579 ut
1331 2555 1435 2589 supra
1459 2546 1532 2581 fab.
1557 2551 1613 2584 2⁰.

133 2600 195 2635 lib.
221 2608 272 2634 lv.
300 2598 372 2633 fab.
398 2602 453 2632 19.
483 2603 522 2632 et
550 2598 664 2634 Anon.
693 2598 763 2633 fab.
788 2603 844 2633 65.
898 2598 996 2632 ‘otio
1022 2597 1115 2640 frui‚’
1145 2597 1324 2631 commodo
1354 2607 1433 2631 suo.¹
1472 2599 1614 2635 Terent.

134 2652 248 2686 Bm.
292 2651 359 2684 Est
380 2661 438 2694 sp.
462 2650 560 2684 Rom.
583 2650 668 2684 Div.
691 2653 730 2684 et
748 2651 844 2685 Ulm.
898 2649 1009 2684 Andr.
1026 2659 1068 2683 11.
1084 2653 1115 2683 3.
1137 2650 1148 2668 ‘
1163 2649 1231 2682 alia
1243 2648 1373 2682 otiosus
1388 2650 1550 2692 quaeretl

135 2702 197 2736 lib.
211 2700 346 2736 xv.fab.
362 2704 418 2735 21.
441 2701 548 2734 Schw.
943 2705 965 2735 6
990 2702 1077 2735 Collo
1104 2706 1170 2734 tam
1186 2700 1288 2742 forti]
1321 2701 1411 2734 Haec
1436 2706 1613 2745 corrupta.

181 2757 199 2787 1
226 2752 351 2795 ociosa]
382 2752 451 2786 Hic
476 2756 544 2794 est,
564 2751 637 2784 sine
651 2752 722 2785 ullo
736 2755 846 2793 metu,
902 2750 1022 2786 Rimic.
1041 2752 1178 2785 Collibus
1199 2752 1339 2794 equidm
1356 2752 1499 2791 sortibus
1511 2756 1613 2787 sedeo.

137 2814 272 2846 secum,
296 2809 335 2837 ut
359 2813 453 2848 sepe
479 2803 573 2847 :pud
590 2803 793 2838 Terentium
809 2808 847 2837 et
903 2805 980 2847 Ego
994 2805 1216 2848 negationem
1232 2804 1427 2839 addendam
1442 2806 1571 2840 censui.
1636 2806 1640 2809 '
