1806 3236
341 205 546 239 mmmm
581 205 688 237 ΕΑΒ.
722 204 1025 238 AESOPIARUM
1062 204 1157 236 Lm.
1191 204 1223 236 1.
1257 202 1400 235 PRoL.

138 306 198 337 tur
207 310 326 337 arum
350 302 483 346 primus
505 305 628 336 auctor
643 299 849 343 Hesiodus,)

138 352 275 388 nonin
299 357 415 387 tamen
440 353 559 396 AEsopi
583 353 732 386 maxime
758 353 849 385 cele-

136 399 296 447 bruatur,
311 404 440 438 ducere
455 403 584 437 animos
604 402 741 440 solent?
762 403 850 436 The-

137 464 184 488 on
218 457 355 499 quoque
390 454 554 498 Sophista
585 453 774 487 Homerum
812 456 850 486 et

137 505 342 544 Hesiodum,
357 508 463 549 atque
472 506 578 539 etiam
594 504 849 546 Archilochum,

136 554 266 600 AEsopo
286 556 507 599 vetustiores,
519 555 685 598 operibus
699 555 769 588 suis
784 555 849 588 Fa-

136 606 237 640 bulae
250 607 437 641 inseruisse
450 608 625 640 observat.
668 607 798 640 Verum
812 606 848 639 id

134 657 244 692 fuisse
251 658 346 692 aliud
353 658 547 692 fabularum
561 668 681 701 genus,
691 667 732 691 ac
747 658 848 701 longe

136 707 313 743 diversum
342 709 388 742 ab
410 709 568 752 AEsopeis
585 708 723 751 fabulis,
747 718 848 742 nemo

133 770 206 795 nou
223 760 341 802 videt;
363 764 469 804 atque
496 765 536 793 ut
557 764 656 793 recte
684 760 851 794 observat

135 812 370 846 Philostratus
388 812 424 845 in
438 811 552 855 Imag.
589 812 740 844 Φοιτῶσιν
751 811 782 844 ol
792 811 849 852 μῦ-

135 865 185 896 θοι
196 862 349 906 maron
361 863 519 903 Αἴσωπον,
534 862 719 904 ἀγαπῶντες
743 861 850 903 αὐτὸν,

135 913 187 948 δη
207 914 310 948 εἰπεῖν
334 914 539 955 ἐπιμελεῖται·
562 912 700 954 ἐμέλησε
717 912 851 956 μὲνγὰρ

135 964 189 999 ml
201 964 325 1008 Ὁμήρῳ
339 963 438 1007 μύθου
461 963 516 998 καὶ
531 963 678 1006 Ἡσιόδῳ,
692 962 740 997 ἔτι
750 963 786 997 δὲ
797 962 851 996 καὶ

134 1016 318 1060 Ἀρχιλόχῳ
340 1015 419 1060 πρὸς
440 1015 625 1058 Λυκάμβην,
650 1015 725 1048 ἀλλ’
751 1014 850 1048 Αἰσώ-

134 1077 184 1110 πψ
212 1066 319 1102 mla-m
350 1067 394 1101 τὰ
429 1069 494 1101 τῶν
523 1065 690 1110 ἀνθρώπων
719 1066 849 1108 ἐκμεμό-

134 1123 243 1154 Osmu.
267 1120 443 1162 fflgdssus.

175 1173 371 1215 norw]
393 1173 539 1206 Materia
553 1176 609 1206 est
630 1182 686 1206 res
701 1172 789 1215 ipsa,
803 1182 849 1206 ex

134 1224 205 1269 q'ua
231 1224 361 1268 aliquid
384 1223 439 1267 fit,
460 1229 524 1258 aut
544 1224 694 1268 politur:
718 1233 760 1256 ea
774 1224 850 1267 qui-

133 1275 215 1311 dem
234 1276 256 1310 'a
281 1274 420 1310 nemine
435 1275 598 1317 efficitur,
621 1275 682 1308 sed
696 1275 732 1307 iu
747 1279 848 1309 natu-

133 1330 182 1362 το
219 1327 384 1372 operibus
421 1326 608 1370 reperitur.
659 1326 848 1360 Materiam

133 1378 361 1413 construendi
383 1378 594 1412 Fabulamm
612 1377 727 1420 operis
748 1387 848 1420 repe-

132 1428 182 1463 rit
191 1430 353 1473 AEsopus,
368 1429 414 1462 ab
423 1429 556 1472 'AEsopo
571 1431 748 1471 repertam
761 1427 848 1470 poli-

131 1481 187 1514 vit
210 1480 402 1515 Phoedrusz
423 1490 491 1523 quo
514 1484 665 1522 utroque
684 1479 770 1522 quid
792 1488 849 1512 ve-

133 1531 206 1565 rius
231 1531 310 1565 est?
344 1531 505 1564 Barthias
547 1529 643 1563 Adv.
671 1538 786 1563 nvn.
812 1539 846 1562 c.

134 1584 188 1616 lo.
219 1582 280 1627 qui
306 1580 357 1615 ihi
390 1581 549 1625 pluribus
583 1581 630 1613 de
665 1581 732 1614 hoc
768 1581 847 1614 loco

131 1634 221 1677 wit·

175 1685 346 1729 nemra]
365 1684 545 1719 Usitatum
560 1684 705 1720 verbum
716 1684 762 1718 de
777 1684 847 1728 pri-

130 1736 197 1771 mis
219 1746 335 1770 rernm
355 1736 607 1779 inventoribus,
620 1745 698 1779 pro,
710 1735 848 1778 excogi-

131 1787 222 1821 tavit
248 1787 402 1831 iugenio,
431 1787 599 1830 diligenti
617 1786 846 1820 meditatione

131 1838 323 1875 adinvenit.
345 1839 484 1873 Plinius
493 1839 555 1872 lib.
569 1848 638 1872 vu.
653 1849 686 1872 c.
702 1843 758 1874 6⁵.
783 1840 795 1858 ‘
805 1839 845 1873 li-

130 1894 225 1924 teras
236 1890 296 1924 alii
309 1890 404 1933 apud
413 1890 518 1933 Syros
526 1894 686 1932 repertas
698 1890 845 1924 volunt.'

130 1939 295 1985 Virgilius
324 1951 474 1985 quoque,
502 1951 606 1985 quem
641 1940 845 1985 frequenter

130 1991 259 2026 imitari
285 1993 456 2026 Phaedrus
486 1993 719 2035 consueverit,
750 1993 844 2036 quod

130 2042 252 2077 statim
280 2043 326 2077 ab
351 2044 452 2077 initio
474 2047 643 2086 notatum,
667 2044 844 2077 observari

124 2091 278 2127 debebit
305 2093 412 2127 etiam
438 2094 475 2126 in
498 2092 736 2137 sequentibus,
766 2093 844 2128 AEn.

131 2153 186 2178 vr.
207 2145 219 2163 ⁸
231 2143 314 2187 Ipse
333 2147 550 2186 repertorem
563 2143 746 2177 medicinae
762 2143 844 2177 talis

132 2199 171 2228 et
184 2194 293 2229 artis!
318 2194 438 2238 Scaeff.

172 2248 196 2279 2
222 2245 371 2279 Versibus
382 2245 532 2288 sem-iis]
561 2246 657 2280 Quos
671 2245 843 2279 Phaedrus

129 2297 284 2333 marios
314 2297 467 2340 scripsit,
495 2297 521 2330 ii
548 2296 664 2330 medio
692 2295 844 2340 quodam

130 2351 407 2391 temperamento
436 2351 519 2381 sunt
541 2347 633 2380 inter
643 2351 844 2380 accuratam

129 2405 288 2436 vcterum
302 2402 504 2435 Graecorum
519 2401 615 2445 (uam
629 2402 844 2436 recentiores

129 2452 243 2486 miuus
265 2452 418 2496 religiosi
436 2452 595 2496 fuerunt)
627 2457 667 2486 et
694 2454 843 2487 solutam

129 2503 340 2538 comicorum
363 2503 565 2537 Latinorum
581 2503 842 2547 negligentiam.

129 2553 189 2589 Illi
201 2554 307 2597 enim,
323 2554 415 2598 quod
435 2555 564 2587 nemini
579 2555 718 2598 paulum
739 2555 842 2590 modo

127 2605 321 2640 humaniori
331 2607 487 2649 ignotum
503 2610 570 2648 est,
593 2605 841 2639 studiosissime

129 2655 390 2699 scriptitabant,
406 2657 441 2690 hi
466 2657 635 2700 pleraque
658 2657 773 2690 omnia
790 2656 842 2690 in·

129 2707 322 2749 artissime3
349 2707 411 2753 (de
436 2712 549 2742 metro
573 2707 724 2752 loquor.)
769 2707 841 2741 Ita·

129 2767 198 2802 qne
228 2758 316 2792 adeo
341 2769 407 2793 uec
435 2759 611 2798 dubitavit
636 2758 763 2793 alicubi
791 2759 842 2792 di-

130 2818 211 2843 cere
232 2809 377 2853 Tullius,
411 2814 421 2830 ·
438 2810 655 2844 comicorum
687 2809 841 2844 senarios

1524 190 1611 233 315

900 304 1049 344 propter
1076 297 1339 333 similitudinem
1353 294 1530 330 sermonis'
1545 294 1613 339 (ita

901 352 1032 386 dictum
1047 355 1087 385 ut
1103 350 1148 384 ab
1162 349 1323 390 Horatio,
1340 348 1350 367 ‘
1361 347 1519 381 Sermoni
1535 355 1614 388 pro-

901 403 1026 446 piora’)
1050 404 1061 422 ‘
1074 403 1125 436 sic
1141 402 1346 445 plerumque
1360 408 1436 433 esse
1447 397 1617 440 abjectos,

901 458 941 488 ut
970 463 1214 498 nonnunquam
1243 453 1279 485 in
1303 451 1343 484 iis
1366 454 1427 484 aut
1451 457 1615 482 numerus

902 509 963 539 aut
988 504 1197 538 versus-vix
1221 502 1331 546 possit
1353 498 1527 542 intelligi!
1570 499 1615 532 ln

901 566 946 590 eo
966 565 1111 589 numero
1138 559 1220 588 sunt
1245 554 1405 594 Plautus,
1419 549 1616 592 Terentius,

901 613 939 642 et
963 609 1034 651 alii,
1059 617 1205 652 quorum
1226 605 1398 648 hodieque
1419 603 1616 646 fragmenta

901 660 1028 703 passim
1059 664 1096 693 et
1117 657 1334 702 σπαράγματα
1359 655 1452 699 apud
1475 658 1617 688 veteres

900 713 1103 746 scholiastae
1119 711 1353 754 reperiuntur.
1376 708 1425 741 At
1444 707 1616 740 Phaedrus

900 768 1020 797 noster
1035 763 1103 796 illis
1120 762 1326 805 castigatior
1347 765 1400 793 est
1415 763 1452 793 et
1468 757 1618 792 adstric-

901 815 983 858 tior,
998 815 1062 849 sed
1085 815 1136 848 ita
1154 819 1285 855 tamen,
1309 817 1349 846 ut
1363 812 1512 844 honesta
1532 819 1617 853 qua-

901 865 980 899 dam
994 865 1172 900 interdum
1184 865 1349 898 libertate
1360 866 1490 895 utatur.
1513 860 1617 895 Quod

900 926 922 950 a
934 917 1032 950 nobis
1046 926 1089 950 ea
1110 916 1225 959 gratia
1239 915 1381 955 dicitur,
1394 923 1439 947 ne
1455 913 1530 956 quis
1545 921 1618 944 om-

900 967 958 1000 nia
980 969 1056 1010 ejus
1079 967 1234 1001 carmina
1256 965 1300 999 ad
1320 966 1503 1013 molestam
1522 963 1617 996 illam

901 1018 1050 1061 purioris
1077 1018 1228 1051 Iambici
1253 1016 1470 1058 diligentiam
1499 1017 1618 1057 postu·

900 1071 952 1103 let
964 1070 1131 1104 revocari.
1178 1069 1284 1110 Nam,
1308 1067 1399 1110 quod
1419 1066 1618 1108 suspicatur

898 1121 1105 1164 Schoppius,
1117 1121 1296 1163 ignorasse
1318 1118 1505 1151 Phaedrum
1519 1117 1616 1159 leges

899 1172 1076 1214 metricas,
1104 1171 1174 1212 cui,
1204 1179 1336 1213 quaeso,
1375 1168 1618 1212 persuaserit?

899 1222 1030 1256 Eadem
1046 1232 1155 1266 opera
1167 1222 1211 1254 P.
1228 1221 1351 1264 Syrum
1364 1229 1375 1260 ;
1389 1219 1511 1252 eadem
1534 1228 1618 1262 ope·

899 1283 938 1308 ra
965 1274 1142 1311 Plautum,
1167 1272 1386 1313 Terentium,
1408 1275 1616 1314 veteresque

899 1325 984 1358 alios
1009 1328 1163 1365 accuset,
1187 1328 1225 1357 et
1243 1323 1428 1365 Virgilium
1443 1322 1571 1364 ipsum,
1586 1322 1617 1355 si

899 1376 980 1408 Diis
996 1375 1114 1419 placet
1127 1385 1136 1408 ε
1154 1385 1174 1408 ο
1183 1374 1319 1416 Pudor,
1331 1374 1392 1406 τοῦ
1402 1384 1441 1406 σε
1452 1371 1529 1406 εἶναι
1542 1374 1615 1415 φῶ;

897 1426 967 1461 Sed
982 1427 1097 1460 solens
1111 1436 1174 1459 suo
1191 1434 1286 1458 more
1298 1424 1384 1458 facit
1394 1424 1590 1467 Schoppius
1604 1434 1615 1464 ς

897 1478 956 1522 qui
966 1478 1164 1519 Scaligeros
1181 1485 1284 1508 ausus
1299 1479 1366 1516 est,
1387 1478 1425 1508 et
1441 1475 1617 1508 Casaubo-

897 1538 961 1562 nos
983 1528 1161 1570 insectari,
1175 1525 1300 1560 κολοιὸς
1321 1524 1399 1569 πρὸς
1419 1524 1526 1559 ἀετόν.
1549 1525 1615 1558 Fa-

941 1635 962 1665 8
985 1633 1115 1675 Duplex
1126 1631 1224 1666 libelli
1240 1630 1322 1674 mos]
1334 1630 1432 1664 Dion
1443 1630 1614 1663 Petavius

896 1683 1008 1719 Praef.
1043 1685 1183 1718 Ration.
1198 1675 1307 1726 tem'p.
1323 1685 1413 1716 hunc
1427 1683 1462 1716 in
1474 1682 1616 1728 modum

896 1735 1004 1769 citat:
1028 1735 1160 1778 Duplex
1173 1734 1274 1768 libelli
1286 1735 1352 1767 dos.
1374 1733 1385 1751 ‘
1402 1734 1491 1768 Quae
1510 1733 1615 1767 lectio

896 1795 942 1820 ex
957 1785 999 1819 iis
1013 1786 1090 1828 est,’
1115 1786 1183 1830 (ita
1196 1786 1250 1820 vir
1269 1796 1416 1828 magnus
1433 1785 1469 1818 in
1484 1785 1615 1818 litteris

896 1837 940 1870 ad
970 1847 1026 1871 me
1057 1837 1178 1880 datis,)
1215 1838 1226 1857 ‘
1245 1847 1322 1880 quae
1360 1836 1472 1879 prima
1494 1835 1614 1879 specie

896 1888 1142 1923 blandiuntur:
1166 1889 1286 1922 nescio
1304 1892 1420 1921 autem
1435 1897 1480 1920 an
1491 1896 1615 1919 excus-

895 1951 934 1973 sa
958 1940 1043 1973 satis
1069 1950 1107 1973 se
1134 1940 1262 1983 probet
1280 1939 1439 1972 eruditis.
1483 1938 1615 1980 Duplex

894 2001 962 2025 mos
974 1991 1085 2032 libelli,
1110 1991 1239 2033 duplex
1265 1991 1323 2022 lex
1339 1993 1417 2022 est:
1445 1988 1529 2021 satis
1545 1988 1616 2021 ele-

896 2047 1031 2086 ganter,
1052 2046 1092 2075 ut
1116 2040 1227 2085 puto.’
1271 2042 1319 2073 Et
1341 2040 1393 2072 ita
1415 2039 1504 2082 legit
1524 2038 1613 2072 Cod.

895 2095 991 2128 Pith.
1020 2098 1114 2128 teste
1145 2094 1346 2127 Neveletox
1387 2092 1445 2135 qui
1483 2095 1615 2134 tamen,

895 2146 1086 2188 Rigaltiurn
1113 2148 1292 2188 sequutus,
1321 2142 1447 2184 edidit,
1483 2142 1614 2185 Duplex

894 2196 1008 2230 libellis
1031 2207 1066 2229 os
1090 2199 1148 2229 est.
1195 2195 1291 2229 Nihil
1311 2194 1440 2228 durius.
1465 2194 1615 2227 Proschi·

893 2258 942 2281 us.
988 2249 1053 2281 Est
1079 2251 1117 2280 et
1140 2246 1208 2280 alia
1222 2246 1342 2288 lectio,
1367 2246 1499 2289 Duplex
1513 2246 1614 2280 libelli

893 2309 960 2332 mos
987 2302 1047 2342 est,
1072 2309 1175 2343 quam
1205 2298 1361 2340 explicat
1391 2298 1612 2341 Schoppius;

895 2349 998 2392 Quia,
1019 2350 1145 2393 inquit,
1169 2359 1312 2391 morem,
1335 2348 1372 2382 id
1387 2353 1453 2392 est,
1470 2349 1559 2392 ἦθος,
1574 2355 1613 2384 et

893 2400 1069 2443 ingenium
1099 2400 1204 2433 rebus
1230 2400 1428 2434 inanimatis
1452 2401 1612 2435 tribuunt

894 2456 1047 2486 veteres.
1092 2451 1196 2486 Quod
1210 2461 1294 2484 vere
1309 2462 1331 2484 a
1348 2451 1524 2494 Schoppio
1539 2451 1612 2486 die-

893 2507 981 2545 tum,
1006 2512 1116 2546 eaque
1139 2512 1195 2535 res
1222 2507 1279 2535 est
1300 2502 1394 2544 apud
1419 2502 1610 2545 scriptores

891 2555 1033 2588 Latinos
1060 2554 1241 2586 tralatitia.
1284 2553 1356 2586 Sed
1382 2554 1544 2588 hocloco
1559 2554 1611 2588 nil

891 2606 964 2639 tale
977 2614 1062 2648 opus
1074 2609 1140 2638 est.
1186 2605 1277 2638 Nam
1294 2605 1377 2647 quin
1399 2606 1456 2638 doe
1474 2615 1611 2650 quoque

891 2655 1028 2690 dicatur
1043 2656 1078 2689 ἐν
1091 2657 1182 2698 ἑνικῷ·
1197 2665 1261 2698 pro
1287 2655 1455 2697 utilitate,
1479 2655 1611 2702 fructu,

891 2714 1109 2749 ornamento,
1134 2712 1201 2740 ecc.
1229 2715 1329 2739 nemo
1345 2705 1534 2749 dubitabit,
1549 2707 1609 2752 qui

891 2768 948 2801 sp.
976 2759 1085 2792 Ovid.
1105 2759 1195 2791 Met.
1212 2766 1247 2790 v.
1272 2760 1350 2790 662.
1376 2757 1503 2800 legerit
1525 2758 1610 2792 ‘do-

891 2814 962 2844 tem
991 2809 1070 2844 oris'
1105 2819 1182 2853 pro,
1200 2807 1411 2852 eloquentia.
1455 2808 1499 2842 In
1530 2808 1605 2842 edi-
