1806 3236
351 198 556 233 prmum
591 198 699 231 ΕΑΒ.
730 195 1034 230 AEsormnum
1073 195 1166 227 mss.
1200 195 1231 226 1.
1261 182 1332 226 22.

102 294 227 340 poeta·
239 294 429 336 usitatum3
449 295 507 328 vel
521 297 554 328 2.
569 298 608 328 ut
621 293 751 337 reliquis
766 293 814 327 sit

102 345 407 391 quadriayllabum‚
432 349 472 378 ut
493 344 584 379 iufra
601 345 646 378 ad
663 344 733 379 sab.
748 345 813 378 ult.

99 397 322 440 probabimu-
336 396 469 431 auctori
483 401 602 430 nostro
617 395 815 440 frequenta-

103 452 192 482 tum.
225 448 313 483 Gna.

145 501 167 532 7
184 498 320 541 Rosun']
333 499 484 542 Proprie
496 499 540 532 de
552 498 718 532 muribus.
741 499 816 533 Cic.

102 549 188 584 Div.
202 559 245 583 11.
268 550 280 569 ‘
299 549 418 584 Mures
433 548 524 583 diem
540 555 579 584 et
592 556 733 584 noctem
756 551 817 584 ali·

103 600 186 645 quid
214 600 401 635 rodentes!
458 602 552 636 Plin.
583 602 644 636 lib.
668 612 752 637 vm.
782 605 817 636 7.

101 654 112 670 ‘
125 652 381 696 'theophrastus
419 657 544 686 auctor
581 658 648 697 est,
686 653 817 688 ferrum

104 714 242 749 quoque
255 705 380 738 rosisse
396 705 479 739 eas!
504 705 610 745 &Ms-

146 757 171 788 8
189 755 371 798 Ιηφκέανι]
393 755 555 790 Cohaeret
565 766 642 789 cum
658 755 818 799 sequenti

103 807 196 840 nihi.
241 807 406 850 Intputoere
429 807 551 850 aliquid
572 807 671 848 alteri
691 812 756 850 est,
781 806 818 840 in

104 859 250 903 expensi
270 859 465 903 creditique
491 859 644 892 rationes
669 858 818 901 referre,

102 910 332 954 exprobrare,
342 915 506 955 tanquam
516 910 735 945 beneficium.
757 911 820 944 Di-

103 971 147 995 co
162 962 266 995 latius
286 962 324 995 in
347 963 439 996 curis
463 962 626 996 secundis
649 961 693 995 ad
708 962 820 996 Paca-

104 1016 180 1046 tum
190 1018 347 1046 nostrum
361 1023 440 1057 cap.
451 1016 506 1047 13.
529 1013 640 1054 Schef.
684 1014 820 1047 Seneca

103 1063 150 1097 de
181 1063 388 1099 Beneficiis:
437 1067 448 1084 ‘
463 1065 634 1100 Quaedam
663 1065 819 1098 homines

104 1119 289 1158 prestant,
311 1120 350 1149 et
374 1115 450 1149 aliis
479 1115 676 1158 imputant.¹
714 1117 819 1150 Atreu.

106 1165 198 1199 Vide
214 1166 357 1200 cellarii
365 1176 468 1201 curu
479 1167 705 1210 posteriores,
717 1177 752 1210 p.
763 1170 819 1201 64.

148 1269 315 1312 liupaton-e
339 1268 537 1314 beneficium]
563 1270 644 1303 Non
670 1273 727 1302 est
750 1269 818 1302 hoc

104 1320 196 1363 loeo,
216 1324 402 1364 acceptum
417 1320 564 1362 referre,
586 1320 649 1353 sed
676 1330 819 1363 exemp-

104 1376 178 1407 tum
193 1371 251 1404 vel
265 1371 431 1405 collatum
443 1370 561 1404 alicui.
605 1371 744 1404 Phrasis
759 1371 818 1403 Se-

104 1432 202 1457 neeoe
227 1428 266 1458 et
292 1422 410 1457 Plinio
434 1423 565 1466 potine,
591 1432 692 1466 quam
717 1423 819 1455 Cice-

105 1475 193 1516 roni,
206 1475 348 1508 usitata.-
381 1474 470 1508 Ritt-

151 1525 291 1568 Vm]
313 1525 418 1561 Quod
444 1524 552 1558 habet
577 1525 731 1567 speeiem
761 1534 820 1557 ex-

107 1577 230 1620 terius,
253 1577 315 1611 sed
337 1577 432 1611 intua
455 1577 541 1609 nihil
566 1581 634 1610 est.
677 1577 818 1610 Servius

100 1628 149 1663 ad
159 1629 259 1672 virg.
268 1628 328 1662 lib.
339 1637 392 1662 lv.
403 1627 530 1662 falsum
541 1628 658 1661 reddit
669 1639 679 1661 ι
702 1629 713 1646 ‘
722 1628 821 1660 Vana

102 1678 214 1722 fide-,ax
240 1680 367 1724 inquit,
389 1681 399 1699 ‘
414 1679 451 1714 id
477 1684 544 1723 est,
568 1678 677 1712 falsa?
711 1678 821 1719 Schef.

98 1731 254 1773 netum,
264 1731 427 1765 mendax.
441 1731 566 1773 Virgil.
576 1730 654 1764 AEu.
662 1739 704 1763 ιι.
727 1732 737 1748 ‘
749 1732 818 1763 Va-

102 1785 185 1818 nur'n
194 1783 398 1818 mendacem
425 1782 490 1825 ue,’
504 1781 549 1815 de
559 1782 698 1815 Sinone.
713 1781 819 1816 Amen.

146 1838 171 1870 9
189 1836 298 1878 Atque
312 1835 376 1878 ito]
425 1843 513 1877 upra
528 1832 601 1867 fab.
617 1836 650 1865 1.
673 1832 684 1851 ‘
698 1831 817 1876 Atque

103 1887 156 1922 ita
168 1892 372 1931 correptum
394 1887 529 1921 lacerat
553 1885 683 1928 injusta
705 1885 818 1918 nece!

148 1989 254 2032 Atque
266 1989 331 2023 iata
345 1988 480 2031 unaue]
502 1987 819 2021 Scribendunflom-

107 2040 191 2077 nino
201 2051 247 2076 ex
258 2041 297 2075 C.
307 2042 408 2075 Rem.
421 2047 460 2074 et
473 2040 558 2073 edit.
573 2050 628 2082 pr.
640 2039 745 2082 Atque
758 2040 820 2081 ita,

104 2091 352 2135 quodPuaedri
367 2091 552 2134 genuinum
568 2094 685 2132 est‚·ut
699 2089 771 2135 fab.
789 2093 820 2124 1.

103 2143 115 2164 ⁸
131 2141 312 2186 Atqueita
325 2145 528 2184 correptum
541 2142 675 2174 lacerat
689 2141 822 2184 injusta

109 2193 229 2234 neceg’
253 2197 291 2226 et
313 2192 378 2226 lib.
393 2201 445 2226 iv.
470 2190 542 2224 fab.
558 2194 590 2224 8.
613 2192 624 2209 ‘
638 2190 757 2234 Atque
771 2192 821 2225 ita

106 2243 227 2287 coegit
246 2242 363 2276 frenos
378 2242 525 2276 invitum
541 2242 614 2285 pati
627 2242 649 2277 ς’
672 2247 709 2276 et
722 2247 819 2277 certe

105 2296 144 2329 in
162 2293 317 2329 secunda
338 2294 420 2327 sede
444 2293 555 2327 rarius
569 2293 738 2327 Phaedrus
754 2295 820 2327 uti-

106 2352 165 2382 tur
177 2370 241 2381 -..-
284 2346 375 2379 Gna.

149 2397 347 2442 Improbum]
385 2396 570 2431 Crudelem
599 2400 638 2431 et
667 2406 819 2436 avaram,

108 2455 150 2485 ut
170 2451 282 2494 liquet
296 2459 341 2483 ex
363 2448 610 2492 superioribus.
655 2447 714 2481 Ad
738 2457 821 2481 eun·

106 2502 185 2537 dem
201 2501 341 2536 modum
355 2500 417 2534 lib.
431 2509 473 2534 11.
488 2503 522 2534 2.
539 2500 583 2532 de
598 2498 818 2541 praedatore:

102 2554 116 2575 ¹
131 2553 333 2597 Improbum
349 2551 498 2595 rejecit!
528 2550 636 2590 Schff.

148 2603 346 2648 Improbum]
369 2603 482 2638 Quam
508 2602 677 2635 Phaedrus
702 2602 820 2644 impro-

108 2655 182 2689 bo·
194 2660 311 2697 vocat,
330 2654 491 2697 apposite
513 2654 667 2687 AEliauus
690 2652 748 2686 lib.
765 2661 819 2686 ιν.

107 2706 199 2740 dixit
212 2705 320 2740 Κακδν
332 2705 446 2748 θηρίον.
476 2705 565 2738 Gud.

153 2758 331 2801 Inprobum
355 2759 419 2793 leto
442 2757 546 2800 dedit]
577 2756 818 2791 Artemidorus

1493 180 1581 227 403

865 292 1051 327 Oneirocr.
1067 301 1125 326 ιιι.
1147 291 1235 331 Γαλῆ
1247 289 1281 324 δὲ
1291 290 1426 331 γυναῖκα
1438 289 1582 329 σημαίνει

864 345 1039 387 πανοῦργον
1076 343 1128 377 καὶ
1159 342 1366 385 κακότροπον.
1423 341 1582 375 AEliauus

865 395 979 428 Auim.
994 395 1017 428 l.
1032 404 1083 429 lv.
1106 393 1211 427 Κακὸν
1225 392 1329 436 θηρίον
1340 392 1362 432 ἣ
1374 393 1475 434 γαλῆ.
1500 392 1584 433 Rig.

839 479 843 486 ,
908 447 988 480 Leto
1003 446 1107 488 dedit]
1130 445 1236 479 Ovid.
1255 447 1318 488 Ep.
1336 447 1370 477 2.
1394 445 1404 463 ‘
1419 442 1585 486 Phyllida

865 498 1098 541 Demophoon
1113 498 1185 531 leto
1200 496 1325 530 dedit?
1370 496 1418 529 Et
1434 495 1583 528 Metam.

868 558 910 583 ιι.
940 551 1016 583 120.
1060 549 1194 582 Seneca
1223 548 1398 591 Hypolyt.
1426 555 1480 579 vs.
1508 549 1585 580 695.

868 603 878 621 ‘
895 603 992 637 Quos
1006 602 1137 644 hausit,
1153 607 1189 634 et
1206 601 1369 644 peremit,
1383 604 1420 632 et
1435 600 1508 632 leto
1525 598 1586 631 ‹le-

868 655 920 689 dit
947 655 1091 696 Odium,
1118 653 1309 697 dolusque.'
1354 653 1464 686 Plura
1487 650 1589 684 dabit

867 706 1122 749 Hoogstratani
1135 706 1235 748 larga
1243 714 1377 737 manus.
1421 703 1480 736 Ita
1495 703 1505 722 ‘
1521 703 1588 735 Le·
1610 721 1614 725 -

869 761 906 791 to
920 756 1061 800 petere’
1077 757 1200 790 senec.
1214 756 1323 788 Herc.
1338 755 1422 787 Fur.
1438 756 1516 787 630.

911 808 991 841 Leto
1005 807 1110 849 dedit]
1143 807 1202 840 Sic
1228 806 1320 839 infra
1343 806 1407 840 lib.
1425 814 1482 838 ιιι.
1508 803 1588 838 fab.

870 863 923 892 16.
970 859 1029 892 Sic
1058 859 1094 891 in
1125 863 1197 892 vet.
1225 857 1374 891 formula
1401 857 1588 890 mortuali:

867 911 878 928 ‘
895 911 997 944 Ollus
1014 914 1070 943 est
1093 910 1166 943 leto
1181 909 1282 942 datus
1295 907 1319 941 :’
1342 907 1387 941 de
1411 918 1480 951 qua
1494 907 1591 940 Bris-

870 971 942 994 son.
956 961 1110 995 Formul.
1123 960 1184 994 lib.
1198 970 1266 994 vn.
1280 959 1369 993 Rite.

914 1015 956 1045 10
979 1012 1021 1044 In
1034 1012 1083 1054 se]
1108 1012 1243 1044 Contra
1257 1021 1307 1044 se.
1321 1012 1460 1043 Terent.
1486 1008 1591 1043 Adel.

869 1063 953 1098 Act.
968 1073 995 1098 1.
1011 1064 1070 1096 Sc.
1083 1065 1118 1097 2.
1142 1065 1152 1082 ‘
1171 1063 1263 1097 Nolo
1286 1059 1322 1094 in
1337 1061 1435 1094 illum
1450 1060 1589 1103 gravius

873 1114 1015 1148 dicere:
1038 1113 1149 1153 Schel-

915 1169 955 1198 11
979 1165 1133 1206 Privata]
1167 1163 1312 1205 Existit,
1327 1162 1369 1195 fit
1385 1162 1534 1205 privata,
1548 1165 1587 1195 et

870 1218 980 1252 servit
996 1217 1088 1257 sibi;
1108 1216 1238 1259 privata
1253 1219 1321 1256 est,
1345 1224 1423 1257 quae
1440 1214 1590 1255 respicit

870 1268 1047 1302 dominum
1063 1276 1172 1309 suum,
1197 1276 1289 1307 eum,
1312 1275 1333 1298 a
1348 1274 1416 1308 quo
1433 1263 1590 1307 proficis-

869 1321 975 1361 citur,
989 1319 1159 1363 quomodo
1177 1317 1270 1361 apud
1295 1317 1423 1350 Horat.
1440 1316 1510 1357 Ep.
1526 1315 1588 1348 lib.

868 1381 896 1406 1.
910 1374 943 1405 3.
966 1371 976 1390 ‘
992 1370 1191 1404 Monendus
1206 1369 1371 1402 Privatae
1387 1372 1426 1401 ut
1451 1371 1590 1410 quaerat

869 1425 975 1468 opes?
1023 1424 1158 1457 Utilitas
1170 1427 1238 1464 est,
1251 1431 1347 1462 usus,
1362 1420 1435 1453 sive
1452 1419 1503 1462 id,
1518 1429 1587 1462 quo

870 1476 944 1518 quis
973 1478 1090 1517 potest
1119 1483 1195 1506 esse
1230 1473 1340 1506 utilis.
1400 1471 1586 1506 Quomodo

871 1526 994 1560 Cicero
1009 1525 1137 1559 alicubi
1150 1525 1186 1557 in
1202 1524 1318 1566 Epist.
1339 1524 1350 1542 ‘
1366 1522 1588 1556 Utilitatibus

870 1578 940 1611 tuis
956 1586 1094 1620 possum
1109 1574 1255 1608 carere!
1286 1573 1392 1614 Schef.

915 1630 957 1660 12
979 1625 1131 1667 ductant]
1156 1626 1279 1658 Isthuc
1290 1625 1403 1667 ipsum
1419 1630 1486 1667 est,
1497 1624 1589 1668 quod

872 1678 962 1711 dicit
972 1678 1182 1710 Terentius:
1205 1677 1215 1696 ‘
1230 1677 1316 1720 Ego,
1330 1676 1495 1718 Charine,
1508 1685 1591 1708 neu·

871 1730 1003 1773 tiquam
1029 1728 1180 1763 officium
1208 1729 1311 1762 liberi
1337 1738 1413 1761 esse
1439 1728 1587 1762 hominis

870 1786 971 1824 puto,
983 1781 1071 1815 Cum
1081 1781 1109 1814 is
1124 1781 1176 1813 nil
1188 1784 1402 1823 promereat,
1411 1779 1589 1822 postulare

869 1833 907 1867 id
923 1833 1045 1875 gratiae
1062 1832 1192 1876 apponi
1209 1830 1297 1864 sibi?
1342 1830 1386 1863 Id
1401 1839 1508 1873 supra
1528 1840 1586 1862 ro·

872 1884 1073 1918 tundissime
1096 1884 1187 1916 dixit
1210 1882 1395 1923 Phaedrus,
1421 1883 1431 1900 ‘
1450 1882 1587 1914 Vanum

870 1936 1079 1970 beneficium
1092 1936 1244 1978 cuipiam
1256 1933 1452 1978 imputare!
1470 1934 1588 1967 Faber.

871 1987 1014 2020 Phrasis
1039 1987 1095 2019 hic
1118 1990 1285 2019 mutatur.
1330 1985 1422 2017 Vide
1437 1994 1543 2026 supra
1558 1994 1589 2017 c.

870 2041 903 2072 4.
923 2038 1058 2071 verbis:
1097 2038 1108 2056 ‘
1124 2038 1273 2079 Eripere
1300 2035 1444 2076 voluit;'
1481 2045 1588 2078 quan-

871 2099 972 2132 quam
985 2092 1122 2122 veteres
1132 2088 1302 2120 editiones
1310 2086 1590 2127 habeantjactoe‚

871 2140 963 2183 quod
979 2135 1043 2173 cur
1069 2139 1248 2182 repudiari
1274 2138 1418 2179 debeat,
1443 2147 1511 2170 uon
1536 2137 1589 2170 vi-

872 2191 951 2225 deo.
986 2189 1093 2230 Sches.
1139 2191 1222 2231 Leg.
1251 2189 1296 2222 Ut
1321 2189 1472 2222 meritum
1496 2188 1590 2221 imme

863 2241 987 2282 jactent
1032 2240 1295 2284 imprudentibus.
1371 2240 1591 2282 Imprudentes

872 2299 970 2335 sunt,
979 2293 1104 2336 ignari.
1149 2292 1207 2325 Sic
1223 2301 1328 2334 supra
1344 2291 1434 2324 dixit
1446 2290 1516 2325 fab.
1533 2294 1588 2325 14.

871 2347 881 2364 ‘
898 2345 1056 2380 Quorum
1083 2344 1236 2376 stultitia
1263 2348 1418 2386 quaestus
1444 2347 1500 2376 est
1526 2343 1589 2376 im-

872 2396 1094 2440 prudentiae.'
1139 2397 1186 2428 Et
1216 2394 1333 2428 fabula
1361 2398 1418 2428 63.
1455 2396 1465 2414 ‘
1484 2394 1589 2430 Quod

871 2450 1058 2482 multorum
1072 2447 1163 2490 fugit
1176 2446 1472 2489 imprudentiam.’
1497 2447 1588 2480 Con·

871 2500 979 2533 trario
994 2509 1096 2532 sensu
1113 2502 1215 2532 vocat
1236 2498 1246 2517 ‘
1264 2497 1426 2537 Peritos‚'
1453 2496 1589 2529 Fabula

871 2551 1050 2594 sequenti3
1074 2555 1110 2583 et
1127 2551 1137 2568 ‘
1149 2547 1447 2591 cautos,’fab.25.
1470 2547 1589 2581 Heius.

872 2601 1144 2645 Imprudentibus]
1170 2601 1248 2641 Est,
1273 2599 1365 2642 apud
1388 2599 1594 2641 impruden*

872 2661 938 2698 tes,
962 2655 998 2688 id
1014 2659 1079 2698 est,
1103 2653 1291 2695 simplices,
1315 2651 1440 2694 quihus
1468 2650 1589 2683 volunt

872 2707 1052 2749 imponere
1091 2714 1220 2747 pompa
1247 2703 1442 2736 verborum.
1486 2702 1586 2743 Virg-

872 2758 934 2793 lib.
961 2768 1003 2794 11.
1042 2758 1052 2777 ‘
1069 2756 1249 2790 Montibus
1280 2759 1317 2788 et
1346 2754 1441 2788 silvis
1470 2751 1585 2790 studio
