<?xml version="1.0" encoding="UTF-8"?>
<!DOCTYPE html PUBLIC "-//W3C//DTD XHTML 1.0 Transitional//EN"
    "http://www.w3.org/TR/xhtml1/DTD/xhtml1-transitional.dtd">
<html xmlns="http://www.w3.org/1999/xhtml" xml:lang="en" lang="en">
 <head>
  <title>
</title>
<meta http-equiv="Content-Type" content="text/html;charset=utf-8" />
  <meta name='ocr-system' content='tesseract 3.04.00' />
  <meta name='ocr-capabilities' content='ocr_page ocr_carea ocr_par ocr_line ocrx_word'/>
</head>
<body>
  <div class='ocr_page' id='page_1' title='image "./fabualeaesopiae00phaeuoft_0402.png"; bbox 0 0 1806 3236; ppageno 0'>
   <div class='ocr_carea' id='block_1_1' title="bbox 210 225 296 267">
    <p class='ocr_par' dir='ltr' id='par_1_1' title="bbox 210 225 296 267">
     <span class='ocr_line' id='line_1_1' title="bbox 210 225 296 267; baseline 0 0"><span class='ocrx_word' id='word_1_1' title='bbox 210 225 296 267; x_wconf 82' lang='lat'><strong>390</strong></span> 
     </span>
    </p>
   </div>
   <div class='ocr_carea' id='block_1_2' title="bbox 208 330 913 417">
    <p class='ocr_par' dir='ltr' id='par_1_2' title="bbox 208 330 913 417">
     <span class='ocr_line' id='line_1_2' title="bbox 210 330 912 374; baseline 0 -11"><span class='ocrx_word' id='word_1_2' title='bbox 210 331 302 363; x_wconf 87' lang='lat' dir='ltr'><strong>celsa</strong></span> <span class='ocrx_word' id='word_1_3' title='bbox 316 330 359 364; x_wconf 86' lang='lat' dir='ltr'><strong>de</strong></span> <span class='ocrx_word' id='word_1_4' title='bbox 371 341 454 373; x_wconf 86' lang='lat' dir='ltr'><strong>rupe</strong></span> <span class='ocrx_word' id='word_1_5' title='bbox 471 330 620 373; x_wconf 61' lang='lat' dir='ltr'><strong>puellae?</strong></span> <span class='ocrx_word' id='word_1_6' title='bbox 654 330 735 373; x_wconf 87' lang='lat' dir='ltr'><strong>Ipse</strong></span> <span class='ocrx_word' id='word_1_7' title='bbox 748 331 912 374; x_wconf 77' lang='lat' dir='ltr'><strong>Virgilius</strong></span> 
     </span>
     <span class='ocr_line' id='line_1_3' title="bbox 208 383 913 417; baseline 0.001 -2"><span class='ocrx_word' id='word_1_8' title='bbox 208 383 283 415; x_wconf 86' lang='lat' dir='ltr'><strong>AEu.</strong></span> <span class='ocrx_word' id='word_1_9' title='bbox 305 383 366 416; x_wconf 87' lang='lat' dir='ltr'><strong>lib.</strong></span> <span class='ocrx_word' id='word_1_10' title='bbox 391 393 441 416; x_wconf 86' lang='grc' dir='ltr'><strong>ιν.</strong></span> <span class='ocrx_word' id='word_1_11' title='bbox 466 393 513 417; x_wconf 90' lang='lat' dir='ltr'><strong>vs.</strong></span> <span class='ocrx_word' id='word_1_12' title='bbox 536 386 613 415; x_wconf 82' lang='lat'><strong>409.</strong></span> <span class='ocrx_word' id='word_1_13' title='bbox 650 383 660 401; x_wconf 92' lang='lat'>‘</span> <span class='ocrx_word' id='word_1_14' title='bbox 679 383 765 416; x_wconf 89' lang='lat' dir='ltr'><strong>Cum</strong></span> <span class='ocrx_word' id='word_1_15' title='bbox 793 384 913 416; x_wconf 86' lang='lat' dir='ltr'><strong>littora</strong></span> 
     </span>
    </p>
   </div>
   <div class='ocr_carea' id='block_1_3' title="bbox 210 432 927 476">
    <p class='ocr_par' dir='ltr' id='par_1_3' title="bbox 210 432 927 476">
     <span class='ocr_line' id='line_1_4' title="bbox 210 432 927 476; baseline 0 -11"><span class='ocrx_word' id='word_1_16' title='bbox 210 432 347 466; x_wconf 85' lang='lat' dir='ltr'><strong>fervere</strong></span> <span class='ocrx_word' id='word_1_17' title='bbox 378 434 462 476; x_wconf 86' lang='lat' dir='ltr'><strong>late,</strong></span> <span class='ocrx_word' id='word_1_18' title='bbox 497 432 720 475; x_wconf 87' lang='lat' dir='ltr'><strong>Prospiceres</strong></span> <span class='ocrx_word' id='word_1_19' title='bbox 754 444 832 467; x_wconf 87' lang='lat' dir='ltr'><strong>arce</strong></span> <span class='ocrx_word' id='word_1_20' title='bbox 869 444 927 466; x_wconf 69' lang='lat' dir='ltr'><strong>ex.</strong></span> 
     </span>
    </p>
   </div>
   <div class='ocr_carea' id='block_1_4' title="bbox 204 484 922 1795">
    <p class='ocr_par' dir='ltr' id='par_1_4' title="bbox 204 484 918 1180">
     <span class='ocr_line' id='line_1_5' title="bbox 210 484 913 517; baseline 0.001 -1"><span class='ocrx_word' id='word_1_21' title='bbox 210 484 356 517; x_wconf 64' lang='lat' dir='ltr'><strong>summa?</strong></span> <span class='ocrx_word' id='word_1_22' title='bbox 392 485 438 516; x_wconf 90' lang='lat' dir='ltr'><strong>Et</strong></span> <span class='ocrx_word' id='word_1_23' title='bbox 453 485 579 516; x_wconf 88' lang='lat' dir='ltr'><strong>clarius</strong></span> <span class='ocrx_word' id='word_1_24' title='bbox 603 485 712 517; x_wconf 85' lang='lat' dir='ltr'><strong>adhuc</strong></span> <span class='ocrx_word' id='word_1_25' title='bbox 735 485 913 517; x_wconf 88' lang='lat' dir='ltr'><strong>Cornelius</strong></span> 
     </span>
     <span class='ocr_line' id='line_1_6' title="bbox 209 535 914 578; baseline 0.003 -12"><span class='ocrx_word' id='word_1_26' title='bbox 209 536 356 567; x_wconf 86' lang='lat' dir='ltr'><strong>Severus</strong></span> <span class='ocrx_word' id='word_1_27' title='bbox 370 535 405 566; x_wconf 89' lang='lat' dir='ltr'><strong>in</strong></span> <span class='ocrx_word' id='word_1_28' title='bbox 427 535 548 567; x_wconf 83' lang='lat' dir='ltr'><strong>AEtna:</strong></span> <span class='ocrx_word' id='word_1_29' title='bbox 577 535 587 553; x_wconf 88' lang='lat'>‘</span> <span class='ocrx_word' id='word_1_30' title='bbox 603 535 814 578; x_wconf 78' lang='lat' dir='ltr'><strong>Prospectat</strong></span> <span class='ocrx_word' id='word_1_31' title='bbox 836 536 914 568; x_wconf 87' lang='lat' dir='ltr'><strong>snb-</strong></span> 
     </span>
     <span class='ocr_line' id='line_1_7' title="bbox 209 585 915 627; baseline 0.003 -10"><span class='ocrx_word' id='word_1_32' title='bbox 209 585 298 617; x_wconf 86' lang='lat' dir='ltr'><strong>limis</strong></span> <span class='ocrx_word' id='word_1_33' title='bbox 325 594 423 626; x_wconf 87' lang='lat' dir='ltr'><strong>opus,</strong></span> <span class='ocrx_word' id='word_1_34' title='bbox 437 590 616 627; x_wconf 85' lang='lat' dir='ltr'><strong>vastosque</strong></span> <span class='ocrx_word' id='word_1_35' title='bbox 638 585 817 619; x_wconf 86' lang='lat' dir='ltr'><strong>recessus.&#39;</strong></span> <span class='ocrx_word' id='word_1_36' title='bbox 860 586 915 619; x_wconf 89' lang='lat' dir='ltr'><strong>De</strong></span> 
     </span>
     <span class='ocr_line' id='line_1_8' title="bbox 209 636 914 682; baseline 0.007 -15"><span class='ocrx_word' id='word_1_37' title='bbox 209 636 302 668; x_wconf 87' lang='lat' dir='ltr'><strong>nube</strong></span> <span class='ocrx_word' id='word_1_38' title='bbox 337 636 501 678; x_wconf 88' lang='lat' dir='ltr'><strong>loquitur,</strong></span> <span class='ocrx_word' id='word_1_39' title='bbox 529 647 604 680; x_wconf 83' lang='lat' dir='ltr'><strong>quoe</strong></span> <span class='ocrx_word' id='word_1_40' title='bbox 641 647 777 681; x_wconf 81' lang='lat' dir='ltr'><strong>semper</strong></span> <span class='ocrx_word' id='word_1_41' title='bbox 809 649 914 682; x_wconf 87' lang='lat' dir='ltr'><strong>supra</strong></span> 
     </span>
     <span class='ocr_line' id='line_1_9' title="bbox 210 687 912 723; baseline 0.006 -4"><span class='ocrx_word' id='word_1_42' title='bbox 210 687 323 720; x_wconf 82' lang='lat' dir='ltr'><strong>AEtnae</strong></span> <span class='ocrx_word' id='word_1_43' title='bbox 355 697 519 720; x_wconf 83' lang='lat' dir='ltr'>cacumen</span> <span class='ocrx_word' id='word_1_44' title='bbox 551 689 693 722; x_wconf 82' lang='lat' dir='ltr'><strong>residet.</strong></span> <span class='ocrx_word' id='word_1_45' title='bbox 746 690 830 722; x_wconf 86' lang='lat' dir='ltr'><strong>Mox</strong></span> <span class='ocrx_word' id='word_1_46' title='bbox 867 691 912 723; x_wconf 85' lang='lat' dir='ltr'><strong>dc</strong></span> 
     </span>
     <span class='ocr_line' id='line_1_10' title="bbox 210 738 914 780; baseline 0.006 -10"><span class='ocrx_word' id='word_1_47' title='bbox 210 738 295 780; x_wconf 87' lang='lat' dir='ltr'><strong>ipsis</strong></span> <span class='ocrx_word' id='word_1_48' title='bbox 310 739 514 779; x_wconf 87' lang='lat' dir='ltr'><strong>hominibus,</strong></span> <span class='ocrx_word' id='word_1_49' title='bbox 530 739 639 772; x_wconf 84' lang='lat' dir='ltr'><strong>AEtnae</strong></span> <span class='ocrx_word' id='word_1_50' title='bbox 663 745 812 773; x_wconf 84' lang='lat' dir='ltr'><strong>crateres</strong></span> <span class='ocrx_word' id='word_1_51' title='bbox 834 751 914 774; x_wconf 89' lang='lat' dir='ltr'><strong>con-</strong></span> 
     </span>
     <span class='ocr_line' id='line_1_11' title="bbox 209 789 913 832; baseline 0.007 -12"><span class='ocrx_word' id='word_1_52' title='bbox 209 789 358 821; x_wconf 85' lang='lat' dir='ltr'><strong>siderare</strong></span> <span class='ocrx_word' id='word_1_53' title='bbox 370 790 610 832; x_wconf 86' lang='lat' dir='ltr'><strong>cupientibus:</strong></span> <span class='ocrx_word' id='word_1_54' title='bbox 635 794 644 810; x_wconf 89' lang='lat'>‘</span> <span class='ocrx_word' id='word_1_55' title='bbox 656 791 795 825; x_wconf 88' lang='lat' dir='ltr'><strong>Summo</strong></span> <span class='ocrx_word' id='word_1_56' title='bbox 809 801 913 825; x_wconf 84' lang='lat' dir='ltr'><strong>cerne</strong></span> 
     </span>
     <span class='ocr_line' id='line_1_12' title="bbox 204 840 914 884; baseline 0.007 -13"><span class='ocrx_word' id='word_1_57' title='bbox 204 840 305 882; x_wconf 78' lang='lat' dir='ltr'><strong>jugo,</strong></span> <span class='ocrx_word' id='word_1_58' title='bbox 331 840 388 873; x_wconf 87' lang='lat' dir='ltr'><strong>vel</strong></span> <span class='ocrx_word' id='word_1_59' title='bbox 416 850 483 884; x_wconf 89' lang='lat' dir='ltr'><strong>qua</strong></span> <span class='ocrx_word' id='word_1_60' title='bbox 505 841 701 875; x_wconf 81' lang='lat' dir='ltr'><strong>liberrimus</strong></span> <span class='ocrx_word' id='word_1_61' title='bbox 725 842 828 876; x_wconf 82' lang='lat' dir='ltr'><strong>AEtna</strong></span> <span class='ocrx_word' id='word_1_62' title='bbox 855 843 914 876; x_wconf 92' lang='lat' dir='ltr'><strong>In—</strong></span> 
     </span>
     <span class='ocr_line' id='line_1_13' title="bbox 212 892 915 933; baseline 0.007 -11"><span class='ocrx_word' id='word_1_63' title='bbox 212 894 418 933; x_wconf 87' lang='lat' dir='ltr'><strong>prospectus</strong></span> <span class='ocrx_word' id='word_1_64' title='bbox 435 892 520 933; x_wconf 84' lang='lat' dir='ltr'><strong>hiat,</strong></span> <span class='ocrx_word' id='word_1_65' title='bbox 532 896 707 926; x_wconf 86' lang='lat' dir='ltr'><strong>tantarum</strong></span> <span class='ocrx_word' id='word_1_66' title='bbox 723 895 850 927; x_wconf 88' lang='lat' dir='ltr'><strong>semina</strong></span> <span class='ocrx_word' id='word_1_67' title='bbox 863 904 915 926; x_wconf 86' lang='lat' dir='ltr'><strong>re·</strong></span> 
     </span>
     <span class='ocr_line' id='line_1_14' title="bbox 212 941 917 978; baseline 0.004 -5"><span class='ocrx_word' id='word_1_68' title='bbox 212 941 313 975; x_wconf 62' lang='lat' dir='ltr'><strong>rum)</strong></span> <span class='ocrx_word' id='word_1_69' title='bbox 357 942 437 975; x_wconf 89' lang='lat' dir='ltr'><strong>Non</strong></span> <span class='ocrx_word' id='word_1_70' title='bbox 460 948 515 976; x_wconf 89' lang='lat' dir='ltr'><strong>est</strong></span> <span class='ocrx_word' id='word_1_71' title='bbox 529 943 615 976; x_wconf 85' lang='lat' dir='ltr'><strong>alius</strong></span> <span class='ocrx_word' id='word_1_72' title='bbox 636 949 753 977; x_wconf 87' lang='lat' dir='ltr'><strong>nostro</strong></span> <span class='ocrx_word' id='word_1_73' title='bbox 775 945 917 978; x_wconf 78' lang='lat' dir='ltr'><strong>similior</strong></span> 
     </span>
     <span class='ocr_line' id='line_1_15' title="bbox 213 993 916 1034; baseline 0.006 -10"><span class='ocrx_word' id='word_1_74' title='bbox 213 993 322 1034; x_wconf 85' lang='lat' dir='ltr'><strong>locus,</strong></span> <span class='ocrx_word' id='word_1_75' title='bbox 333 997 371 1026; x_wconf 88' lang='lat' dir='ltr'><strong>ut</strong></span> <span class='ocrx_word' id='word_1_76' title='bbox 377 993 584 1026; x_wconf 77' lang='lat' dir='ltr'><strong>dubitationi</strong></span> <span class='ocrx_word' id='word_1_77' title='bbox 596 994 679 1026; x_wconf 89' lang='lat' dir='ltr'><strong>nihil</strong></span> <span class='ocrx_word' id='word_1_78' title='bbox 689 995 735 1027; x_wconf 86' lang='lat' dir='ltr'><strong>sit</strong></span> <span class='ocrx_word' id='word_1_79' title='bbox 746 996 916 1029; x_wconf 85' lang='lat' dir='ltr'><strong>relictum.</strong></span> 
     </span>
     <span class='ocr_line' id='line_1_16' title="bbox 215 1044 918 1089; baseline 0.006 -14"><span class='ocrx_word' id='word_1_80' title='bbox 215 1044 322 1084; x_wconf 80' lang='lat' dir='ltr'><strong>Schef.</strong></span> <span class='ocrx_word' id='word_1_81' title='bbox 349 1044 454 1078; x_wconf 78' lang='lat' dir='ltr'><strong>Ovid,</strong></span> <span class='ocrx_word' id='word_1_82' title='bbox 469 1045 557 1078; x_wconf 86' lang='lat' dir='ltr'><strong>Met.</strong></span> <span class='ocrx_word' id='word_1_83' title='bbox 573 1054 614 1079; x_wconf 87' lang='lat'><strong>11.</strong></span> <span class='ocrx_word' id='word_1_84' title='bbox 629 1048 684 1078; x_wconf 86' lang='grc'><strong>90.</strong></span> <span class='ocrx_word' id='word_1_85' title='bbox 711 1046 722 1065; x_wconf 83' lang='lat'><em>⁴</em></span> <span class='ocrx_word' id='word_1_86' title='bbox 742 1046 918 1089; x_wconf 90' lang='lat' dir='ltr'><strong>Prospicit</strong></span> 
     </span>
     <span class='ocr_line' id='line_1_17' title="bbox 215 1096 918 1139; baseline 0.006 -13"><span class='ocrx_word' id='word_1_87' title='bbox 215 1105 367 1136; x_wconf 81' lang='lat' dir='ltr'><strong>occasus,</strong></span> <span class='ocrx_word' id='word_1_88' title='bbox 409 1096 583 1128; x_wconf 85' lang='lat' dir='ltr'><strong>interdum</strong></span> <span class='ocrx_word' id='word_1_89' title='bbox 621 1096 764 1139; x_wconf 84' lang='lat' dir='ltr'><strong>respicit</strong></span> <span class='ocrx_word' id='word_1_90' title='bbox 800 1101 918 1130; x_wconf 86' lang='lat' dir='ltr'><strong>ortus.&#39;</strong></span> 
     </span>
     <span class='ocr_line' id='line_1_18' title="bbox 215 1145 494 1180; baseline 0.011 -3"><span class='ocrx_word' id='word_1_91' title='bbox 215 1145 295 1178; x_wconf 83' lang='lat' dir='ltr'><strong>vid.</strong></span> <span class='ocrx_word' id='word_1_92' title='bbox 311 1145 390 1179; x_wconf 83' lang='lat' dir='ltr'><strong>infr.</strong></span> <span class='ocrx_word' id='word_1_93' title='bbox 404 1156 446 1179; x_wconf 83' lang='lat'><strong>11.</strong></span> <span class='ocrx_word' id='word_1_94' title='bbox 461 1149 494 1180; x_wconf 79' lang='lat'><strong>4.</strong></span> 
     </span>
    </p>

    <p class='ocr_par' dir='ltr' id='par_1_5' title="bbox 215 1197 922 1795">
     <span class='ocr_line' id='line_1_19' title="bbox 257 1197 917 1240; baseline 0.006 -12"><span class='ocrx_word' id='word_1_95' title='bbox 257 1197 420 1229; x_wconf 78' lang='lat' dir='ltr'><strong>Jacentem</strong></span> <span class='ocrx_word' id='word_1_96' title='bbox 434 1198 469 1229; x_wconf 84' lang='lat' dir='ltr'><strong>in</strong></span> <span class='ocrx_word' id='word_1_97' title='bbox 480 1197 593 1239; x_wconf 81' lang='lat' dir='ltr'><strong>fovea]</strong></span> <span class='ocrx_word' id='word_1_98' title='bbox 632 1199 712 1231; x_wconf 89' lang='lat' dir='ltr'><strong>Non</strong></span> <span class='ocrx_word' id='word_1_99' title='bbox 733 1203 917 1240; x_wconf 84' lang='lat' dir='ltr'><strong>mortuum,</strong></span> 
     </span>
     <span class='ocr_line' id='line_1_20' title="bbox 216 1248 917 1291; baseline 0.006 -13"><span class='ocrx_word' id='word_1_100' title='bbox 216 1251 254 1279; x_wconf 87' lang='lat' dir='ltr'><strong>ut</strong></span> <span class='ocrx_word' id='word_1_101' title='bbox 268 1248 402 1290; x_wconf 86' lang='lat' dir='ltr'><strong>accepit</strong></span> <span class='ocrx_word' id='word_1_102' title='bbox 417 1248 570 1281; x_wconf 86' lang='lat' dir='ltr'><strong>Gallicus</strong></span> <span class='ocrx_word' id='word_1_103' title='bbox 593 1249 776 1291; x_wconf 72' lang='lat' dir='ltr'><strong>interpres,</strong></span> <span class='ocrx_word' id='word_1_104' title='bbox 799 1259 917 1282; x_wconf 87' lang='lat' dir='ltr'><strong>verum</strong></span> 
     </span>
     <span class='ocr_line' id='line_1_21' title="bbox 215 1297 919 1340; baseline 0.004 -11"><span class='ocrx_word' id='word_1_105' title='bbox 215 1297 392 1339; x_wconf 88' lang='lat' dir='ltr'><strong>delapsum</strong></span> <span class='ocrx_word' id='word_1_106' title='bbox 418 1303 521 1340; x_wconf 90' lang='lat' dir='ltr'><strong>atque</strong></span> <span class='ocrx_word' id='word_1_107' title='bbox 549 1303 698 1340; x_wconf 84' lang='lat' dir='ltr'><strong>captum.</strong></span> <span class='ocrx_word' id='word_1_108' title='bbox 756 1299 919 1332; x_wconf 80' lang='lat' dir='ltr'><strong>Solebam</strong></span> 
     </span>
     <span class='ocr_line' id='line_1_22' title="bbox 215 1349 920 1392; baseline 0.004 -12"><span class='ocrx_word' id='word_1_109' title='bbox 215 1349 305 1381; x_wconf 87' lang='lat' dir='ltr'><strong>enim</strong></span> <span class='ocrx_word' id='word_1_110' title='bbox 320 1349 396 1391; x_wconf 88' lang='lat' dir='ltr'><strong>capi</strong></span> <span class='ocrx_word' id='word_1_111' title='bbox 411 1350 493 1382; x_wconf 88' lang='lat' dir='ltr'><strong>olim</strong></span> <span class='ocrx_word' id='word_1_112' title='bbox 505 1359 640 1392; x_wconf 86' lang='lat' dir='ltr'><strong>quoque</strong></span> <span class='ocrx_word' id='word_1_113' title='bbox 652 1349 772 1383; x_wconf 87' lang='lat' dir='ltr'><strong>foveis.</strong></span> <span class='ocrx_word' id='word_1_114' title='bbox 816 1350 920 1383; x_wconf 86' lang='lat' dir='ltr'><strong>Unde</strong></span> 
     </span>
     <span class='ocr_line' id='line_1_23' title="bbox 217 1399 918 1442; baseline 0.003 -11"><span class='ocrx_word' id='word_1_115' title='bbox 217 1399 385 1432; x_wconf 86' lang='lat' dir='ltr'><strong>Horatius</strong></span> <span class='ocrx_word' id='word_1_116' title='bbox 413 1400 478 1442; x_wconf 90' lang='lat' dir='ltr'><strong>Ep.</strong></span> <span class='ocrx_word' id='word_1_117' title='bbox 507 1400 568 1432; x_wconf 90' lang='lat' dir='ltr'><strong>lib.</strong></span> <span class='ocrx_word' id='word_1_118' title='bbox 598 1409 621 1432; x_wconf 89' lang='lat'><strong>1.</strong></span> <span class='ocrx_word' id='word_1_119' title='bbox 652 1401 706 1433; x_wconf 78' lang='lat'><strong>16.</strong></span> <span class='ocrx_word' id='word_1_120' title='bbox 750 1401 761 1419; x_wconf 89' lang='lat'>‘</span> <span class='ocrx_word' id='word_1_121' title='bbox 789 1401 918 1433; x_wconf 87' lang='lat' dir='ltr'><strong>Cautus</strong></span> 
     </span>
     <span class='ocr_line' id='line_1_24' title="bbox 216 1450 918 1495; baseline 0.004 -13"><span class='ocrx_word' id='word_1_122' title='bbox 216 1451 306 1482; x_wconf 85' lang='lat' dir='ltr'><strong>enim</strong></span> <span class='ocrx_word' id='word_1_123' title='bbox 336 1451 461 1483; x_wconf 82' lang='lat' dir='ltr'><strong>metuit</strong></span> <span class='ocrx_word' id='word_1_124' title='bbox 484 1450 617 1484; x_wconf 85' lang='lat' dir='ltr'><strong>foveam</strong></span> <span class='ocrx_word' id='word_1_125' title='bbox 642 1450 768 1494; x_wconf 62' lang='lat' dir='ltr'><strong>lupus?</strong></span> <span class='ocrx_word' id='word_1_126' title='bbox 803 1451 918 1495; x_wconf 86' lang='lat' dir='ltr'><strong>Atque</strong></span> 
     </span>
     <span class='ocr_line' id='line_1_25' title="bbox 217 1500 920 1543; baseline 0.001 -9"><span class='ocrx_word' id='word_1_127' title='bbox 217 1502 295 1534; x_wconf 83' lang='lat' dir='ltr'><strong>talis</strong></span> <span class='ocrx_word' id='word_1_128' title='bbox 304 1500 405 1534; x_wconf 84' lang='lat' dir='ltr'><strong>fovea</strong></span> <span class='ocrx_word' id='word_1_129' title='bbox 414 1502 595 1543; x_wconf 81' lang='lat' dir='ltr'><strong>captandis</strong></span> <span class='ocrx_word' id='word_1_130' title='bbox 601 1502 691 1543; x_wconf 90' lang='lat' dir='ltr'><strong>lupis</strong></span> <span class='ocrx_word' id='word_1_131' title='bbox 700 1502 920 1535; x_wconf 83' lang='lat' dir='ltr'><strong>dolostructa</strong></span> 
     </span>
     <span class='ocr_line' id='line_1_26' title="bbox 217 1552 920 1595; baseline 0.001 -11"><span class='ocrx_word' id='word_1_132' title='bbox 217 1552 272 1584; x_wconf 90' lang='lat' dir='ltr'><strong>hic</strong></span> <span class='ocrx_word' id='word_1_133' title='bbox 288 1552 515 1594; x_wconf 84' lang='lat' dir='ltr'><strong>intelligenda</strong></span> <span class='ocrx_word' id='word_1_134' title='bbox 527 1563 537 1592; x_wconf 77' lang='grc' dir='ltr'>ς</span> <span class='ocrx_word' id='word_1_135' title='bbox 561 1552 652 1594; x_wconf 91' lang='lat' dir='ltr'><strong>quod</strong></span> <span class='ocrx_word' id='word_1_136' title='bbox 664 1553 729 1585; x_wconf 87' lang='lat' dir='ltr'><strong>nisi</strong></span> <span class='ocrx_word' id='word_1_137' title='bbox 744 1552 819 1594; x_wconf 83' lang='lat' dir='ltr'><strong>fiat,</strong></span> <span class='ocrx_word' id='word_1_138' title='bbox 828 1553 920 1595; x_wconf 85' lang='lat' dir='ltr'><strong>perit</strong></span> 
     </span>
     <span class='ocr_line' id='line_1_27' title="bbox 217 1602 920 1644; baseline 0.001 -10"><span class='ocrx_word' id='word_1_139' title='bbox 217 1602 326 1634; x_wconf 87' lang='lat' dir='ltr'><strong>omnis</strong></span> <span class='ocrx_word' id='word_1_140' title='bbox 354 1602 438 1634; x_wconf 85' lang='lat' dir='ltr'><strong>dicti</strong></span> <span class='ocrx_word' id='word_1_141' title='bbox 473 1603 654 1644; x_wconf 82' lang='lat' dir='ltr'><strong>elegantia.</strong></span> <span class='ocrx_word' id='word_1_142' title='bbox 700 1602 806 1643; x_wconf 76' lang='lat' dir='ltr'><strong>Schef.</strong></span> <span class='ocrx_word' id='word_1_143' title='bbox 863 1604 920 1636; x_wconf 69' lang='lat' dir='ltr'><strong>D&#39;e</strong></span> 
     </span>
     <span class='ocr_line' id='line_1_28' title="bbox 219 1651 919 1688; baseline 0.001 -4"><span class='ocrx_word' id='word_1_144' title='bbox 219 1656 394 1685; x_wconf 77' lang='lat' dir='ltr'><strong>structura</strong></span> <span class='ocrx_word' id='word_1_145' title='bbox 423 1651 542 1685; x_wconf 80' lang='lat' dir='ltr'><strong>harum</strong></span> <span class='ocrx_word' id='word_1_146' title='bbox 579 1651 753 1685; x_wconf 81' lang='lat' dir='ltr'><strong>fovearum</strong></span> <span class='ocrx_word' id='word_1_147' title='bbox 780 1663 812 1688; x_wconf 87' lang='lat' dir='ltr'><strong>v.</strong></span> <span class='ocrx_word' id='word_1_148' title='bbox 858 1654 919 1686; x_wconf 90' lang='lat' dir='ltr'><strong>Sil.</strong></span> 
     </span>
     <span class='ocr_line' id='line_1_29' title="bbox 217 1703 920 1737; baseline 0.001 -2"><span class='ocrx_word' id='word_1_149' title='bbox 217 1703 328 1736; x_wconf 81' lang='lat' dir='ltr'><strong>Italic.</strong></span> <span class='ocrx_word' id='word_1_150' title='bbox 344 1703 403 1736; x_wconf 90' lang='lat' dir='ltr'><strong>lib.</strong></span> <span class='ocrx_word' id='word_1_151' title='bbox 419 1712 469 1736; x_wconf 79' lang='lat' dir='ltr'><strong>vt.</strong></span> <span class='ocrx_word' id='word_1_152' title='bbox 492 1714 540 1736; x_wconf 83' lang='lat' dir='ltr'><strong>vs.</strong></span> <span class='ocrx_word' id='word_1_153' title='bbox 555 1706 630 1736; x_wconf 75' lang='lat'><strong>329.</strong></span> <span class='ocrx_word' id='word_1_154' title='bbox 668 1705 679 1722; x_wconf 90' lang='lat'>‘</span> <span class='ocrx_word' id='word_1_155' title='bbox 697 1704 801 1736; x_wconf 84' lang='lat' dir='ltr'><strong>Haud</strong></span> <span class='ocrx_word' id='word_1_156' title='bbox 822 1713 920 1737; x_wconf 89' lang='lat' dir='ltr'><strong>secus</strong></span> 
     </span>
     <span class='ocr_line' id='line_1_30' title="bbox 218 1752 922 1795; baseline 0.003 -11"><span class='ocrx_word' id='word_1_157' title='bbox 218 1762 259 1784; x_wconf 90' lang='lat' dir='ltr'><strong>ac</strong></span> <span class='ocrx_word' id='word_1_158' title='bbox 274 1752 415 1785; x_wconf 83' lang='lat' dir='ltr'><strong>stabulis</strong></span> <span class='ocrx_word' id='word_1_159' title='bbox 430 1763 616 1794; x_wconf 83' lang='lat' dir='ltr'><strong>procurans</strong></span> <span class='ocrx_word' id='word_1_160' title='bbox 640 1754 711 1786; x_wconf 89' lang='lat' dir='ltr'><strong>otia</strong></span> <span class='ocrx_word' id='word_1_161' title='bbox 733 1759 864 1795; x_wconf 83' lang='lat' dir='ltr'><strong>pastor,</strong></span> <span class='ocrx_word' id='word_1_162' title='bbox 879 1754 922 1786; x_wconf 85' lang='lat' dir='ltr'><strong>In</strong></span> 
     </span>
    </p>
   </div>
   <div class='ocr_carea' id='block_1_5' title="bbox 669 235 1197 268">
    <p class='ocr_par' dir='ltr' id='par_1_6' title="bbox 669 235 1197 268">
     <span class='ocr_line' id='line_1_31' title="bbox 669 235 1197 268; baseline 0.002 -2"><span class='ocrx_word' id='word_1_163' title='bbox 669 235 811 267; x_wconf 79' lang='lat' dir='ltr'><strong>No&#39;rAE</strong></span> <span class='ocrx_word' id='word_1_164' title='bbox 845 235 1110 268; x_wconf 62' lang='lat' dir='ltr'><strong>vammum</strong></span> <span class='ocrx_word' id='word_1_165' title='bbox 1146 236 1197 267; x_wconf 74' lang='lat' dir='ltr'><strong>IN</strong></span> 
     </span>
    </p>
   </div>
   <div class='ocr_carea' id='block_1_6' title="bbox 965 326 1678 1490">
    <p class='ocr_par' dir='ltr' id='par_1_7' title="bbox 965 326 1676 1176">
     <span class='ocr_line' id='line_1_32' title="bbox 965 326 1666 374; baseline -0.001 -11"><span class='ocrx_word' id='word_1_166' title='bbox 965 330 1100 363; x_wconf 81' lang='lat' dir='ltr'><strong>foveam</strong></span> <span class='ocrx_word' id='word_1_167' title='bbox 1116 340 1220 374; x_wconf 86' lang='lat' dir='ltr'><strong>parco</strong></span> <span class='ocrx_word' id='word_1_168' title='bbox 1243 335 1370 363; x_wconf 81' lang='lat' dir='ltr'><strong>tectam</strong></span> <span class='ocrx_word' id='word_1_169' title='bbox 1387 328 1552 362; x_wconf 73' lang='lat' dir='ltr'><strong>velamine</strong></span> <span class='ocrx_word' id='word_1_170' title='bbox 1572 326 1666 362; x_wconf 59' lang='lat' dir='ltr'><strong>{ro-&#39;2-</strong></span> 
     </span>
     <span class='ocr_line' id='line_1_33' title="bbox 967 379 1672 423; baseline -0.003 -9"><span class='ocrx_word' id='word_1_171' title='bbox 967 382 1020 414; x_wconf 86' lang='lat' dir='ltr'><strong>dis</strong></span> <span class='ocrx_word' id='word_1_172' title='bbox 1046 382 1154 415; x_wconf 82' lang='lat' dir='ltr'><strong>Ducit</strong></span> <span class='ocrx_word' id='word_1_173' title='bbox 1166 386 1269 414; x_wconf 85' lang='lat' dir='ltr'><strong>nocte</strong></span> <span class='ocrx_word' id='word_1_174' title='bbox 1292 383 1390 423; x_wconf 84' lang='lat' dir='ltr'><strong>lupos</strong></span> <span class='ocrx_word' id='word_1_175' title='bbox 1407 380 1530 422; x_wconf 76' lang='lat' dir='ltr'><strong>positae</strong></span> <span class='ocrx_word' id='word_1_176' title='bbox 1545 379 1672 413; x_wconf 65' lang='lat' dir='ltr'><strong>balni-</strong></span> 
     </span>
     <span class='ocr_line' id='line_1_34' title="bbox 967 432 1669 475; baseline 0 -11"><span class='ocrx_word' id='word_1_177' title='bbox 967 432 1030 464; x_wconf 87' lang='lat' dir='ltr'><strong>bus</strong></span> <span class='ocrx_word' id='word_1_178' title='bbox 1056 432 1179 474; x_wconf 50' lang='lat' dir='ltr'><strong>agnas!</strong></span> <span class='ocrx_word' id='word_1_179' title='bbox 1223 434 1274 465; x_wconf 89' lang='lat' dir='ltr'><strong>Ex</strong></span> <span class='ocrx_word' id='word_1_180' title='bbox 1301 442 1367 475; x_wconf 87' lang='lat' dir='ltr'><strong>quo</strong></span> <span class='ocrx_word' id='word_1_181' title='bbox 1388 433 1464 464; x_wconf 90' lang='lat' dir='ltr'><strong>loco</strong></span> <span class='ocrx_word' id='word_1_182' title='bbox 1492 432 1669 471; x_wconf 83' lang='lat' dir='ltr'><strong>discimus,-</strong></span> 
     </span>
     <span class='ocr_line' id='line_1_35' title="bbox 966 482 1666 526; baseline -0.001 -11"><span class='ocrx_word' id='word_1_183' title='bbox 966 492 1064 515; x_wconf 89' lang='lat' dir='ltr'><strong>ovem</strong></span> <span class='ocrx_word' id='word_1_184' title='bbox 1080 483 1124 515; x_wconf 89' lang='lat' dir='ltr'><strong>ad</strong></span> <span class='ocrx_word' id='word_1_185' title='bbox 1138 482 1272 516; x_wconf 83' lang='lat' dir='ltr'><strong>foveam</strong></span> <span class='ocrx_word' id='word_1_186' title='bbox 1288 484 1386 525; x_wconf 77' lang='lat' dir='ltr'><strong>ligari</strong></span> <span class='ocrx_word' id='word_1_187' title='bbox 1402 484 1524 526; x_wconf 83' lang='lat' dir='ltr'><strong>solere,</strong></span> <span class='ocrx_word' id='word_1_188' title='bbox 1540 487 1579 515; x_wconf 88' lang='lat' dir='ltr'><strong>nt</strong></span> <span class='ocrx_word' id='word_1_189' title='bbox 1593 483 1666 526; x_wconf 80' lang='lat' dir='ltr'><strong>lupi</strong></span> 
     </span>
     <span class='ocr_line' id='line_1_36' title="bbox 967 533 1669 575; baseline 0.004 -10"><span class='ocrx_word' id='word_1_190' title='bbox 967 533 1010 565; x_wconf 89' lang='lat' dir='ltr'><strong>ad</strong></span> <span class='ocrx_word' id='word_1_191' title='bbox 1033 534 1106 575; x_wconf 87' lang='lat' dir='ltr'><strong>ejus</strong></span> <span class='ocrx_word' id='word_1_192' title='bbox 1131 533 1281 566; x_wconf 83' lang='lat' dir='ltr'><strong>balatum</strong></span> <span class='ocrx_word' id='word_1_193' title='bbox 1304 535 1337 566; x_wconf 81' lang='lat' dir='ltr'><strong>in</strong></span> <span class='ocrx_word' id='word_1_194' title='bbox 1361 539 1509 567; x_wconf 83' lang='lat' dir='ltr'><strong>structas</strong></span> <span class='ocrx_word' id='word_1_195' title='bbox 1532 534 1598 568; x_wconf 80' lang='lat' dir='ltr'><strong>sibi</strong></span> <span class='ocrx_word' id='word_1_196' title='bbox 1618 535 1669 567; x_wconf 76' lang='lat' dir='ltr'><strong>in-</strong></span> 
     </span>
     <span class='ocr_line' id='line_1_37' title="bbox 966 584 1667 627; baseline 0.003 -11"><span class='ocrx_word' id='word_1_197' title='bbox 966 584 1069 616; x_wconf 85' lang='lat' dir='ltr'><strong>sidias</strong></span> <span class='ocrx_word' id='word_1_198' title='bbox 1085 584 1238 617; x_wconf 86' lang='lat' dir='ltr'><strong>incidant</strong></span> <span class='ocrx_word' id='word_1_199' title='bbox 1252 595 1261 616; x_wconf 78' lang='lat'>2</span> <span class='ocrx_word' id='word_1_200' title='bbox 1284 584 1374 627; x_wconf 84' lang='lat' dir='ltr'><strong>qnod</strong></span> <span class='ocrx_word' id='word_1_201' title='bbox 1386 589 1423 617; x_wconf 89' lang='lat' dir='ltr'><strong>et</strong></span> <span class='ocrx_word' id='word_1_202' title='bbox 1436 593 1480 617; x_wconf 80' lang='lat' dir='ltr'><strong>ex</strong></span> <span class='ocrx_word' id='word_1_203' title='bbox 1491 584 1667 618; x_wconf 76' lang='lat' dir='ltr'><strong>Claudian-</strong></span> 
     </span>
     <span class='ocr_line' id='line_1_38' title="bbox 967 634 1669 668; baseline 0.001 -1"><span class='ocrx_word' id='word_1_204' title='bbox 967 635 1011 667; x_wconf 89' lang='lat' dir='ltr'><strong>de</strong></span> <span class='ocrx_word' id='word_1_205' title='bbox 1028 634 1135 667; x_wconf 86' lang='lat' dir='ltr'><strong>Laud.</strong></span> <span class='ocrx_word' id='word_1_206' title='bbox 1149 634 1225 667; x_wconf 83' lang='lat' dir='ltr'><strong>Stil.</strong></span> <span class='ocrx_word' id='word_1_207' title='bbox 1239 643 1296 668; x_wconf 78' lang='grc' dir='ltr'><strong>ιιι.</strong></span> <span class='ocrx_word' id='word_1_208' title='bbox 1311 636 1384 667; x_wconf 74' lang='grc'><strong>389.</strong></span> <span class='ocrx_word' id='word_1_209' title='bbox 1406 635 1464 668; x_wconf 82' lang='lat' dir='ltr'><strong>nbi</strong></span> <span class='ocrx_word' id='word_1_210' title='bbox 1479 634 1523 667; x_wconf 82' lang='lat' dir='ltr'><strong>de</strong></span> <span class='ocrx_word' id='word_1_211' title='bbox 1544 635 1669 668; x_wconf 64' lang='lat' dir='ltr'><strong>Muni-</strong></span> 
     </span>
     <span class='ocr_line' id='line_1_39' title="bbox 968 686 1669 728; baseline 0.003 -10"><span class='ocrx_word' id='word_1_212' title='bbox 968 686 1032 718; x_wconf 89' lang='lat' dir='ltr'><strong>bus</strong></span> <span class='ocrx_word' id='word_1_213' title='bbox 1062 686 1146 727; x_wconf 69' lang='lat' dir='ltr'><strong>agit,</strong></span> <span class='ocrx_word' id='word_1_214' title='bbox 1175 690 1299 728; x_wconf 79' lang='lat' dir='ltr'><strong>patet3</strong></span> <span class='ocrx_word' id='word_1_215' title='bbox 1326 687 1339 704; x_wconf 78' lang='lat'><em>⁴</em></span> <span class='ocrx_word' id='word_1_216' title='bbox 1357 686 1442 718; x_wconf 54' lang='lat' dir='ltr'><strong>Nou*</strong></span> <span class='ocrx_word' id='word_1_217' title='bbox 1459 686 1543 719; x_wconf 67' lang='lat' dir='ltr'><strong>moe</strong></span> <span class='ocrx_word' id='word_1_218' title='bbox 1561 686 1669 720; x_wconf 55' lang='lat' dir='ltr'><strong>urle</strong></span> 
     </span>
     <span class='ocr_line' id='line_1_40' title="bbox 966 736 1670 780; baseline 0.004 -12"><span class='ocrx_word' id='word_1_219' title='bbox 966 736 1140 777; x_wconf 79' lang='lat' dir='ltr'><strong>ardentes,</strong></span> <span class='ocrx_word' id='word_1_220' title='bbox 1155 745 1223 768; x_wconf 89' lang='lat' dir='ltr'><strong>non</strong></span> <span class='ocrx_word' id='word_1_221' title='bbox 1235 741 1346 769; x_wconf 80' lang='lat' dir='ltr'><strong>strata</strong></span> <span class='ocrx_word' id='word_1_222' title='bbox 1353 737 1670 780; x_wconf 55' lang='lat' dir='ltr'><strong>summme</strong></span> 
     </span>
     <span class='ocr_line' id='line_1_41' title="bbox 970 787 1671 829; baseline 0.003 -10"><span class='ocrx_word' id='word_1_223' title='bbox 970 787 1117 829; x_wconf 83' lang='lat' dir='ltr'><strong>virgulta</strong></span> <span class='ocrx_word' id='word_1_224' title='bbox 1139 787 1225 828; x_wconf 89' lang='lat' dir='ltr'><strong>solo,</strong></span> <span class='ocrx_word' id='word_1_225' title='bbox 1237 796 1305 820; x_wconf 89' lang='lat' dir='ltr'><strong>non</strong></span> <span class='ocrx_word' id='word_1_226' title='bbox 1322 788 1461 820; x_wconf 75' lang='lat' dir='ltr'><strong>vocibus</strong></span> <span class='ocrx_word' id='word_1_227' title='bbox 1475 787 1671 821; x_wconf 48' lang='lat' dir='ltr'><strong>aaaron·</strong></span> 
     </span>
     <span class='ocr_line' id='line_1_42' title="bbox 968 835 1673 880; baseline 0.003 -10"><span class='ocrx_word' id='word_1_228' title='bbox 968 838 1082 871; x_wconf 87' lang='lat' dir='ltr'><strong>dentis</strong></span> <span class='ocrx_word' id='word_1_229' title='bbox 1097 838 1273 871; x_wconf 86' lang='lat' dir='ltr'><strong>stimulata</strong></span> <span class='ocrx_word' id='word_1_230' title='bbox 1295 838 1413 880; x_wconf 85' lang='lat' dir='ltr'><strong>fames,</strong></span> <span class='ocrx_word' id='word_1_231' title='bbox 1427 846 1499 870; x_wconf 82' lang='lat' dir='ltr'><strong>nou-</strong></span> <span class='ocrx_word' id='word_1_232' title='bbox 1516 835 1673 872; x_wconf 53' lang='lat' dir='ltr'><strong>fmulo-</strong></span> 
     </span>
     <span class='ocr_line' id='line_1_43' title="bbox 968 887 1675 927; baseline 0.004 -7"><span class='ocrx_word' id='word_1_233' title='bbox 968 887 1078 922; x_wconf 66' lang='lat' dir='ltr'><strong>fellit!</strong></span> <span class='ocrx_word' id='word_1_234' title='bbox 1110 888 1206 921; x_wconf 84' lang='lat' dir='ltr'><strong>Talis</strong></span> <span class='ocrx_word' id='word_1_235' title='bbox 1219 887 1330 921; x_wconf 85' lang='lat' dir='ltr'><strong>foveae</strong></span> <span class='ocrx_word' id='word_1_236' title='bbox 1346 888 1451 921; x_wconf 81' lang='lat' dir='ltr'><strong>etiam</strong></span> <span class='ocrx_word' id='word_1_237' title='bbox 1466 889 1675 927; x_wconf 65' lang='lat' dir='ltr'><strong>mentionem</strong></span> 
     </span>
     <span class='ocr_line' id='line_1_44' title="bbox 969 936 1670 974; baseline 0.001 -3"><span class='ocrx_word' id='word_1_238' title='bbox 969 937 1056 971; x_wconf 83' lang='lat' dir='ltr'><strong>facit</strong></span> <span class='ocrx_word' id='word_1_239' title='bbox 1090 936 1181 971; x_wconf 82' lang='lat' dir='ltr'><strong>infra</strong></span> <span class='ocrx_word' id='word_1_240' title='bbox 1209 939 1340 971; x_wconf 78' lang='lat' dir='ltr'><strong>Noster</strong></span> <span class='ocrx_word' id='word_1_241' title='bbox 1368 937 1427 972; x_wconf 78' lang='lat' dir='ltr'><strong>lib.</strong></span> <span class='ocrx_word' id='word_1_242' title='bbox 1455 947 1514 972; x_wconf 79' lang='lat'><strong>111.</strong></span> <span class='ocrx_word' id='word_1_243' title='bbox 1549 938 1619 974; x_wconf 75' lang='lat' dir='ltr'><strong>fab.</strong></span> <span class='ocrx_word' id='word_1_244' title='bbox 1636 942 1670 973; x_wconf 75' lang='lat'><strong>2.</strong></span> 
     </span>
     <span class='ocr_line' id='line_1_45' title="bbox 969 987 1676 1031; baseline 0.003 -10"><span class='ocrx_word' id='word_1_245' title='bbox 969 989 980 1007; x_wconf 90' lang='lat'>‘</span> <span class='ocrx_word' id='word_1_246' title='bbox 996 989 1171 1021; x_wconf 81' lang='lat' dir='ltr'><strong>Panthera</strong></span> <span class='ocrx_word' id='word_1_247' title='bbox 1186 989 1381 1031; x_wconf 80' lang='lat' dir='ltr'><strong>imprudens</strong></span> <span class='ocrx_word' id='word_1_248' title='bbox 1395 990 1476 1022; x_wconf 88' lang='lat' dir='ltr'><strong>olim</strong></span> <span class='ocrx_word' id='word_1_249' title='bbox 1488 990 1523 1022; x_wconf 87' lang='lat' dir='ltr'><strong>in</strong></span> <span class='ocrx_word' id='word_1_250' title='bbox 1537 987 1676 1023; x_wconf 65' lang='lat' dir='ltr'><strong>foveam</strong></span> 
     </span>
     <span class='ocr_line' id='line_1_46' title="bbox 969 1039 1674 1085; baseline 0.001 -12"><span class='ocrx_word' id='word_1_251' title='bbox 969 1039 1116 1073; x_wconf 65' lang='lat' dir='ltr'><strong>incidit!</strong></span> <span class='ocrx_word' id='word_1_252' title='bbox 1160 1040 1217 1074; x_wconf 82' lang='lat' dir='ltr'><strong>Ab</strong></span> <span class='ocrx_word' id='word_1_253' title='bbox 1242 1040 1295 1073; x_wconf 89' lang='lat' dir='ltr'><strong>his</strong></span> <span class='ocrx_word' id='word_1_254' title='bbox 1317 1041 1438 1082; x_wconf 77' lang='lat' dir='ltr'><strong>Foveis,</strong></span> <span class='ocrx_word' id='word_1_255' title='bbox 1455 1041 1591 1084; x_wconf 52' lang='lat' dir='ltr'><strong>Fusios,</strong></span> <span class='ocrx_word' id='word_1_256' title='bbox 1612 1041 1674 1085; x_wconf 70' lang='lat' dir='ltr'><strong>qui</strong></span> 
     </span>
     <span class='ocr_line' id='line_1_47' title="bbox 971 1089 1674 1133; baseline 0 -9"><span class='ocrx_word' id='word_1_257' title='bbox 971 1095 1091 1133; x_wconf 87' lang='lat' dir='ltr'><strong>postea</strong></span> <span class='ocrx_word' id='word_1_258' title='bbox 1128 1091 1237 1133; x_wconf 86' lang='lat' dir='ltr'><strong>Fabii,</strong></span> <span class='ocrx_word' id='word_1_259' title='bbox 1275 1091 1388 1124; x_wconf 77' lang='lat' dir='ltr'><strong>dictos</strong></span> <span class='ocrx_word' id='word_1_260' title='bbox 1427 1089 1539 1124; x_wconf 76' lang='lat' dir='ltr'><strong>fnisse</strong></span> <span class='ocrx_word' id='word_1_261' title='bbox 1571 1091 1674 1126; x_wconf 81' lang='lat' dir='ltr'><strong>docet</strong></span> 
     </span>
     <span class='ocr_line' id='line_1_48' title="bbox 974 1142 1405 1176; baseline 0.002 -1"><span class='ocrx_word' id='word_1_262' title='bbox 974 1144 1093 1175; x_wconf 84' lang='lat' dir='ltr'><strong>Festus</strong></span> <span class='ocrx_word' id='word_1_263' title='bbox 1107 1142 1141 1175; x_wconf 89' lang='lat' dir='ltr'><strong>in</strong></span> <span class='ocrx_word' id='word_1_264' title='bbox 1156 1142 1260 1176; x_wconf 79' lang='lat' dir='ltr'><strong>Fovii.</strong></span> <span class='ocrx_word' id='word_1_265' title='bbox 1286 1143 1405 1176; x_wconf 86' lang='lat' dir='ltr'><strong>Burm.</strong></span> 
     </span>
    </p>

    <p class='ocr_par' dir='ltr' id='par_1_8' title="bbox 971 1191 1678 1490">
     <span class='ocr_line' id='line_1_49' title="bbox 1014 1191 1672 1234; baseline 0 -9"><span class='ocrx_word' id='word_1_266' title='bbox 1014 1193 1178 1225; x_wconf 71' lang='lat' dir='ltr'><strong>Jaeentem</strong></span> <span class='ocrx_word' id='word_1_267' title='bbox 1205 1193 1240 1225; x_wconf 77' lang='lat' dir='ltr'><strong>in</strong></span> <span class='ocrx_word' id='word_1_268' title='bbox 1257 1191 1370 1234; x_wconf 77' lang='lat' dir='ltr'><strong>fovea]</strong></span> <span class='ocrx_word' id='word_1_269' title='bbox 1422 1191 1519 1225; x_wconf 76' lang='lat' dir='ltr'><strong>Infra</strong></span> <span class='ocrx_word' id='word_1_270' title='bbox 1541 1192 1672 1227; x_wconf 58' lang='lat' dir='ltr'><strong>liban.</strong></span> 
     </span>
     <span class='ocr_line' id='line_1_50' title="bbox 974 1245 1678 1288; baseline 0.003 -10"><span class='ocrx_word' id='word_1_271' title='bbox 974 1247 986 1267; x_wconf 73' lang='lat'><em>⁴</em></span> <span class='ocrx_word' id='word_1_272' title='bbox 1000 1246 1177 1278; x_wconf 82' lang='lat' dir='ltr'><strong>Panthera</strong></span> <span class='ocrx_word' id='word_1_273' title='bbox 1186 1246 1384 1288; x_wconf 80' lang='lat' dir='ltr'><strong>imprudens</strong></span> <span class='ocrx_word' id='word_1_274' title='bbox 1396 1246 1476 1278; x_wconf 83' lang='lat' dir='ltr'><strong>olim</strong></span> <span class='ocrx_word' id='word_1_275' title='bbox 1487 1247 1527 1279; x_wconf 74' lang='lat' dir='ltr'><strong>‘in</strong></span> <span class='ocrx_word' id='word_1_276' title='bbox 1541 1245 1678 1280; x_wconf 63' lang='lat' dir='ltr'><strong>foveam</strong></span> 
     </span>
     <span class='ocr_line' id='line_1_51' title="bbox 973 1295 1675 1330; baseline 0.001 -1"><span class='ocrx_word' id='word_1_277' title='bbox 973 1295 1128 1330; x_wconf 65' lang='lat' dir='ltr'><strong>decidit!</strong></span> <span class='ocrx_word' id='word_1_278' title='bbox 1175 1296 1256 1329; x_wconf 86' lang='lat' dir='ltr'><strong>Vid.</strong></span> <span class='ocrx_word' id='word_1_279' title='bbox 1291 1296 1350 1330; x_wconf 86' lang='lat' dir='ltr'><strong>lib.</strong></span> <span class='ocrx_word' id='word_1_280' title='bbox 1374 1302 1512 1330; x_wconf 68' lang='lat' dir='ltr'><strong>xxvnt.</strong></span> <span class='ocrx_word' id='word_1_281' title='bbox 1549 1297 1607 1330; x_wconf 75' lang='lat' dir='ltr'><strong>D.</strong></span> <span class='ocrx_word' id='word_1_282' title='bbox 1631 1298 1675 1330; x_wconf 86' lang='lat' dir='ltr'><strong>ad</strong></span> 
     </span>
     <span class='ocr_line' id='line_1_52' title="bbox 972 1343 1675 1390; baseline 0.004 -12"><span class='ocrx_word' id='word_1_283' title='bbox 972 1347 1085 1388; x_wconf 86' lang='lat' dir='ltr'><strong>legem</strong></span> <span class='ocrx_word' id='word_1_284' title='bbox 1101 1346 1216 1389; x_wconf 83' lang='lat' dir='ltr'><strong>Aquil.</strong></span> <span class='ocrx_word' id='word_1_285' title='bbox 1253 1347 1390 1389; x_wconf 78' lang='lat' dir='ltr'><strong>Foveoe,</strong></span> <span class='ocrx_word' id='word_1_286' title='bbox 1401 1345 1570 1390; x_wconf 72' lang='grc' dir='ltr'><strong><em>ὀρύγματα,</em></strong></span> <span class='ocrx_word' id='word_1_287' title='bbox 1579 1343 1675 1381; x_wconf 63' lang='grc' dir='ltr'><strong><em>ποδέ-</em></strong></span> 
     </span>
     <span class='ocr_line' id='line_1_53' title="bbox 971 1396 1677 1442; baseline 0.006 -12"><span class='ocrx_word' id='word_1_288' title='bbox 971 1410 1057 1441; x_wconf 72' lang='grc' dir='ltr'><strong><em>γραι,</em></strong></span> <span class='ocrx_word' id='word_1_289' title='bbox 1075 1396 1298 1439; x_wconf 58' lang='lat' dir='ltr'><strong>notionum-m,</strong></span> <span class='ocrx_word' id='word_1_290' title='bbox 1308 1407 1375 1431; x_wconf 86' lang='lat' dir='ltr'><strong>uon</strong></span> <span class='ocrx_word' id='word_1_291' title='bbox 1391 1399 1500 1432; x_wconf 82' lang='lat' dir='ltr'><strong>solum</strong></span> <span class='ocrx_word' id='word_1_292' title='bbox 1514 1398 1677 1442; x_wconf 81' lang='lat' dir='ltr'><strong>ferarum,</strong></span> 
     </span>
     <span class='ocr_line' id='line_1_54' title="bbox 973 1448 1677 1490; baseline 0.004 -9"><span class='ocrx_word' id='word_1_293' title='bbox 973 1449 1034 1481; x_wconf 83' lang='lat' dir='ltr'><strong>sed</strong></span> <span class='ocrx_word' id='word_1_294' title='bbox 1056 1453 1093 1481; x_wconf 89' lang='lat' dir='ltr'><strong>et</strong></span> <span class='ocrx_word' id='word_1_295' title='bbox 1112 1449 1260 1481; x_wconf 86' lang='lat' dir='ltr'><strong>hostium</strong></span> <span class='ocrx_word' id='word_1_296' title='bbox 1285 1448 1531 1490; x_wconf 83' lang='lat' dir='ltr'><strong>capiendorum</strong></span> <span class='ocrx_word' id='word_1_297' title='bbox 1554 1451 1677 1484; x_wconf 74' lang='lat' dir='ltr'><strong>caum</strong></span> 
     </span>
    </p>
   </div>
   <div class='ocr_carea' id='block_1_7' title="bbox 972 1499 1680 1799">
    <p class='ocr_par' dir='ltr' id='par_1_9' title="bbox 972 1499 1680 1799">
     <span class='ocr_line' id='line_1_55' title="bbox 972 1499 1678 1545; baseline 0.001 -12"><span class='ocrx_word' id='word_1_298' title='bbox 972 1501 1090 1535; x_wconf 83' lang='lat' dir='ltr'><strong>factae.</strong></span> <span class='ocrx_word' id='word_1_299' title='bbox 1147 1502 1242 1534; x_wconf 81' lang='lat' dir='ltr'><strong>Suid.</strong></span> <span class='ocrx_word' id='word_1_300' title='bbox 1277 1501 1315 1534; x_wconf 87' lang='lat' dir='ltr'><strong>in</strong></span> <span class='ocrx_word' id='word_1_301' title='bbox 1344 1499 1502 1544; x_wconf 62' lang='grc' dir='ltr'><strong>Ποδάγρα·</strong></span> <span class='ocrx_word' id='word_1_302' title='bbox 1539 1500 1678 1545; x_wconf 55' lang='lat' dir='ltr'><strong>rioms</strong></span> 
     </span>
     <span class='ocr_line' id='line_1_56' title="bbox 973 1550 1680 1596; baseline 0.001 -11"><span class='ocrx_word' id='word_1_303' title='bbox 973 1554 1066 1596; x_wconf 77' lang='grc' dir='ltr'>ὤρυξε</span> <span class='ocrx_word' id='word_1_304' title='bbox 1078 1553 1130 1586; x_wconf 79' lang='grc' dir='ltr'><strong>καὶ</strong></span> <span class='ocrx_word' id='word_1_305' title='bbox 1140 1552 1299 1595; x_wconf 56' lang='lat' dir='ltr'><strong>rumpas</strong></span> <span class='ocrx_word' id='word_1_306' title='bbox 1311 1552 1427 1594; x_wconf 68' lang='grc' dir='ltr'>ὕφῆκεν</span> <span class='ocrx_word' id='word_1_307' title='bbox 1440 1553 1482 1586; x_wconf 71' lang='grc' dir='ltr'><strong>ὃς</strong></span> <span class='ocrx_word' id='word_1_308' title='bbox 1494 1550 1680 1595; x_wconf 61' lang='lat' dir='ltr'><strong>munst·</strong></span> 
     </span>
     <span class='ocr_line' id='line_1_57' title="bbox 972 1603 1680 1646; baseline 0 -9"><span class='ocrx_word' id='word_1_309' title='bbox 972 1604 1139 1645; x_wconf 73' lang='grc' dir='ltr'><strong>πολεμίοις.</strong></span> <span class='ocrx_word' id='word_1_310' title='bbox 1161 1605 1285 1637; x_wconf 78' lang='lat' dir='ltr'><strong>Curius</strong></span> <span class='ocrx_word' id='word_1_311' title='bbox 1296 1604 1531 1638; x_wconf 76' lang='lat' dir='ltr'><strong>Fortunatian.</strong></span> <span class='ocrx_word' id='word_1_312' title='bbox 1547 1605 1559 1623; x_wconf 81' lang='lat'>‘</span> <span class='ocrx_word' id='word_1_313' title='bbox 1570 1603 1680 1646; x_wconf 73' lang='lat' dir='ltr'><strong>Leno,</strong></span> 
     </span>
     <span class='ocr_line' id='line_1_58' title="bbox 974 1653 1679 1697; baseline 0.001 -11"><span class='ocrx_word' id='word_1_314' title='bbox 974 1665 1040 1697; x_wconf 88' lang='lat' dir='ltr'><strong>qua</strong></span> <span class='ocrx_word' id='word_1_315' title='bbox 1055 1660 1156 1697; x_wconf 86' lang='lat' dir='ltr'><strong>parte</strong></span> <span class='ocrx_word' id='word_1_316' title='bbox 1168 1660 1327 1687; x_wconf 84' lang='lat' dir='ltr'><strong>venturos</strong></span> <span class='ocrx_word' id='word_1_317' title='bbox 1338 1653 1380 1686; x_wconf 84' lang='lat' dir='ltr'><strong>ad</strong></span> <span class='ocrx_word' id='word_1_318' title='bbox 1394 1664 1431 1687; x_wconf 86' lang='lat' dir='ltr'><strong>se</strong></span> <span class='ocrx_word' id='word_1_319' title='bbox 1441 1653 1679 1687; x_wconf 76' lang='lat' dir='ltr'><strong>adolescentes</strong></span> 
     </span>
     <span class='ocr_line' id='line_1_59' title="bbox 974 1704 1679 1747; baseline 0.001 -8"><span class='ocrx_word' id='word_1_320' title='bbox 974 1707 1121 1747; x_wconf 82' lang='lat' dir='ltr'><strong>sciebat,</strong></span> <span class='ocrx_word' id='word_1_321' title='bbox 1134 1711 1238 1739; x_wconf 90' lang='lat' dir='ltr'><strong>nocte</strong></span> <span class='ocrx_word' id='word_1_322' title='bbox 1247 1706 1383 1739; x_wconf 74' lang='lat' dir='ltr'><strong>foveam</strong></span> <span class='ocrx_word' id='word_1_323' title='bbox 1393 1704 1476 1739; x_wconf 81' lang='lat' dir='ltr'><strong>fecit</strong></span> <span class='ocrx_word' id='word_1_324' title='bbox 1488 1705 1656 1740; x_wconf 77' lang='lat' dir='ltr'><strong>occultam</strong></span> <span class='ocrx_word' id='word_1_325' title='bbox 1669 1718 1679 1747; x_wconf 85' lang='grc'><strong>;</strong></span> 
     </span>
     <span class='ocr_line' id='line_1_60' title="bbox 975 1756 1598 1799; baseline 0.002 -10"><span class='ocrx_word' id='word_1_326' title='bbox 975 1767 1017 1789; x_wconf 84' lang='lat' dir='ltr'><strong>ea</strong></span> <span class='ocrx_word' id='word_1_327' title='bbox 1033 1758 1181 1799; x_wconf 86' lang='lat' dir='ltr'><strong>juvenes</strong></span> <span class='ocrx_word' id='word_1_328' title='bbox 1195 1756 1398 1798; x_wconf 89' lang='lat' dir='ltr'><strong>perierunt.’</strong></span> <span class='ocrx_word' id='word_1_329' title='bbox 1435 1757 1513 1798; x_wconf 70' lang='lat' dir='ltr'><strong>Rig.</strong></span> <span class='ocrx_word' id='word_1_330' title='bbox 1596 1767 1598 1769; x_wconf 69' lang='grc'><strong><em>’</em></strong></span> 
     </span>
    </p>
   </div>
   <div class='ocr_carea' id='block_1_8' title="bbox 697 1981 1197 2029">
    <p class='ocr_par' dir='ltr' id='par_1_10' title="bbox 697 1981 1197 2029">
     <span class='ocr_line' id='line_1_61' title="bbox 697 1981 1197 2029; baseline 0.008 -5"><span class='ocrx_word' id='word_1_331' title='bbox 697 1981 955 2026; x_wconf 86' lang='lat' dir='ltr'><strong>FABULA</strong></span> <span class='ocrx_word' id='word_1_332' title='bbox 1004 1984 1197 2029; x_wconf 87' lang='lat' dir='ltr'>XVIII.</span> 
     </span>
    </p>
   </div>
   <div class='ocr_carea' id='block_1_9' title="bbox 221 2102 930 2805">
    <p class='ocr_par' dir='ltr' id='par_1_11' title="bbox 221 2102 930 2448">
     <span class='ocr_line' id='line_1_62' title="bbox 265 2102 927 2146; baseline 0.003 -10"><span class='ocrx_word' id='word_1_333' title='bbox 265 2103 386 2136; x_wconf 75' lang='lat' dir='ltr'><strong>Mulier</strong></span> <span class='ocrx_word' id='word_1_334' title='bbox 395 2102 590 2146; x_wconf 77' lang='lat' dir='ltr'><strong>parturiens]</strong></span> <span class='ocrx_word' id='word_1_335' title='bbox 614 2104 715 2137; x_wconf 87' lang='lat' dir='ltr'><strong>Hanc</strong></span> <span class='ocrx_word' id='word_1_336' title='bbox 730 2114 797 2137; x_wconf 88' lang='lat' dir='ltr'><strong>non</strong></span> <span class='ocrx_word' id='word_1_337' title='bbox 814 2109 854 2138; x_wconf 94' lang='lat' dir='ltr'><strong>ut</strong></span> <span class='ocrx_word' id='word_1_338' title='bbox 878 2105 927 2138; x_wconf 81' lang='lat' dir='ltr'><strong>fa·</strong></span> 
     </span>
     <span class='ocr_line' id='line_1_63' title="bbox 222 2154 928 2195; baseline 0.006 -9"><span class='ocrx_word' id='word_1_339' title='bbox 222 2154 349 2194; x_wconf 86' lang='lat' dir='ltr'><strong>bulam,</strong></span> <span class='ocrx_word' id='word_1_340' title='bbox 370 2154 429 2187; x_wconf 86' lang='lat' dir='ltr'><strong>sed</strong></span> <span class='ocrx_word' id='word_1_341' title='bbox 446 2155 637 2195; x_wconf 83' lang='lat' dir='ltr'><strong>historiam,</strong></span> <span class='ocrx_word' id='word_1_342' title='bbox 661 2154 771 2188; x_wconf 88' lang='lat' dir='ltr'><strong>refert</strong></span> <span class='ocrx_word' id='word_1_343' title='bbox 791 2156 928 2190; x_wconf 84' lang='lat' dir='ltr'><strong>Plutar-</strong></span> 
     </span>
     <span class='ocr_line' id='line_1_64' title="bbox 221 2205 926 2249; baseline 0.004 -12"><span class='ocrx_word' id='word_1_344' title='bbox 221 2206 305 2237; x_wconf 86' lang='lat' dir='ltr'><strong>chus</strong></span> <span class='ocrx_word' id='word_1_345' title='bbox 328 2205 364 2237; x_wconf 88' lang='lat' dir='ltr'><strong>in</strong></span> <span class='ocrx_word' id='word_1_346' title='bbox 389 2206 536 2247; x_wconf 85' lang='lat' dir='ltr'><strong>Conjug.</strong></span> <span class='ocrx_word' id='word_1_347' title='bbox 552 2205 729 2248; x_wconf 84' lang='lat' dir='ltr'><strong>Praecept.</strong></span> <span class='ocrx_word' id='word_1_348' title='bbox 757 2216 836 2249; x_wconf 83' lang='lat' dir='ltr'><strong>pag.</strong></span> <span class='ocrx_word' id='word_1_349' title='bbox 852 2210 926 2240; x_wconf 77' lang='lat'>143.</span> 
     </span>
     <span class='ocr_line' id='line_1_65' title="bbox 223 2255 929 2291; baseline 0.004 -3"><span class='ocrx_word' id='word_1_350' title='bbox 223 2255 369 2288; x_wconf 84' lang='lat' dir='ltr'><strong>Ovidius</strong></span> <span class='ocrx_word' id='word_1_351' title='bbox 383 2256 486 2289; x_wconf 84' lang='lat' dir='ltr'><strong>Trist.</strong></span> <span class='ocrx_word' id='word_1_352' title='bbox 500 2265 541 2288; x_wconf 74' lang='lat' dir='ltr'><strong>n,</strong></span> <span class='ocrx_word' id='word_1_353' title='bbox 555 2259 609 2288; x_wconf 81' lang='lat'><strong>85.</strong></span> <span class='ocrx_word' id='word_1_354' title='bbox 632 2256 666 2288; x_wconf 90' lang='lat' dir='ltr'><strong>in</strong></span> <span class='ocrx_word' id='word_1_355' title='bbox 682 2258 838 2290; x_wconf 86' lang='lat' dir='ltr'><strong>eamdem</strong></span> <span class='ocrx_word' id='word_1_356' title='bbox 853 2266 929 2291; x_wconf 88' lang='lat' dir='ltr'><strong>sen-</strong></span> 
     </span>
     <span class='ocr_line' id='line_1_66' title="bbox 223 2306 928 2349; baseline 0.004 -11"><span class='ocrx_word' id='word_1_357' title='bbox 223 2306 366 2338; x_wconf 84' lang='lat' dir='ltr'><strong>tentiam</strong></span> <span class='ocrx_word' id='word_1_358' title='bbox 380 2306 488 2339; x_wconf 87' lang='lat' dir='ltr'><strong>dixit:</strong></span> <span class='ocrx_word' id='word_1_359' title='bbox 510 2306 522 2325; x_wconf 76' lang='lat'><em>⁴</em></span> <span class='ocrx_word' id='word_1_360' title='bbox 533 2306 580 2338; x_wconf 90' lang='lat' dir='ltr'><strong>Et</strong></span> <span class='ocrx_word' id='word_1_361' title='bbox 591 2315 667 2339; x_wconf 82' lang='lat' dir='ltr'><strong>mea</strong></span> <span class='ocrx_word' id='word_1_362' title='bbox 678 2307 813 2349; x_wconf 84' lang='lat' dir='ltr'><strong>cymba,</strong></span> <span class='ocrx_word' id='word_1_363' title='bbox 823 2310 928 2341; x_wconf 88' lang='lat' dir='ltr'><strong>semel</strong></span> 
     </span>
     <span class='ocr_line' id='line_1_67' title="bbox 222 2358 930 2401; baseline 0.004 -12"><span class='ocrx_word' id='word_1_364' title='bbox 222 2361 321 2390; x_wconf 86' lang='lat' dir='ltr'><strong>vasta</strong></span> <span class='ocrx_word' id='word_1_365' title='bbox 346 2366 511 2398; x_wconf 86' lang='lat' dir='ltr'><strong>percussa</strong></span> <span class='ocrx_word' id='word_1_366' title='bbox 535 2358 701 2399; x_wconf 83' lang='lat' dir='ltr'><strong>procella,</strong></span> <span class='ocrx_word' id='word_1_367' title='bbox 727 2358 842 2400; x_wconf 91' lang='lat' dir='ltr'><strong>Illum,</strong></span> <span class='ocrx_word' id='word_1_368' title='bbox 861 2369 930 2401; x_wconf 87' lang='lat' dir='ltr'><strong>quo</strong></span> 
     </span>
     <span class='ocr_line' id='line_1_68' title="bbox 227 2407 927 2448; baseline 0.003 -8"><span class='ocrx_word' id='word_1_369' title='bbox 227 2408 313 2440; x_wconf 79' lang='lat' dir='ltr'><strong>laesa</strong></span> <span class='ocrx_word' id='word_1_370' title='bbox 326 2412 392 2448; x_wconf 90' lang='lat' dir='ltr'><strong>est,</strong></span> <span class='ocrx_word' id='word_1_371' title='bbox 406 2408 527 2440; x_wconf 88' lang='lat' dir='ltr'><strong>horret</strong></span> <span class='ocrx_word' id='word_1_372' title='bbox 542 2407 639 2440; x_wconf 88' lang='lat' dir='ltr'><strong>adire</strong></span> <span class='ocrx_word' id='word_1_373' title='bbox 653 2407 792 2441; x_wconf 62' lang='lat' dir='ltr'><strong>locum?</strong></span> <span class='ocrx_word' id='word_1_374' title='bbox 817 2409 927 2443; x_wconf 81' lang='lat' dir='ltr'><strong>Burm.</strong></span> 
     </span>
    </p>

    <p class='ocr_par' dir='ltr' id='par_1_12' title="bbox 223 2457 930 2805">
     <span class='ocr_line' id='line_1_69' title="bbox 269 2457 926 2500; baseline 0.005 -12"><span class='ocrx_word' id='word_1_375' title='bbox 269 2460 286 2489; x_wconf 89' lang='lat'><em>1</em></span> <span class='ocrx_word' id='word_1_376' title='bbox 326 2458 429 2489; x_wconf 82' lang='lat' dir='ltr'><strong>Nemo</strong></span> <span class='ocrx_word' id='word_1_377' title='bbox 458 2457 591 2490; x_wconf 79' lang='lat' dir='ltr'><strong>libenter</strong></span> <span class='ocrx_word' id='word_1_378' title='bbox 618 2458 742 2500; x_wconf 72' lang='grc' dir='ltr'><strong><em>νεωῑιέ]</em></strong></span> <span class='ocrx_word' id='word_1_379' title='bbox 791 2460 926 2492; x_wconf 87' lang='lat' dir='ltr'><strong>Docte:</strong></span> 
     </span>
     <span class='ocr_line' id='line_1_70' title="bbox 225 2508 929 2550; baseline 0.003 -9"><span class='ocrx_word' id='word_1_380' title='bbox 225 2508 331 2542; x_wconf 87' lang='lat' dir='ltr'><strong>Ovid.</strong></span> <span class='ocrx_word' id='word_1_381' title='bbox 351 2509 458 2540; x_wconf 82' lang='lat' dir='ltr'><strong>Trist.</strong></span> <span class='ocrx_word' id='word_1_382' title='bbox 483 2509 582 2550; x_wconf 83' lang='lat' dir='ltr'><strong>Eleg.</strong></span> <span class='ocrx_word' id='word_1_383' title='bbox 604 2517 664 2542; x_wconf 83' lang='lat'><strong>111.</strong></span> <span class='ocrx_word' id='word_1_384' title='bbox 679 2512 711 2543; x_wconf 81' lang='grc' dir='ltr'><strong>ι.</strong></span> <span class='ocrx_word' id='word_1_385' title='bbox 736 2510 747 2528; x_wconf 79' lang='lat'><strong><em>⁴</em></strong></span> <span class='ocrx_word' id='word_1_386' title='bbox 764 2509 813 2542; x_wconf 85' lang='lat' dir='ltr'><strong>At</strong></span> <span class='ocrx_word' id='word_1_387' title='bbox 837 2519 929 2543; x_wconf 86' lang='lat' dir='ltr'><strong>nunc</strong></span> 
     </span>
     <span class='ocr_line' id='line_1_71' title="bbox 223 2559 930 2603; baseline 0.003 -12"><span class='ocrx_word' id='word_1_388' title='bbox 223 2560 342 2601; x_wconf 85' lang='lat' dir='ltr'><strong>(tanta</strong></span> <span class='ocrx_word' id='word_1_389' title='bbox 360 2568 436 2591; x_wconf 89' lang='lat' dir='ltr'><strong>meo</strong></span> <span class='ocrx_word' id='word_1_390' title='bbox 450 2569 566 2592; x_wconf 90' lang='lat' dir='ltr'><strong>comes</strong></span> <span class='ocrx_word' id='word_1_391' title='bbox 580 2564 633 2592; x_wconf 89' lang='lat' dir='ltr'><strong>est</strong></span> <span class='ocrx_word' id='word_1_392' title='bbox 644 2559 774 2592; x_wconf 76' lang='lat' dir='ltr'><strong>insania</strong></span> <span class='ocrx_word' id='word_1_393' title='bbox 792 2560 930 2603; x_wconf 86' lang='lat' dir='ltr'><strong>morbo)</strong></span> 
     </span>
     <span class='ocr_line' id='line_1_72' title="bbox 225 2609 929 2653; baseline 0.001 -11"><span class='ocrx_word' id='word_1_394' title='bbox 225 2611 317 2642; x_wconf 85' lang='lat' dir='ltr'><strong>Saxa</strong></span> <span class='ocrx_word' id='word_1_395' title='bbox 329 2620 441 2642; x_wconf 89' lang='lat' dir='ltr'><strong>meum</strong></span> <span class='ocrx_word' id='word_1_396' title='bbox 464 2609 578 2643; x_wconf 85' lang='lat' dir='ltr'><strong>refero</strong></span> <span class='ocrx_word' id='word_1_397' title='bbox 599 2620 715 2643; x_wconf 87' lang='lat' dir='ltr'><strong>rursus</strong></span> <span class='ocrx_word' id='word_1_398' title='bbox 732 2611 775 2644; x_wconf 87' lang='lat' dir='ltr'><strong>ad</strong></span> <span class='ocrx_word' id='word_1_399' title='bbox 789 2611 855 2644; x_wconf 87' lang='lat' dir='ltr'><strong>ista</strong></span> <span class='ocrx_word' id='word_1_400' title='bbox 871 2620 929 2653; x_wconf 88' lang='lat' dir='ltr'><strong>pe-</strong></span> 
     </span>
     <span class='ocr_line' id='line_1_73' title="bbox 226 2660 929 2703; baseline 0.001 -10"><span class='ocrx_word' id='word_1_401' title='bbox 226 2660 328 2702; x_wconf 84' lang='lat' dir='ltr'><strong>dem‚’</strong></span> <span class='ocrx_word' id='word_1_402' title='bbox 352 2663 418 2693; x_wconf 77' lang='grc' dir='ltr'><strong>διο.</strong></span> <span class='ocrx_word' id='word_1_403' title='bbox 469 2661 527 2693; x_wconf 88' lang='lat' dir='ltr'><strong>Sic</strong></span> <span class='ocrx_word' id='word_1_404' title='bbox 555 2661 648 2703; x_wconf 87' lang='lat' dir='ltr'><strong>apud</strong></span> <span class='ocrx_word' id='word_1_405' title='bbox 676 2661 806 2695; x_wconf 83' lang='lat' dir='ltr'><strong>Justin.</strong></span> <span class='ocrx_word' id='word_1_406' title='bbox 835 2661 929 2694; x_wconf 90' lang='lat' dir='ltr'><strong>Dido</strong></span> 
     </span>
     <span class='ocr_line' id='line_1_74' title="bbox 225 2711 930 2754; baseline 0 -10"><span class='ocrx_word' id='word_1_407' title='bbox 225 2712 286 2744; x_wconf 89' lang='lat' dir='ltr'><strong>lib.</strong></span> <span class='ocrx_word' id='word_1_408' title='bbox 302 2720 413 2744; x_wconf 78' lang='lat' dir='ltr'><strong>xvin.</strong></span> <span class='ocrx_word' id='word_1_409' title='bbox 434 2714 468 2744; x_wconf 86' lang='lat'><strong>9.</strong></span> <span class='ocrx_word' id='word_1_410' title='bbox 490 2715 499 2731; x_wconf 92' lang='lat'>‘</span> <span class='ocrx_word' id='word_1_411' title='bbox 513 2712 627 2754; x_wconf 82' lang='lat' dir='ltr'><strong>Fingit</strong></span> <span class='ocrx_word' id='word_1_412' title='bbox 650 2722 687 2744; x_wconf 89' lang='lat' dir='ltr'><strong>se</strong></span> <span class='ocrx_word' id='word_1_413' title='bbox 713 2711 756 2745; x_wconf 83' lang='lat' dir='ltr'><strong>ad</strong></span> <span class='ocrx_word' id='word_1_414' title='bbox 777 2722 855 2753; x_wconf 88' lang='lat' dir='ltr'><strong>eum</strong></span> <span class='ocrx_word' id='word_1_415' title='bbox 870 2712 930 2744; x_wconf 88' lang='lat' dir='ltr'><strong>mi·</strong></span> 
     </span>
     <span class='ocr_line' id='line_1_75' title="bbox 229 2763 929 2805; baseline 0.001 -11"><span class='ocrx_word' id='word_1_416' title='bbox 229 2772 327 2803; x_wconf 86' lang='lat' dir='ltr'><strong>grare</strong></span> <span class='ocrx_word' id='word_1_417' title='bbox 344 2763 445 2805; x_wconf 90' lang='lat' dir='ltr'><strong>velle,</strong></span> <span class='ocrx_word' id='word_1_418' title='bbox 458 2772 504 2795; x_wconf 88' lang='lat' dir='ltr'><strong>ne</strong></span> <span class='ocrx_word' id='word_1_419' title='bbox 518 2763 661 2805; x_wconf 83' lang='lat' dir='ltr'><strong>amplius</strong></span> <span class='ocrx_word' id='word_1_420' title='bbox 686 2763 718 2796; x_wconf 91' lang='lat' dir='ltr'><strong>ei</strong></span> <span class='ocrx_word' id='word_1_421' title='bbox 741 2763 854 2796; x_wconf 85' lang='lat' dir='ltr'><strong>mariti</strong></span> <span class='ocrx_word' id='word_1_422' title='bbox 870 2763 929 2795; x_wconf 87' lang='lat' dir='ltr'><strong>do-</strong></span> 
     </span>
    </p>
   </div>
   <div class='ocr_carea' id='block_1_10' title="bbox 979 2107 1685 2806">
    <p class='ocr_par' dir='ltr' id='par_1_13' title="bbox 979 2107 1684 2292">
     <span class='ocr_line' id='line_1_76' title="bbox 979 2107 1684 2151; baseline 0.006 -12"><span class='ocrx_word' id='word_1_423' title='bbox 979 2116 1065 2144; x_wconf 86' lang='lat' dir='ltr'><strong>mus,</strong></span> <span class='ocrx_word' id='word_1_424' title='bbox 1089 2107 1227 2149; x_wconf 75' lang='lat' dir='ltr'><strong>cupidae</strong></span> <span class='ocrx_word' id='word_1_425' title='bbox 1243 2107 1438 2151; x_wconf 75' lang='lat' dir='ltr'><strong>oblivionis,</strong></span> <span class='ocrx_word' id='word_1_426' title='bbox 1452 2115 1589 2151; x_wconf 79' lang='lat' dir='ltr'><strong>gravem</strong></span> <span class='ocrx_word' id='word_1_427' title='bbox 1611 2110 1684 2142; x_wconf 81' lang='lat' dir='ltr'><strong>luc-</strong></span> 
     </span>
     <span class='ocr_line' id='line_1_77' title="bbox 981 2158 1684 2200; baseline 0.003 -10"><span class='ocrx_word' id='word_1_428' title='bbox 981 2162 1036 2190; x_wconf 89' lang='lat' dir='ltr'><strong>tus</strong></span> <span class='ocrx_word' id='word_1_429' title='bbox 1058 2158 1241 2200; x_wconf 85' lang='lat' dir='ltr'><strong>imaginem</strong></span> <span class='ocrx_word' id='word_1_430' title='bbox 1266 2163 1460 2200; x_wconf 85' lang='lat' dir='ltr'><strong>renovaret,</strong></span> <span class='ocrx_word' id='word_1_431' title='bbox 1483 2168 1573 2192; x_wconf 85' lang='lat' dir='ltr'><strong>neve</strong></span> <span class='ocrx_word' id='word_1_432' title='bbox 1593 2159 1684 2192; x_wconf 72' lang='lat' dir='ltr'><strong>unm</strong></span> 
     </span>
     <span class='ocr_line' id='line_1_78' title="bbox 981 2209 1683 2252; baseline 0.004 -12"><span class='ocrx_word' id='word_1_433' title='bbox 981 2218 1095 2241; x_wconf 82' lang='lat' dir='ltr'><strong>amara</strong></span> <span class='ocrx_word' id='word_1_434' title='bbox 1119 2209 1306 2242; x_wconf 84' lang='lat' dir='ltr'><strong>admonitio</strong></span> <span class='ocrx_word' id='word_1_435' title='bbox 1329 2210 1435 2242; x_wconf 84' lang='lat' dir='ltr'><strong>oculis</strong></span> <span class='ocrx_word' id='word_1_436' title='bbox 1459 2209 1532 2252; x_wconf 81' lang='lat' dir='ltr'><strong>ejus</strong></span> <span class='ocrx_word' id='word_1_437' title='bbox 1564 2217 1683 2243; x_wconf 80' lang='lat' dir='ltr'><strong>ocem·-</strong></span> 
     </span>
     <span class='ocr_line' id='line_1_79' title="bbox 983 2259 1347 2292; baseline 0.008 -1"><span class='ocrx_word' id='word_1_438' title='bbox 983 2259 1064 2291; x_wconf 71' lang='lat' dir='ltr'><strong>rat!</strong></span> <span class='ocrx_word' id='word_1_439' title='bbox 1088 2260 1171 2292; x_wconf 79' lang='lat' dir='ltr'><strong>Nev.</strong></span> <span class='ocrx_word' id='word_1_440' title='bbox 1345 2271 1347 2273; x_wconf 76' lang='grc'><strong>’</strong></span> 
     </span>
    </p>

    <p class='ocr_par' dir='ltr' id='par_1_14' title="bbox 980 2310 1685 2806">
     <span class='ocr_line' id='line_1_80' title="bbox 1025 2310 1682 2353; baseline 0.003 -12"><span class='ocrx_word' id='word_1_441' title='bbox 1025 2311 1128 2343; x_wconf 83' lang='lat' dir='ltr'><strong>Nemo</strong></span> <span class='ocrx_word' id='word_1_442' title='bbox 1150 2310 1282 2343; x_wconf 75' lang='lat' dir='ltr'><strong>libenter·</strong></span> <span class='ocrx_word' id='word_1_443' title='bbox 1302 2311 1422 2352; x_wconf 72' lang='lat' dir='ltr'><strong>recolit,</strong></span> <span class='ocrx_word' id='word_1_444' title='bbox 1444 2311 1499 2353; x_wconf 72' lang='lat' dir='ltr'><strong>qui</strong></span> <span class='ocrx_word' id='word_1_445' title='bbox 1521 2310 1615 2352; x_wconf 58' lang='lat' dir='ltr'><strong>usse,</strong></span> <span class='ocrx_word' id='word_1_446' title='bbox 1639 2311 1682 2343; x_wconf 73' lang='lat'><strong>10-</strong></span> 
     </span>
     <span class='ocr_line' id='line_1_81' title="bbox 980 2359 1684 2403; baseline 0.001 -11"><span class='ocrx_word' id='word_1_447' title='bbox 980 2359 1064 2400; x_wconf 78' lang='lat' dir='ltr'><strong>cum]</strong></span> <span class='ocrx_word' id='word_1_448' title='bbox 1087 2360 1219 2393; x_wconf 86' lang='lat' dir='ltr'><strong>Seneca</strong></span> <span class='ocrx_word' id='word_1_449' title='bbox 1232 2362 1297 2403; x_wconf 87' lang='lat' dir='ltr'><strong>Ep.</strong></span> <span class='ocrx_word' id='word_1_450' title='bbox 1306 2363 1362 2394; x_wconf 77' lang='grc'><strong>63.</strong></span> <span class='ocrx_word' id='word_1_451' title='bbox 1384 2364 1394 2380; x_wconf 91' lang='lat'>‘</span> <span class='ocrx_word' id='word_1_452' title='bbox 1409 2362 1520 2394; x_wconf 84' lang='lat' dir='ltr'><strong>Nemo</strong></span> <span class='ocrx_word' id='word_1_453' title='bbox 1534 2361 1684 2394; x_wconf 71' lang='lat' dir='ltr'><strong>lihenter</strong></span> 
     </span>
     <span class='ocr_line' id='line_1_82' title="bbox 981 2411 1683 2454; baseline 0.003 -12"><span class='ocrx_word' id='word_1_454' title='bbox 981 2411 1025 2443; x_wconf 86' lang='lat' dir='ltr'><strong>ad</strong></span> <span class='ocrx_word' id='word_1_455' title='bbox 1047 2412 1080 2443; x_wconf 84' lang='lat' dir='ltr'><strong>id</strong></span> <span class='ocrx_word' id='word_1_456' title='bbox 1096 2411 1199 2453; x_wconf 90' lang='lat' dir='ltr'><strong>redit,</strong></span> <span class='ocrx_word' id='word_1_457' title='bbox 1220 2411 1312 2454; x_wconf 84' lang='lat' dir='ltr'><strong>quod</strong></span> <span class='ocrx_word' id='word_1_458' title='bbox 1326 2421 1394 2444; x_wconf 90' lang='lat' dir='ltr'><strong>non</strong></span> <span class='ocrx_word' id='word_1_459' title='bbox 1416 2413 1489 2446; x_wconf 86' lang='lat' dir='ltr'><strong>sine</strong></span> <span class='ocrx_word' id='word_1_460' title='bbox 1511 2415 1683 2445; x_wconf 82' lang='lat' dir='ltr'><strong>tormento</strong></span> 
     </span>
     <span class='ocr_line' id='line_1_83' title="bbox 982 2462 1684 2503; baseline 0 -9"><span class='ocrx_word' id='word_1_461' title='bbox 982 2462 1196 2503; x_wconf 83' lang='lat' dir='ltr'><strong>cogitaturus</strong></span> <span class='ocrx_word' id='word_1_462' title='bbox 1208 2463 1285 2496; x_wconf 87' lang='lat' dir='ltr'><strong>est.’</strong></span> <span class='ocrx_word' id='word_1_463' title='bbox 1321 2463 1423 2495; x_wconf 87' lang='lat' dir='ltr'><strong>Unde</strong></span> <span class='ocrx_word' id='word_1_464' title='bbox 1438 2467 1474 2495; x_wconf 84' lang='lat' dir='ltr'><strong>et</strong></span> <span class='ocrx_word' id='word_1_465' title='bbox 1487 2462 1612 2496; x_wconf 76' lang='lat' dir='ltr'><strong>nebulo</strong></span> <span class='ocrx_word' id='word_1_466' title='bbox 1626 2462 1684 2494; x_wconf 80' lang='lat' dir='ltr'><strong>ille</strong></span> 
     </span>
     <span class='ocr_line' id='line_1_84' title="bbox 981 2513 1684 2555; baseline 0.001 -11"><span class='ocrx_word' id='word_1_467' title='bbox 981 2513 1017 2544; x_wconf 87' lang='lat' dir='ltr'><strong>in</strong></span> <span class='ocrx_word' id='word_1_468' title='bbox 1030 2513 1195 2546; x_wconf 86' lang='lat' dir='ltr'><strong>Petronio</strong></span> <span class='ocrx_word' id='word_1_469' title='bbox 1205 2513 1379 2555; x_wconf 80' lang='lat' dir='ltr'><strong>satyrico:</strong></span> <span class='ocrx_word' id='word_1_470' title='bbox 1401 2514 1411 2531; x_wconf 87' lang='lat'><em>‘</em></span> <span class='ocrx_word' id='word_1_471' title='bbox 1423 2513 1464 2545; x_wconf 88' lang='lat' dir='ltr'><strong>In</strong></span> <span class='ocrx_word' id='word_1_472' title='bbox 1477 2513 1684 2555; x_wconf 66' lang='lat' dir='ltr'><strong>platanona:</strong></span> 
     </span>
     <span class='ocr_line' id='line_1_85' title="bbox 982 2563 1684 2605; baseline 0 -10"><span class='ocrx_word' id='word_1_473' title='bbox 982 2564 1105 2605; x_wconf 86' lang='lat' dir='ltr'><strong>inquit,</strong></span> <span class='ocrx_word' id='word_1_474' title='bbox 1119 2564 1131 2582; x_wconf 92' lang='lat'>‘</span> <span class='ocrx_word' id='word_1_475' title='bbox 1143 2563 1326 2596; x_wconf 87' lang='lat' dir='ltr'><strong>descendi:</strong></span> <span class='ocrx_word' id='word_1_476' title='bbox 1350 2563 1483 2596; x_wconf 84' lang='lat' dir='ltr'><strong>etiamsi</strong></span> <span class='ocrx_word' id='word_1_477' title='bbox 1505 2563 1618 2595; x_wconf 78' lang='lat' dir='ltr'><strong>locum</strong></span> <span class='ocrx_word' id='word_1_478' title='bbox 1633 2563 1684 2595; x_wconf 89' lang='lat' dir='ltr'><strong>in-</strong></span> 
     </span>
     <span class='ocr_line' id='line_1_86' title="bbox 982 2613 1685 2659; baseline 0 -13"><span class='ocrx_word' id='word_1_479' title='bbox 982 2614 1193 2655; x_wconf 82' lang='lat' dir='ltr'><strong>auspicatum</strong></span> <span class='ocrx_word' id='word_1_480' title='bbox 1210 2614 1395 2659; x_wconf 64' lang='lat' dir='ltr'><strong>timebam?v</strong></span> <span class='ocrx_word' id='word_1_481' title='bbox 1435 2613 1485 2647; x_wconf 82' lang='lat' dir='ltr'><strong>At</strong></span> <span class='ocrx_word' id='word_1_482' title='bbox 1509 2617 1564 2646; x_wconf 90' lang='lat' dir='ltr'><strong>est</strong></span> <span class='ocrx_word' id='word_1_483' title='bbox 1587 2614 1685 2647; x_wconf 83' lang='lat' dir='ltr'><strong>valde</strong></span> 
     </span>
     <span class='ocr_line' id='line_1_87' title="bbox 982 2663 1685 2705; baseline 0.006 -10"><span class='ocrx_word' id='word_1_484' title='bbox 982 2663 1133 2705; x_wconf 87' lang='lat' dir='ltr'><strong>prudens</strong></span> <span class='ocrx_word' id='word_1_485' title='bbox 1144 2664 1292 2696; x_wconf 87' lang='lat' dir='ltr'><strong>Nasonis</strong></span> <span class='ocrx_word' id='word_1_486' title='bbox 1302 2663 1476 2697; x_wconf 87' lang='lat' dir='ltr'><strong>consilinm</strong></span> <span class='ocrx_word' id='word_1_487' title='bbox 1488 2663 1532 2696; x_wconf 88' lang='lat' dir='ltr'><strong>de</strong></span> <span class='ocrx_word' id='word_1_488' title='bbox 1542 2665 1685 2699; x_wconf 84' lang='lat' dir='ltr'><strong>Remed.</strong></span> 
     </span>
     <span class='ocr_line' id='line_1_88' title="bbox 982 2713 1684 2756; baseline 0.003 -11"><span class='ocrx_word' id='word_1_489' title='bbox 982 2713 1060 2746; x_wconf 89' lang='lat' dir='ltr'><strong>Am.</strong></span> <span class='ocrx_word' id='word_1_490' title='bbox 1077 2723 1119 2746; x_wconf 86' lang='lat' dir='ltr'><strong>u.</strong></span> <span class='ocrx_word' id='word_1_491' title='bbox 1142 2714 1152 2731; x_wconf 94' lang='lat'>‘</span> <span class='ocrx_word' id='word_1_492' title='bbox 1166 2714 1212 2746; x_wconf 87' lang='lat' dir='ltr'><strong>Et</strong></span> <span class='ocrx_word' id='word_1_493' title='bbox 1227 2714 1301 2746; x_wconf 87' lang='lat' dir='ltr'><strong>loca</strong></span> <span class='ocrx_word' id='word_1_494' title='bbox 1313 2723 1406 2755; x_wconf 81' lang='lat' dir='ltr'><strong>saepe</strong></span> <span class='ocrx_word' id='word_1_495' title='bbox 1421 2717 1558 2756; x_wconf 86' lang='lat' dir='ltr'><strong>nocent,</strong></span> <span class='ocrx_word' id='word_1_496' title='bbox 1571 2713 1684 2756; x_wconf 80' lang='lat' dir='ltr'><strong>fugito</strong></span> 
     </span>
     <span class='ocr_line' id='line_1_89' title="bbox 984 2763 1684 2806; baseline 0.003 -10"><span class='ocrx_word' id='word_1_497' title='bbox 984 2764 1058 2796; x_wconf 84' lang='lat' dir='ltr'><strong>loca</strong></span> <span class='ocrx_word' id='word_1_498' title='bbox 1069 2763 1206 2797; x_wconf 86' lang='lat' dir='ltr'><strong>conscia</strong></span> <span class='ocrx_word' id='word_1_499' title='bbox 1228 2763 1333 2797; x_wconf 87' lang='lat' dir='ltr'><strong>vestri</strong></span> <span class='ocrx_word' id='word_1_500' title='bbox 1347 2763 1582 2806; x_wconf 79' lang='lat' dir='ltr'><strong>Concubitus3</strong></span> <span class='ocrx_word' id='word_1_501' title='bbox 1605 2773 1684 2798; x_wconf 70' lang='lat' dir='ltr'><strong>cau-</strong></span> 
     </span>
    </p>
   </div>
  </div>
 </body>
</html>
