1806 3236
211 214 300 256 Qffi

212 320 343 359 legerat
366 322 403 351 et
432 319 585 359 tundant,
611 319 671 351 sed
696 319 798 352 metri
828 320 917 353 ratio

211 376 394 413 repugnat,
410 371 461 402 uti
482 380 526 402 ex
553 370 672 403 Lucilii
688 371 846 413 exemplo
863 381 917 405 su·

208 421 324 462 petius
348 421 454 453 allato
477 421 521 453 ad
550 421 612 453 lib.
637 431 664 454 1.
688 427 833 464 constat,
858 423 915 455 cni

207 470 314 503 addas
327 471 392 503 hoc
408 470 651 504 Lucretianum
667 472 774 505 licet:
809 477 818 492 ‘
837 473 914 507 Nec

210 521 397 555 tuditantia
421 530 493 553 rem
519 522 680 563 cessant,'
699 524 765 555 &c.
797 523 913 556 Faber.

207 571 401 604 Menrsius:
417 572 549 603 multum
561 572 727 605 tomitunt.
767 573 837 606 Sed
862 583 915 606 se-

208 622 346 665 qnitur:
379 632 435 655 nec
459 632 528 655 sum
549 623 641 655 loesus
658 625 797 665 vulnere,
810 625 844 657 in
859 633 914 657 re-

207 677 332 715 spectu
349 674 484 706 scilicet
499 673 542 706 ad
557 675 704 711 alterum
719 675 859 713 mulum,
874 681 914 709 ut

206 725 343 757 omnino
357 724 436 757 muli
457 735 520 758 vox
534 725 592 758 hic
614 725 756 758 retineri
770 726 912 760 debeat.

210 776 375 810 Tmitant
393 776 486 821 qnod
509 777 626 820 habet,
650 783 706 812 est
731 789 775 812 ex
801 780 913 814 veteri

206 827 372 861 editione.
417 829 544 872 Neque
564 829 639 862 scio
664 830 760 873 satis,
775 840 817 863 an
844 841 914 864 nou

206 878 285 911 huic
322 878 480 921 praeferri
515 879 652 914 debeat.
707 881 914 915 ostendunt

206 937 289 963 sane
309 929 415 961 verba
429 929 513 962 muli
528 930 685 970 alterius,
699 931 791 965 hunc
806 930 914 965 fuisse

206 979 435 1014 vulneratum.
489 980 540 1014 At
562 982 719 1016 trusitant
749 983 815 1016 hoc
844 993 913 1016 non

205 1030 302 1064 dicit.
361 1032 493 1065 Contra
511 1033 665 1066 tomitare
697 1038 764 1076 est,
795 1034 912 1067 vulne-

206 1092 295 1123 rare,
309 1083 393 1116 licet
415 1083 448 1116 in
474 1088 630 1117 extrema
644 1089 737 1118 cute.
782 1085 914 1119 Docuit

206 1143 250 1166 ex
263 1134 392 1166 Plauto
405 1134 608 1177 Schoppius.
634 1135 742 1176 Solios.
787 1136 913 1169 Posset

206 1184 274 1226 legi
309 1186 464 1226 sauciant,
498 1186 559 1219 sed
598 1187 705 1219 credo
735 1187 912 1229 scripsisse

205 1235 390 1269 Phaedrum
414 1237 611 1269 immitunt.
656 1237 715 1270 Ita
740 1237 910 1270 Plautusz

203 1287 213 1304 ‘
230 1287 301 1320 Ubi
329 1287 426 1320 vivos
451 1288 605 1320 homines
644 1288 768 1321 mortui
800 1289 913 1321 incur·

204 1343 282 1372 sant
296 1338 425 1372 boves?
469 1339 544 1372 Liv.
560 1348 662 1373 xxtv.
676 1342 731 1373 41.
750 1340 762 1358 ‘
777 1339 912 1382 Agmen

206 1390 394 1422 Romanum
410 1389 550 1432 impune
574 1391 788 1424 incursatum
811 1390 854 1423 ab
876 1401 912 1423 e-

204 1440 356 1482 quitibus
371 1435 544 1478 bostium,’
567 1440 661 1482 quod
675 1441 766 1473 male
783 1441 910 1473 sollici-

206 1495 295 1524 tant.
338 1490 437 1524 Idem
451 1499 539 1524 xxv.
552 1494 607 1525 35.
621 1492 631 1510 ‘
643 1491 803 1524 Numidae
819 1501 910 1525 nunc

205 1552 226 1574 a
249 1546 360 1584 tergo,
382 1552 472 1575 nunc
499 1552 520 1574 a
545 1543 654 1575 latere
675 1543 911 1576 incursantes:

205 1593 264 1626 Sic
278 1603 370 1636 saepe
394 1592 527 1627 Arnob.
552 1593 613 1626 lib.
631 1602 658 1626 ι.
679 1593 689 1611 ‘
707 1593 915 1627 Pestilentia

670 224 815 256 NOTAE.
848 224 1115 258 vARloltUM
1149 227 1201 258 IN

972 324 1008 353 et
1020 320 1118 353 bellis
1131 323 1269 364 negotia
1279 322 1494 356 incursantur
1503 323 1671 358 humum?

970 371 1085 404 Heius.

1014 425 1055 456 la
1079 423 1150 456 Hoc
1163 424 1362 466 argumento]
1393 424 1550 467 Scilicet,
1563 425 1672 459 menti

967 472 1113 508 firmiter
1132 474 1315 518 insculpto.
1346 477 1480 511 Proca.
1527 476 1608 510 Hac
1620 475 1674 511 fs-

967 522 1070 556 bula:
1104 523 1194 557 infra
1212 525 1271 558 lib.
1283 535 1333 558 ιν.
1349 536 1379 560 c.
1393 529 1427 560 7.
1449 527 1460 545 ‘
1477 526 1557 560 Hoc
1571 537 1674 569 argu·

967 578 1085 606 mento
1098 578 1136 606 se
1151 574 1298 608 describi
1313 577 1443 611 sentiat
1453 576 1476 610 ε’
1508 582 1546 611 et
1570 587 1602 612 c.
1618 581 1672 612 15.

968 626 978 643 ⁸
991 624 1068 657 Hoc
1079 630 1317 667 argumentum
1330 629 1546 671 monet‚'&c.
1567 627 1672 664 Adde

967 675 1028 708 lib.
1043 684 1096 708 ιν.
1113 685 1143 708 c.
1157 678 1188 708 3.
1232 676 1325 710 Puto
1345 683 1462 711 autem
1480 679 1536 712 hic
1559 679 1673 714 omitti

968 727 1248 769 praepositionem
1273 728 1320 768 in,
1338 733 1378 761 ut
1401 728 1448 762 sit
1471 738 1672 773 sensus,oc-

967 787 1110 811 currere
1133 783 1171 811 et
1195 783 1317 812 extare
1342 779 1378 812 in
1400 779 1467 813 hac
1490 779 1608 816 fabul·
1617 786 1673 816 u-

968 832 1037 861 tam
1055 829 1275 871 tenuitatem,
1301 834 1407 873 atque
1422 830 1509 864 adeo
1524 832 1674 875 uenali

966 879 1047 912 loco
1061 889 1138 913 esse
1152 890 1265 923 posse,
1280 881 1326 915 ob
1347 881 1439 924 quod
1452 881 1512 916 alii
1524 883 1676 926 ample&-

967 934 1099 964 tantur.
1154 931 1340 964 Praschius
1355 932 1441 966 illud
1454 938 1674 975 mgnum«-

967 983 1108 1024 supplet
1117 981 1177 1025 ita,
1193 983 1371 1026 additque,
1385 986 1395 1003 ‘
1405 985 1516 1018 menti
1527 984 1674 1020 firmiter

966 1033 1160 1076 insculpto!
1203 1034 1271 1067 Sed
1295 1035 1382 1068 illud
1404 1039 1467 1078 est,
1485 1035 1673 1070 dissuadet.

967 1083 1073 1124 Schef.
1126 1084 1184 1118 Sic
1206 1085 1216 1103 ‘
1232 1085 1439 1118 Fabulamm
1461 1087 1674 1129 argumenta’

967 1134 1055 1168 dixit
1070 1136 1187 1170 Valer.
1201 1136 1298 1169 Max.
1313 1145 1355 1170 ιι.
1369 1139 1402 1170 4.
1413 1138 1447 1170 4.

1012 1186 1093 1219 Tuta
1102 1190 1150 1219 est
1162 1184 1320 1219 hominnm
1333 1186 1487 1229 mmm]
1509 1187 1568 1221 Sic
1577 1187 1674 1231 Sym-

966 1236 1108 1268 machus
1134 1236 1168 1269 in
1194 1237 1362 1270 relatione
1388 1237 1455 1279 Ep.
1481 1238 1539 1271 lib.
1556 1247 1593 1271 x.
1615 1243 1671 1273 ⁵4.

967 1287 976 1305 ‘
985 1286 1179 1328 Paupertas
1189 1297 1211 1320 a
1221 1286 1399 1330 dispendio
1410 1292 1486 1321 tuta
1495 1289 1572 1322 est?
1596 1290 1672 1325 Nec

966 1337 1167 1370 absimiliter
1180 1338 1362 1372 Sallustius
1388 1339 1568 1381 Conjurat.
1581 1340 1675 1374 Cati-

966 1388 1026 1422 liu.
1040 1389 1050 1407 ‘
1063 1389 1208 1431 Egestas
1221 1388 1326 1422 facile
1337 1388 1484 1423 habetur
1493 1390 1568 1423 sine
1579 1390 1673 1424 dem-

966 1439 1035 1472 no.’
1069 1439 1210 1473 Festive
1225 1440 1260 1472 in
1273 1440 1362 1473 hanc
1375 1441 1583 1474 sententiam
1592 1441 1673 1476 Pal-

965 1490 1063 1523 ladas
1079 1491 1263 1533 Antbolog.
1278 1491 1303 1524 l.
1319 1501 1345 1524 1.
1367 1491 1421 1524 tit.
1445 1490 1498 1525 Εἲς
1508 1492 1671 1533 tif-xoss-

967 1541 1056 1581 Μηδὲ
1068 1554 1148 1576 ποτε
1160 1541 1262 1584 ζήσας
1281 1542 1300 1574 ὁ
1314 1540 1408 1581 ‘rb-m
1427 1542 1541 1585 βροτὸς
1558 1542 1623 1576 οὐδ’
1636 1544 1672 1578 ἄ·

967 1591 1144 1631 nerhenes.
1168 1593 1253 1626 Rite.

723 1846 982 1889 FABULA
1031 1846 1172 1889 VHL

250 2003 366 2035 Cervus
380 2003 421 2035 ud
433 2001 537 2043 boves]
571 2002 747 2035 Camerar.
761 2011 796 2043 p.
814 2003 890 2034 192.

249 2057 266 2086 l
295 2054 478 2096 Excitatus]
512 2052 740 2087 Venatorinm
754 2051 911 2085 verbum.

204 2105 328 2139 Cicero
342 2105 387 2137 de
416 2103 517 2138 Offic.
540 2114 600 2138 ιιι.
624 2104 780 2136 ‘Suntne
805 2103 912 2144 igitur

205 2157 355 2198 iusidiae,
378 2156 522 2190 tendere
548 2156 679 2198 plagas,
705 2155 839 2188 etiamsi
854 2165 912 2187 ex-

204 2208 372 2241 citaturus
383 2217 450 2240 non
466 2207 525 2247 sis,
541 2217 604 2239 nec
619 2206 811 2248 agitaturus
826 2206 838 2237 ?
860 2206 913 2248 ip·

205 2269 252 2292 sae
267 2259 359 2291 enim
374 2257 459 2291 ferae
480 2258 575 2289 nullo
597 2257 798 2299 insequente
818 2266 912 2298 saepe

203 2309 382 2342 incidunt!
436 2308 585 2341 Phaedra
606 2307 698 2349 apud
725 2308 846 2340 Senec.
875 2308 910 2340 iu

205 2359 390 2402 Hippolito
403 2364 472 2392 act.
486 2368 513 2391 ι.
529 2369 577 2391 vs.
594 2361 648 2391 u.
669 2358 679 2376 ‘
692 2357 800 2391 Juvat
817 2359 911 2390 exci-

205 2414 295 2443 tatas
322 2410 485 2452 consequi
511 2419 613 2442 cursu
645 2407 757 2441 feras!
799 2407 906 2448 Schef.

203 2460 284 2494 vid.
301 2461 343 2493 ad
357 2461 501 2493 Petron.
516 2468 645 2492 cxxxx.

251 2512 440 2545 Venator-um
453 2510 572 2552 necem]
594 2509 638 2542 Id
651 2512 719 2549 est,
733 2517 754 2541 a
767 2513 908 2541 venato·

204 2562 298 2595 ribus
313 2562 508 2595 instantem.
554 2560 613 2593 Sic
627 2558 698 2592 fab.
712 2562 766 2592 39.
785 2558 795 2576 ‘
810 2559 909 2591 Dura

203 2613 265 2647 fati
281 2613 441 2646 miseris!
486 2611 561 2646 Lib.
576 2621 633 2644 111.
652 2611 701 2643 D.
717 2611 747 2652 ς.
760 2613 795 2643 2.
838 2610 908 2642 Ubi

205 2664 327 2706 pupill.
347 2664 448 2696 educ.
467 2664 523 2695 vel
539 2673 625 2695 mor.
641 2661 720 2695 deb.
743 2661 754 2680 ‘
772 2662 908 2693 Merce-

204 2715 267 2747 des
282 2713 511 2756 pupillorum‚'
524 2713 560 2745 id
572 2717 639 2753 est,
648 2721 724 2754 quoe
734 2711 810 2744 aliis
821 2720 909 2753 prae-

205 2770 343 2798 stantur
359 2774 421 2807 pro
435 2763 588 2806 pupillis.
631 2763 677 2795 Et
691 2763 717 2804 §.
735 2763 799 2796 ult.
811 2761 848 2795 J.
863 2762 908 2794 de

206 2815 252 2850 R.
277 2817 322 2850 D.
355 2815 488 2849 ‘Maris
519 2813 735 2856 periculum!
800 2814 908 2847 Plura

964 1999 1129 2042 ejusmodi
1173 1999 1352 2040 vocabula,
1387 1998 1671 2040 significationem

963 2053 1054 2085 ultro
1069 2057 1107 2085 et
1122 2051 1211 2085 citro
1223 2050 1522 2090 communicantia,
1529 2050 1674 2092 collegit

965 2102 1056 2136 Gen.
1071 2111 1123 2135 ιι.
1138 2104 1192 2134 12.
1233 2101 1366 2134 Prosda.
1412 2100 1548 2141 Active,
1562 2110 1638 2142 pro,
1652 2111 1674 2135 a

967 2153 1189 2186 venatoribus
1202 2151 1415 2185 inferendam
1425 2162 1436 2192 3
1451 2151 1585 2184 notavit
1595 2150 1676 2184 Rit-

966 2203 1167 2236 tershusius.
1211 2202 1269 2235 Sic
1295 2201 1398 2243 Apul.
1419 2201 1481 2234 As.
1495 2210 1537 2235 ιι.
1559 2201 1570 2219 ‘
1583 2201 1674 2235 Tan-

966 2259 1040 2287 tum
1078 2264 1100 2287 a
1135 2254 1273 2286 cautela
1314 2253 1512 2294 Pamphiles
1554 2252 1674 2287 abfui!

964 2304 1072 2344 Schqf.
1124 2305 1243 2345 Forte,
1269 2307 1446 2337 venatorem
1468 2303 1599 2344 fugeret
1622 2304 1672 2336 in-

964 2359 1104 2389 nantem
1122 2355 1204 2388 neci.
1251 2354 1373 2387 Heius.
1440 2354 1533 2387 Nihil
1559 2363 1668 2395 opus:

963 2417 1041 2440 nam
1076 2407 1125 2439 sic
1158 2405 1342 2439 Sallustius
1378 2405 1479 2446 dixit,
1508 2405 1670 2437 ‘Metun

963 2457 1143 2498 Pompeii:
1186 2456 1342 2490 Pricaeus
1365 2455 1411 2488 ad
1427 2453 1565 2497 Apulei.
1580 2454 1669 2487 Met.

963 2517 1004 2541 11.
1030 2519 1064 2549 p.
1079 2511 1133 2541 76.
1186 2507 1244 2540 Sic
1270 2506 1344 2540 Liv.
1369 2515 1395 2538 ι.
1419 2507 1472 2538 18.
1504 2504 1515 2523 ‘
1530 2503 1668 2549 Sabinae

962 2560 1137 2596 mulieres,
1153 2567 1296 2600 quarum
1321 2566 1366 2590 ex
1391 2555 1515 2597 injuria
1540 2555 1667 2588 bellum

963 2614 1079 2643 ortum
1102 2608 1202 2650 erat‚'
1223 2609 1246 2641 i.
1269 2617 1302 2641 e.
1326 2616 1427 2650 quam
1449 2606 1533 2654 ipsae
1558 2616 1668 2648 psssae

961 2664 1074 2694 erant.
1118 2661 1166 2692 Et
1184 2669 1261 2701 cap.
1277 2661 1331 2691 14.
1353 2658 1364 2677 ‘
1382 2657 1432 2689 Ut
1443 2657 1669 2698 expiarentur

960 2712 1153 2754 legatorum
1169 2707 1325 2751 injuriae,'
1349 2707 1384 2739 id
1399 2711 1466 2748 est,
1488 2707 1614 2749 legatis
1629 2708 1668 2742 il-

961 2762 1062 2794 latae:
1086 2764 1124 2793 et
1134 2760 1183 2792 ita
1197 2759 1324 2801 passim
1341 2762 1488 2790 veteres.
1509 2758 1623 2792 Burni.

1009 2813 1196 2846 Ventorum
1207 2809 1326 2851 necem]
1351 2808 1394 2842 Id
1410 2812 1477 2851 est,
1493 2819 1513 2841 a
1528 2812 1666 2843 venato·
