1806 3236
393 205 596 237 rnatum
630 205 740 238 un.
773 206 1078 240 AEsomARuM
1111 207 1209 240 ΜΒ.
1240 208 1270 239 1.
1303 197 1371 239 17.

147 301 254 342 Μ
310 301 419 335 Plura
443 300 490 334 de
516 299 621 334 verbo
642 303 857 335 commendare

145 353 206 387 hie
216 350 320 387 ὧτε
343 345 512 393 Αἰειιίιιε,
525 352 569 385 ad
585 363 663 396 quae
686 353 855 387 lectorem

144 403 364 441 remittimus.
409 403 574 438 Heinsius
590 410 707 437 tamen
724 407 856 439 mavult

143 455 856 498 mmcumV.C.Dan1elis,Vossu

143 497 213 540 un.
226 509 264 539 et
273 505 434 548 Rigaltii.
458 515 522 539 nos
532 506 636 539 etiam
648 508 855 540 commodasse

141 566 234 593 utto
255 557 462 600 recepimus,
485 558 567 600 quia
588 558 773 591 servandos
795 559 854 591 de-

142 606 238 642 disse
265 618 304 641 se
320 618 427 651 panes
449 609 695 643 calumniatum
716 611 853 653 Lupum

141 659 200 693 vix
214 660 398 701 credimus,
413 660 475 693 sed
490 666 628 694 mutuos
649 661 800 703 dedisse,
815 666 852 694 ut

140 708 342 757 Anonymus
366 711 535 745 Nielantii
560 712 676 746 habet.
719 713 853 746 Eadem

119 797 123 800 ,
143 761 293 796 varietas
315 762 350 794 in
364 764 559 796 commodare
579 768 617 796 et
637 766 852 797 commendare

141 817 196 847 est
209 813 302 856 apud
317 813 486 848 Quinctil.
509 823 557 848 vx.
571 817 604 847 8.
648 815 747 848 Inter
769 827 850 849 com-

139 866 292 899 mendere
303 875 384 899 vero
395 870 433 898 et
441 867 594 908 deponere
606 867 687 909 quid
701 867 852 909 intersit,

139 915 222 949 vide
239 915 395 949 Hottom.
411 917 498 951 Obs.
509 926 562 950 w.
577 920 630 951 14.
672 919 784 952 Vetus
800 919 850 950 in-

140 959 276 1009 terpres
295 967 399 1000 Lucae
424 977 503 1010 cap.
529 971 580 1001 12.
595 971 651 1003 24.
684 968 850 1011 παρέθεντο

139 1018 234 1061 πολὺ,
249 1020 369 1062 vertit,
381 1022 672 1055 commendaverant
693 1023 826 1056 multum
836 1034 850 1063 ,-

139 1070 330 1113 eleganter.
364 1071 476 1105 Burm.

184 1121 418 1163 eon-nodosae]
463 1123 535 1155 Mss
566 1134 637 1156 cam
668 1125 850 1158 mendasse.-

137 1173 216 1215 lege
239 1174 479 1207 commendasse.
515 1176 525 1193 ⁸
546 1175 772 1208 Commendare
795 1181 850 1209 est

136 1221 314 1266 deponere
328 1234 338 1256 t
362 1223 421 1257 lib-
436 1232 544 1258 xxiv.
563 1229 601 1258 et
614 1234 718 1258 xxvt.
735 1225 772 1259 ff.
789 1226 850 1260 de-

136 1275 241 1318 posit-
256 1276 279 1308 1.
288 1284 448 1313 cuvur.
461 1278 676 1311 commendare
687 1278 732 1310 de
743 1279 786 1312 V.
799 1279 848 1312 S.'

135 1324 226 1369 Boc
249 1326 516 1371 Rittershusius,
538 1328 597 1371 qui
622 1332 740 1362 tamen
766 1339 848 1362 con-

129 1376 292 1420 jactabat
312 1379 539 1418 commodatam,-
558 1383 597 1413 et
622 1380 772 1414 Guietus
786 1392 847 1414 no-

134 1423 212 1463 tat:
235 1428 247 1448 ‘
265 1429 484 1463 emmanue
505 1431 690 1473 legendnm
705 1442 781 1465 esse
796 1433 846 1466 in-

134 1477 230 1513 dicat
241 1477 281 1511 τὸ
297 1479 448 1520 Debere:
463 1481 556 1524 qnod
571 1492 652 1515 mox
675 1485 844 1526 sequitur.

135 1529 184 1563 Et
194 1529 246 1565 ita
260 1529 307 1563 nd
319 1531 511 1574 marginem
525 1533 672 1568 Salmas.

177 1579 269 1623 Sese]
294 1580 352 1616 Ita
365 1582 435 1616 Ms.
450 1587 488 1616 et
499 1584 613 1626 prima
626 1585 745 1619 editio.
775 1586 846 1620 Sed

133 1632 277 1676 corrigit
290 1633 490 1676 Salmasius,
504 1639 542 1668 et
556 1636 643 1678 legit
654 1647 700 1670 se.
736 1638 831 1672 Gnd.

175 1682 221 1718 δι
229 1685 444 1728 contenderet]
458 1685 588 1719 Crebro
599 1692 635 1720 et
644 1693 846 1723 constanter

132 1732 335 1769 affirmaret.
377 1735 498 1779 Nepos
518 1737 555 1770 in
577 1738 700 1781 Epam.
714 1749 793 1782 cap.
809 1743 844 1774 8.

131 1786 142 1804 ‘
156 1784 227 1818 Sua
240 1795 350 1828 opera
374 1785 505 1820 factum
527 1789 781 1824 contenderent
803 1795 844 1824 ut

131 1837 202 1881 legi
226 1847 296 1871 non
322 1838 530 1873 obedirent?
577 1840 752 1874 Caeterum
776 1843 843 1876 hoc

131 1889 208 1923 loco
243 1889 430 1932 legendum
463 1895 530 1934 est,
564 1894 779 1937 contenderat,
802 1899 843 1927 ut

129 1945 227 1974 recte
233 1941 400 1975 Heinsius
411 1942 599 1976 admonuit.
613 1942 720 1983 Schef.
736 1946 842 1988 Lege,

133 1992 235 2029 Quian
244 1995 451 2026 commodasse
459 2003 493 2027 se
500 2004 615 2037 panem
619 1997 843 2037 protenderat.

132 2042 255 2077 Heius.

172 2097 196 2128 4
209 2094 445 2137 Lupucitatus
457 2095 564 2137 testis]
594 2096 718 2130 Plures
734 2102 842 2131 testes

130 2144 287 2180 nominat
301 2144 416 2178 Anon.
431 2144 503 2178 fab.
514 2148 547 2178 4.
568 2146 704 2179 Prosch.
734 2148 843 2180 Citari

129 2197 306 2240 proprium
321 2206 399 2230 esse
425 2197 461 2229 in
482 2198 547 2230 hac
569 2207 607 2229 re
622 2197 765 2230 verbum
780 2198 841 2232 do-

121 2241 211 2281 ‘cent
222 2247 356 2280 dictata
365 2247 533 2280 Gronovii
544 2248 666 2290 patris.
692 2248 839 2282 Petron.

129 2309 207 2343 cnp.
219 2301 274 2332 11.
302 2299 313 2317 ⁴
328 2298 382 2332 Ne
392 2298 523 2332 Poetas
534 2299 674 2342 quidem
685 2300 729 2333 ad
740 2301 839 2334 testi-

128 2350 279 2385 monium
294 2350 422 2387 citem.’

171 2401 281 2444 Lupus
292 2402 412 2434 citatus
425 2402 531 2444 testis]
556 2403 665 2438 Quasi
680 2403 838 2436 minister

127 2457 166 2487 et
189 2463 341 2487 messor
365 2452 451 2486 furis
474 2453 616 2496 judicis.
660 2454 742 2488 vid.
756 2456 838 2489 Vet.

126 2505 264 2549 Interp.
279 2505 406 2540 Juven.
421 2506 493 2538 Sat.
510 2514 570 2539 m.
594 2516 645 2539 vs.
660 2509 717 2541 46.

171 2560 193 2590 5
216 2556 349 2600 Deberi,
377 2557 480 2599 dixit]
516 2557 634 2600 Forte,
656 2569 718 2592 non
742 2570 838 2593 unum

128 2608 218 2641 nodo
232 2608 353 2642 Panem
366 2607 488 2649 debere,
501 2618 621 2651 oerum,
633 2610 688 2651 850.
712 2611 838 2644 Heins.

127 2657 273 2692 Ursinus
288 2658 401 2692 edidit
415 2659 550 2692 Debere.
577 2659 694 2695 Schef.
728 2662 775 2695 Et
788 2662 839 2695 ita

130 2709 201 2743 Me.
216 2709 341 2745 Vomi.

171 2760 379 2807 Affinmvitl,
392 2761 463 2796 Ms.
477 2762 669 2806 adfirmavit.
699 2763 794 2798 Gud.

947 306 970 336 6
1016 304 1096 337 Ovis
1133 303 1297 346 damnata]
1347 303 1444 346 Lege
1482 303 1615 344 Quojus.

907 353 1032 387 Heius.

947 407 968 437 8
997 404 1090 446 Ovis]
1123 405 1327 437 Rectissime
1351 404 1515 438 Heinsius
1540 414 1616 437 cor-

905 455 997 488 rexit
1021 455 1169 494 Bidens5
1199 465 1278 487 nam
1304 455 1340 488 in
1363 455 1449 489 Cod.
1476 455 1615 488 Daniel.

902 506 976 539 sive
986 506 1154 539 Vossiano
1161 511 1215 539 est
1229 507 1613 548 Videmjwentemnud.

949 557 1207 600 ovisjacentem]
1238 558 1394 591 Scribam
1411 558 1520 591 verba
1536 559 1612 601 ipsa

902 609 984 641 nob.
1007 609 1145 642 Heinsii
1178 609 1221 641 ad
1253 619 1308 642 me
1343 609 1388 642 de
1418 610 1484 642 hoc
1514 610 1614 643 loco:

904 659 914 677 ‘
940 659 1006 692 Ille
1039 669 1157 700 versus
1185 660 1328 693 multum
1347 660 1421 702 jam
1453 660 1533 693 olim
1557 670 1614 694 me

902 711 1016 744 torsit.
1058 711 1144 745 Quis
1158 712 1248 744 enim
1267 711 1357 744 ferat
1370 712 1613 746 inconcinnam

901 763 1146 806 repetitionem
1171 764 1249 804 ovis,
1278 773 1356 797 cnm
1383 773 1426 796 ea
1446 773 1514 797 vox
1536 764 1612 805 jam

901 816 1135 857 praecesserit,
1156 819 1193 848 et
1208 815 1252 848 de
1276 825 1341 848 ove
1366 819 1490 858 pergat
1504 815 1612 849 verba

900 865 1017 899 facere
1042 866 1235 899 Phaedrus?
1259 866 1361 899 variis
1387 867 1503 910 itaque
1530 877 1611 900 con-

892 917 1041 959 jecturis
1068 927 1123 949 me
1149 917 1345 960 fatigatam,
1371 919 1462 961 quod
1494 923 1611 952 certus

898 978 1022 1010 essem,
1038 968 1245 1010 scripturam
1270 970 1443 1011 vulgatam
1465 979 1541 1002 esse
1558 970 1609 1001 in-

899 1020 1120 1061 terpolatam.
1163 1020 1233 1052 Sed
1249 1020 1338 1053 bene
1355 1021 1399 1053 sit
1414 1020 1611 1063 fragmento

897 1072 1007 1114 regio,
1019 1072 1112 1115 quod
1125 1073 1216 1105 inter
1231 1073 1337 1106 libros
1353 1074 1455 1106 Pauli
1468 1073 1609 1106 Petavii

897 1123 1037 1155 Lutetia
1061 1123 1248 1155 advectum
1276 1123 1313 1155 in
1352 1124 1483 1166 palatio
1507 1125 1609 1166 hujus

897 1172 1048 1205 civitatis
1081 1173 1163 1206 olim
1201 1173 1414 1207 servabatur.
1482 1175 1526 1207 In
1563 1184 1606 1207 eo

897 1223 1025 1256 diserte
1059 1228 1260 1258 exaratum:
1306 1225 1424 1258 Videris
1450 1225 1610 1266 ,iacentem

892 1277 1057 1319 prospexit
1068 1276 1203 1317 infoveo
1216 1279 1332 1319 lupum,
1356 1277 1439 1310 Noli
1449 1277 1609 1310 dubitare

894 1329 977 1372 quin
999 1329 1198 1362 Phaedrus·
1190 1340 1265 1372 lpse
1280 1330 1378 1363 nobis
1401 1330 1606 1374 reliquerit:

894 1380 1017 1413 Bidens
1040 1380 1203 1421 ,iacentem
1244 1382 1280 1414 in
1307 1381 1406 1421 fovea
1440 1382 1606 1424 prospexit

893 1435 1021 1476 lupum.-
1062 1435 1192 1475 Videris,
1221 1443 1286 1475 pro
1311 1433 1447 1474 Bidens,
1474 1433 1606 1465 solenni

893 1485 1114 1519 librariorum
1125 1495 1256 1519 errore.
1299 1485 1456 1518 Bidentes
1467 1495 1530 1527 pro
1538 1487 1604 1518 ovi-

894 1536 950 1569 bus
964 1537 1091 1579 passim
1107 1547 1128 1570 a
1153 1536 1267 1579 poetis
1280 1536 1362 1577 dici,
1376 1537 1452 1578 quis
1469 1537 1607 1570 nescit?

894 1587 939 1620 de
954 1597 1017 1620 usu
1029 1588 1103 1630 ejus
1119 1588 1211 1620 vocis
1226 1587 1365 1630 copiose
1381 1588 1607 1630 disputarunt

893 1638 935 1671 A.
950 1638 1086 1672 Gellius
1100 1642 1137 1671 et
1152 1637 1377 1671 Macrobius-²
1423 1638 1606 1682 Hactenus

893 1689 1072 1730 Heinsius,
1082 1689 1178 1732 cujus
1186 1688 1397 1722 sententiam
1408 1693 1482 1722 toto
1493 1689 1606 1723 animo

891 1740 1098 1782 amplector.
1164 1739 1242 1772 Nec
1289 1738 1446 1772 fraudari
1481 1740 1606 1774 debuit

892 1791 1003 1833 gloria
1018 1790 1150 1833 optime
1165 1791 1319 1823 restituti
1335 1791 1401 1823 loci
1413 1791 1465 1823 vir
1477 1791 1605 1824 doctis-

891 1842 996 1874 simus
1011 1851 1032 1874 a
1042 1842 1246 1884 Tanaquillo
1261 1841 1387 1883 Fabro,
1402 1842 1539 1885 quando
1555 1843 1606 1875 ita

890 1893 1014 1926 scribit
1029 1893 1063 1925 in
1079 1893 1171 1925 notis
1186 1892 1229 1924 ad
1245 1892 1434 1925 editionem
1450 1898 1604 1927 nostram
1614 1914 1628 1927 ,

890 1946 1063 1988 priorem:
1087 1946 1097 1964 ‘
1114 1945 1239 1978 Placet
1259 1944 1397 1976 omnino
1420 1944 1605 1977 Petaviani

890 1995 1019 2028 codicis
1034 1996 1151 2036 lectio,
1165 1994 1478 2034 Bidensjacentem!
1519 1996 1603 2028 Non

891 2050 946 2078 est
961 2046 1019 2078 illa
1047 2046 1154 2078 lectio
1177 2045 1361 2077 Petaviani
1386 2045 1527 2088 codicis,
1543 2046 1603 2079 sed

891 2096 971 2130 Nic.
994 2088 1149 2138 Heinsii,¹
1165 2099 1206 2128 ut
1228 2095 1368 2128 abunde
1394 2096 1500 2129 verba
1526 2098 1603 2139 ejus

889 2153 1096 2182 monstrant.
1142 2149 1261 2183 Quare
1272 2149 1330 2181 vel
1339 2158 1408 2181 non
1419 2149 1606 2192 diligenter

889 2199 973 2233 satis
1004 2208 1046 2231 ea
1074 2198 1227 2241 inspexit
1253 2199 1378 2241 Faber,
1416 2200 1471 2232 vel
1506 2199 1603 2234 facto

889 2260 1012 2293 parum
1033 2250 1200 2283 laudabili
1221 2250 1378 2283 mutavit.
1422 2250 1492 2284 Sed
1507 2255 1545 2285 et
1567 2252 1604 2286 in

888 2311 930 2334 eo
946 2301 1061 2335 Faber
1073 2300 1218 2343 fallitur,
1236 2301 1326 2343 quod
1338 2302 1505 2344 prospexit
1528 2313 1604 2346 pro,

887 2353 1061 2395 conspexit,
1077 2362 1197 2395 pamm
1223 2352 1280 2385 hic
1302 2352 1464 2386 Latinum
1488 2358 1604 2396 putat,

888 2405 1024 2449 quando
1047 2405 1058 2422 ⁴
1075 2414 1155 2447 quae
1171 2404 1206 2436 in
1221 2403 1324 2437 fovea
1347 2404 1450 2446 fiunt,
1467 2415 1510 2438 ea
1525 2415 1606 2438 con·

888 2456 974 2499 spici
998 2455 1138 2499 quidem
1162 2460 1317 2497 possunt,
1341 2455 1493 2498 prospici
1519 2466 1604 2490 vero

887 2507 978 2540 haud
1004 2516 1087 2539 sane
1114 2510 1257 2548 possunt
1269 2505 1291 2539 :'
1312 2516 1388 2549 quae
1418 2512 1498 2541 sunt
1529 2508 1603 2550 ejus

889 2558 1007 2592 verba.
1066 2558 1156 2591 Nam
1189 2567 1234 2589 ex
1271 2557 1420 2590 adverso
1447 2559 1605 2601 prospicit

887 2610 1091 2644 latinissime
1119 2608 1459 2651 elegantissimeque,
1474 2610 1534 2652 qui
1556 2620 1601 2643 ex

889 2661 1039 2696 editiore
1052 2662 1129 2693 loco
1145 2660 1261 2702 vergit
1277 2659 1397 2692 oculos
1411 2660 1446 2692 in
1458 2660 1601 2702 depres-

888 2715 1024 2748 siorem.
1063 2712 1273 2746 Claudianus
1288 2711 1323 2744 in
1341 2713 1486 2755 Eun-op.
1503 2714 1600 2746 Prae-

888 2764 953 2800 fat.
980 2764 1041 2799 lib.
1065 2774 1106 2798 11.
1153 2764 1163 2783 ‘
1194 2763 1431 2808 Prospectant
1455 2765 1598 2809 Paphias
