1806 3236
409 211 612 246 PHAEDR!
646 211 756 244 ms.
788 210 1093 246 AEsomARUM
1124 211 1224 245 ma.
1256 211 1290 245 1.
1321 199 1391 243 26.

171 310 271 348 dolas
284 313 421 347 tantum
435 315 513 344 arte
527 310 719 344 deluditur.
742 310 856 343 Bur-m.

210 365 418 404 mima
429 363 628 406 similijure]
647 363 804 404 Talione,
822 374 879 395 κα-

167 413 502 450 deba-varamus.
539 415 597 447 De
612 424 680 458 quo
690 415 774 457 jure
791 415 879 447 Rba-

166 467 322 502 damauti
333 466 497 510 antiquus
514 464 664 499 refertur
680 466 724 498 ab
749 465 880 498 Aristo-

170 519 374 553 oebversus
387 517 450 550 lib.
465 517 548 550 Eth.
576 516 651 550 Εἵκε
672 515 764 550 niem
786 515 830 549 τά
849 517 880 550 κ’

166 569 265 615 ἔραξε,
278 569 348 610 δίκη
363 569 442 604 ἰθεῖα
454 568 593 612 γένοιτο,
606 570 642 602 id
655 574 732 603 est:
749 570 789 603 Sa·
799 570 882 613 quie,

165 624 249 666 quod
270 623 368 664 fecit,
394 623 552 665 patiatur,
570 622 628 663 jus
653 623 718 655 erit
744 632 879 665 equum.

166 674 227 712 Ad
240 685 344 719 quam
370 674 498 708 faciem
516 675 728 716 Crinagor'as
745 681 880 717 quoque

169 725 358 769 Antholog.
373 735 425 759 lv.
450 726 594 769 scripsit
618 726 654 758 in
681 726 879 769 quendam:

167 776 330 812 Πέπονθας
341 776 382 810 οἷ’
395 776 509 820 ἔρεξας.
524 776 636 810 ἐσθλὸν
648 776 670 817 ἦ
683 777 763 816 δίκη.
785 777 873 811 Ritt.

172 856 173 860 ,
212 833 235 864 4
257 830 307 863 Ee
318 830 371 863 izei
383 830 420 863 in
430 833 550 873 patena
561 829 729 872 liquidam]
766 829 823 863 Ita
836 839 881 863 ex

167 881 281 916 veteri
298 882 423 916 codice
443 882 518 924 jam
541 879 735 915 Schefferus
761 885 799 914 et
822 881 882 915 alii

167 932 378 968 ediderunt:
399 933 543 977 quidam
558 933 726 976 priorum,
749 936 783 966 et
797 934 828 975 ei
842 933 882 966 li·

167 985 297 1027 quiden
309 985 344 1018 in
355 987 488 1028 poem.-
513 995 589 1029 quae
600 985 706 1018 lectio
721 994 799 1018 cum
812 986 880 1018 vim

169 1034 280 1070 faciat
294 1036 423 1078 versui,
449 1037 530 1071 Jac.
554 1035 755 1070 Gronovius
780 1036 882 1079 legit,

167 1088 203 1120 et
224 1087 256 1120 ei
281 1088 317 1120 in
336 1090 454 1130 patena
481 1087 658 1131 liquidam:
678 1098 747 1131 quo
769 1088 882 1128 adhuc

169 1137 295 1172 scaber
315 1139 424 1181 magis
449 1143 487 1172 et
515 1148 659 1172 mancus
684 1139 727 1172 fit
747 1149 883 1181 versus,

166 1189 234 1223 nisi
251 1193 404 1232 patenam
416 1190 605 1224 secundm
618 1182 786 1233 syllabam
801 1200 881 1234 pro-

167 1241 286 1283 ducit3
310 1241 402 1285 quod
425 1241 600 1275 didicerat
625 1241 717 1275 forte
743 1251 789 1274 ex
811 1241 882 1274 Gu-

166 1291 239 1327 liel.
248 1292 408 1336 Britoue,
421 1293 481 1337 qui
491 1293 551 1327 lib.
568 1302 627 1326 m.
639 1292 881 1336 Philippeidos

167 1346 257 1378 608.
289 1343 301 1363 ‘
313 1343 383 1376 Vix
398 1343 515 1377 obstat
525 1343 621 1378 ferro
635 1343 807 1378 fabricata
823 1354 882 1387 pa-

164 1401 251 1442 tena
262 1395 430 1430 recocto.'
442 1395 515 1429 Ubi
525 1395 594 1428 alia
602 1395 747 1429 adducit
758 1396 882 1430 Barth.

166 1448 266 1482 loca:
288 1452 328 1482 et
349 1448 503 1491 Congius
515 1449 552 1481 iu
565 1449 720 1482 Glossar.
738 1449 773 1481 iu
792 1453 883 1491 pate-

167 1509 232 1532 u:
253 1499 316 1533 sed
328 1500 387 1532 vix
401 1499 506 1533 credo
521 1499 642 1541 virum,
662 1500 768 1533 solius
793 1501 883 1534 anti-

167 1549 312 1592 quitatis
327 1549 528 1600 studiosum,
555 1550 643 1583 sein
664 1550 727 1583 has
742 1550 883 1584 inferio·

166 1601 216 1635 ris
231 1601 299 1635 ovi
312 1601 433 1635 sordes
447 1601 638 1635 demisisse.
659 1603 776 1636 Bam.

209 1651 381 1695 leq-idm
394 1652 430 1685 in
449 1655 570 1695 patena
585 1662 654 1695 pos.
667 1652 884 1697 sorbitionem]

165 1703 376 1737 Plutarchus
390 1703 604 1747 Symposiac.
618 1714 646 1738 1.
661 1704 774 1738 Ἔτνος
786 1716 820 1737 τι
833 1710 881 1738 λι-

111 1755 113 1757 ’
167 1753 278 1797 παρόν.
322 1754 366 1788 In
388 1754 521 1797 palm]
546 1755 775 1798 Plutarchus,
799 1757 883 1790 κατὰ

166 1805 426 1841 affirmetur.
440 1807 591 1840 Veteres
600 1807 735 1841 Glossae
745 1819 754 1841 ι
764 1807 882 1851 Amas,

165 1858 306 1901 Patella,
322 1859 460 1892 Putem.
483 1858 566 1901 Rig.

195 1909 559 1952 anats'naliquidam]
593 1909 744 1943 Ursinus
771 1910 881 1943 corri-

167 1961 231 2005 git,
243 1961 275 1994 ei
284 1962 435 2004 liquidum
448 1962 484 1994 in
496 1961 618 2003 puina.
662 1961 812 1994 Veteres
821 1962 881 1995 ha-

166 2012 334 2053 buerunt,
363 2015 395 2045 et
423 2012 455 2045 ei
485 2012 640 2054 liquidam
678 2012 715 2044 in
750 2015 880 2054 patena.

168 2062 365 2097 ‘Patenas'
386 2072 451 2105 pro
476 2062 600 2105 patinis
618 2062 721 2095 dixit
747 2072 883 2106 quoque

168 2114 376 2148 Columella.
428 2114 488 2147 sie
517 2114 608 2146 enim
636 2112 707 2156 legi
735 2114 771 2146 in
794 2114 881 2148 Cod.

167 2166 238 2200 Ms.
252 2170 335 2209 post
348 2164 522 2198 Budoeum
546 2164 655 2198 etiam
680 2164 882 2207 sylburgius

165 2217 318 2251 notavit.
345 2216 455 2257 Sem.
501 2216 731 2258 Rimicius,in
741 2216 882 2250 cuthina.

168 2268 260 2303 Nev.
302 2268 412 2311 Lege,
423 2268 461 2300 in
471 2270 588 2310 patena
602 2267 768 2309 liquidam.
806 2267 884 2300 Pri-

166 2329 226 2354 ma
245 2320 281 2354 in
293 2320 447 2363 liquidam
462 2319 645 2362 producta.
669 2318 786 2352 Heius.
821 2319 882 2352 Sic

163 2372 175 2391 ‘
189 2371 373 2406 Patenam'
388 2375 493 2405 vocat
506 2371 655 2411 alveum,
672 2370 707 2402 in
722 2379 791 2413 quo
807 2369 884 2403 hor-

167 2422 270 2457 deum
286 2422 384 2466 equis
398 2422 600 2466 apponitur,
619 2421 790 2465 vegetius
802 2421 881 2455 Art.

165 2473 326 2507 Veteriu.
340 2481 367 2507 1.
381 2475 438 2506 56.

210 2524 349 2566 Pati-a]
372 2524 413 2557 In
429 2527 578 2566 utroque
594 2521 726 2556 Codice
740 2526 883 2557 vetusto

170 2581 226 2611 est
248 2579 381 2619 patena,
408 2574 579 2618 quomodo
605 2578 747 2607 veteres
773 2574 883 2617 scrip·

170 2627 256 2661 sisse
270 2637 315 2660 ex
330 2626 406 2660 aliis
421 2625 600 2660 codicibus
615 2625 704 2658 Mss.
721 2630 881 2668 apparet.

169 2678 226 2714 Ex
251 2677 454 2711 Columellae
477 2676 548 2709 Ms.
571 2676 636 2709 boc
659 2676 882 2718 Sylburgium

169 2734 252 2773 post
266 2730 437 2764 Budaeum
452 2734 593 2762 notasse
609 2729 659 2762 ait
673 2727 883 2762 Schefferus.

171 2782 230 2816 Ita
255 2781 290 2814 in
315 2781 467 2815 Kalend.
492 2782 593 2814 Rust.
614 2780 625 2799 ‘
640 2780 778 2814 Dolea'
808 2790 884 2823 pro,

173 2831 304 2873 Dolia;
347 2832 398 2866 ita
434 2831 570 2865 ‘Viniae
583 2831 593 2846 ’
625 2841 702 2875 pro,
732 2831 881 2865 Vineae:

1550 198 1637 242 411

925 313 936 332 ‘
948 311 1122 346 Hordiar'
1145 321 1223 355 pro,
1249 309 1424 352 Hordear,
1441 308 1526 343 ibid.
1549 313 1588 344 et
1601 309 1638 342 iu

926 367 1069 410 antiquo
1083 366 1150 400 alio
1165 375 1349 406 marmore,
1369 366 1382 384 ‘
1393 364 1545 398 Deanae’
1560 374 1638 407 pro,

926 418 1072 459 Dianam
1095 418 1146 451 ita
1157 418 1242 451 etin
1257 416 1491 450 vetustissimo
1509 415 1641 449 Codice

926 469 1147 511 Divionensi,
1162 468 1342 512 quadratis
1356 467 1467 502 literis
1479 471 1639 508 exarato,

927 530 996 564 quo
1032 520 1285 564 epigrammata
1319 522 1442 552 vetera
1479 517 1640 561 quaedam

927 570 1327 615 comprehendebantur,
1360 570 1509 612 legitur:
1540 568 1642 601 ‘Ful-

928 627 988 666 get
1003 623 1093 656 etin
1116 621 1285 656 Pateuis!
1331 621 1436 656 Quod
1459 620 1642 663 Epigram-

928 684 986 708 ma
1013 674 1118 707 etiam
1146 673 1281 706 editum
1307 676 1361 705 est
1386 668 1426 704 in'
1451 671 1643 705 Catalectis

929 726 992 760 lib.
1019 735 1073 759 iv.
1103 725 1262 760 Glossae:
1299 722 1450 763 ‘Aoos-&53
1489 721 1640 765 patena!

930 776 1030 810 Idem
1042 776 1164 809 docuit
1174 775 1319 809 Salmas.
1341 773 1385 807 ad
1401 773 1550 806 Pollion.
1561 772 1644 806 Gal·

930 828 1011 862 lien.
1025 837 1102 871 cap.
1114 830 1154 872 1κ
1175 828 1223 860 Et
1233 825 1358 860 Claud.
1374 828 1427 858 17.
1444 829 1481 858 et
1495 825 1545 857 ita
1560 823 1643 857 scri·

931 879 1082 912 bendum
1118 878 1251 912 iudicat
1280 876 1523 910 diminutivum
1556 873 1638 908 inde

930 930 1145 964 descendens
1157 930 1169 948 ‘
1179 928 1335 972 patella!
1360 928 1446 961 Gud.

972 982 1157 1025 Liquidum]
1168 981 1337 1015 Abundat
1347 980 1541 1022 eleganter,
1552 977 1644 1021 quia,

929 1033 1016 1067 licet
1032 1034 1143 1067 omnis
1166 1032 1299 1076 liquida
1317 1031 1364 1064 sit
1387 1030 1546 1072 sorbitio,
1565 1030 1643 1062 haec

931 1088 1048 1118 tamen
1072 1084 1140 1117 fuit
1168 1084 1332 1125 maxime,
1359 1092 1469 1125 eoque
1484 1081 1554 1114 fine
1569 1081 1643 1114 vul-

930 1145 992 1179 pes
1007 1136 1117 1179 ipsam
1134 1135 1310 1178 apposuit.
1334 1133 1443 1174 Schef.

973 1191 994 1220 5
1033 1186 1196 1228 Posuisse]
1234 1185 1386 1228 Proprie
1421 1184 1466 1217 de
1491 1183 1646 1226 ferculis,

930 1239 953 1273 i.
968 1249 999 1273 e.
1025 1238 1246 1282 apposuisse3
1269 1237 1321 1269 ita
1346 1235 1440 1268 infra
1468 1235 1530 1268 lib.
1555 1244 1590 1268 v.
1609 1239 1644 1268 5.

930 1289 1036 1324 Ovid.
1051 1291 1147 1323 Fast.
1170 1289 1232 1322 lib.
1246 1297 1300 1321 ιν.
1322 1288 1333 1306 ‘
1347 1288 1433 1320 Mox
1448 1287 1569 1328 epulas
1584 1296 1647 1328 po-

929 1346 1029 1384 nunt,
1038 1339 1230 1384 liquefacta
1240 1339 1386 1381 coagula
1395 1337 1512 1371 laete:
1526 1335 1645 1378 Adde,

931 1404 1009 1438 quae
1038 1392 1234 1426 notavimus
1262 1400 1331 1424 non
1359 1390 1410 1423 ita
1436 1389 1571 1432 pridem
1600 1389 1646 1421 ad

929 1445 1089 1479 Petronii
1125 1443 1357 1486 fragmentum
1391 1439 1645 1482 Tragurianum

930 1509 1012 1542 pag.
1023 1501 1076 1531 12.
1098 1496 1206 1535 Sches.
1237 1494 1329 1527 Vide
1344 1493 1475 1526 Heins.-
1484 1492 1527 1525 ad
1540 1492 1645 1525 Ovid.

933 1549 1011 1582 Art.
1033 1548 1182 1582 Amand.
1207 1557 1235 1580 1.
1258 1549 1337 1579 231.
1358 1549 1396 1578 et
1418 1543 1574 1577 Servium
1599 1542 1645 1575 ad

929 1600 1028 1642 Virg.
1045 1601 1120 1633 AEn.
1133 1608 1159 1632 1.
1174 1601 1253 1632 706.

975 1649 1206 1691 Sorbitionem]
1237 1647 1377 1681 Sorbieio
1397 1655 1462 1689 pro
1485 1654 1527 1677 eo
1553 1643 1645 1687 quod

930 1704 1102 1737 sorbetur.
1147 1702 1190 1736 Iu
1218 1700 1418 1735 Glossario:
1454 1696 1647 1738 “Pompam

929 1752 1297 1796 sorbicina‚sorbitio.’
1341 1751 1483 1784 Persius
1498 1750 1569 1782 Sat.
1593 1757 1647 1781 iv.

929 1810 963 1842 2.
990 1807 1035 1840 de
1045 1807 1213 1840 Socrate:
1236 1805 1247 1823 ⁴
1260 1803 1413 1837 Sorbitio
1428 1802 1531 1835 tollet
1543 1810 1647 1843 quem

930 1859 1007 1891 dira
1043 1856 1192 1891 cicutae.’
1259 1854 1423 1889 Caecilius
1445 1851 1645 1895 Hymnide:

929 1910 941 1930 ⁴
957 1911 1039 1943 Sine
1054 1919 1150 1942 suam
1164 1911 1382 1942 senectutem
1406 1903 1647 1946 ducatssutique

931 1963 976 1995 ad
1017 1962 1152 1995 senium
1190 1959 1336 1993 sorbitio
1347 1957 1381 1999 ;'‘
1423 1956 1484 1989 ubi
1517 1955 1649 1988 sorbitio

932 2013 1041 2047 ἅπλῶς
1057 2022 1121 2055 pro
1132 2013 1257 2044 haustu
1271 2010 1413 2051 cicutae,
1425 2010 1570 2040 notante
1582 2006 1648 2039 Ca·

931 2064 1085 2097 saubono
1113 2063 1157 2095 ad
1195 2062 1230 2095 d.
1259 2062 1286 2093 1.
1323 2059 1450 2092 Persii.
1502 2057 1650 2090 Plautus

932 2115 1131 2148 Pseudolo:
1161 2113 1278 2148 ‘Quia
1307 2111 1496 2144 sorbitione
1520 2108 1647 2142 faciam

932 2176 999 2209 ego
1011 2170 1048 2199 te
1064 2165 1166 2198 hodle
1181 2174 1272 2205 mea,
1288 2164 1371 2196 item
1390 2167 1427 2194 ut
1435 2160 1566 2194 Medea
1579 2161 1649 2193 Pe-

932 2219 1015 2252 liam
1031 2217 1195 2251 concoxit
1206 2216 1346 2249 senem?
1389 2214 1581 2248 Columella
1594 2222 1648 2247 vx.

933 2273 967 2304 9.
990 2270 1000 2289 ‘
1014 2270 1193 2312 Factaque
1213 2267 1360 2300 sorbitio
1383 2275 1447 2308 per
1474 2275 1584 2298 cornu
1599 2265 1649 2297 in-

933 2319 1118 2354 funditur.’
1164 2318 1356 2352 Sorbitionis
1371 2320 1546 2359 praeterea
1559 2325 1646 2349 voce

932 2372 985 2404 usi
1011 2375 1093 2404 sunt
1116 2368 1317 2402 Scribonius
1343 2368 1476 2410 Largus
1499 2367 1649 2409 Compo-

932 2423 1097 2456 sitionum
1123 2420 1339 2454 Medicarum
1364 2428 1441 2461 cap.
1461 2421 1518 2451 62.
1541 2421 1577 2450 et
1592 2421 1647 2451 5⁴.

933 2478 970 2507 et
986 2474 1109 2507 Celsus
1136 2472 1196 2505 lib.
1209 2481 1251 2504 11.
1276 2473 1333 2503 26.
1356 2474 1393 2502 et
1413 2472 1468 2502 30.
1496 2472 1534 2502 et
1554 2468 1649 2502 alibi.

932 2525 944 2543 ‘
958 2523 1108 2567 Liquida
1125 2521 1281 2556 sorbitio'
1309 2520 1438 2563 legitur
1464 2519 1558 2562 apud
1581 2519 1648 2552 Ca-

934 2580 1052 2609 tonem
1068 2575 1113 2608 de
1124 2575 1166 2608 R.
1184 2574 1227 2606 R.
1241 2573 1297 2606 tit.
1311 2580 1422 2605 cnvn.
1444 2571 1553 2604 Axen.

981 2628 1086 2665 Quam
1099 2627 1186 2659 nullo
1201 2627 1290 2658 modo
1301 2625 1442 2657 Gustare
1463 2633 1545 2656 esur.
1564 2622 1649 2666 pot]

933 2678 1166 2724 Eliitarchus:
1190 2674 1342 2717 Ἐξέφνγε
1355 2674 1418 2717 γὰρ
1440 2674 1586 2717 ὑγράν-ηπ
1610 2673 1650 2707 τὸ

934 2727 1021 2762 ἔτνος
1035 2728 1094 2767 τὴν
1107 2725 1288 2766 λεπτότητα
1300 2726 1357 2758 τοῦ
1370 2725 1526 2766 στόματος
1539 2724 1649 2765 “irris-

935 2780 1017 2820 Εἰς.

983 2828 1187 2870 Revocasset]
1211 2826 1372 2861 Vicissim
1388 2829 1559 2860 vocasset.
1575 2826 1648 2860 No-
