1806 3236
367 252 570 286 ramniu
606 250 714 283 mu.
747 248 1052 283 AEsormnun
1088 248 1183 280 121ss.
1218 248 1268 279 11.
1300 239 1342 281 5.

117 359 186 396 que
199 348 361 395 platanis.
394 346 486 381 Vide
513 347 620 380 Hier.
638 345 831 380 Mercuria-

115 401 295 438 leuArt.
317 400 449 444 Gymn,
462 398 522 432 lib.
550 407 576 431 1.
605 408 636 431 c.
659 401 692 431 9.
723 396 831 436 Schef.

115 453 306 489 vmoelia.
322 446 391 495 Ep.
418 450 479 485 lib.
504 459 541 483 v.
568 453 601 490 6.
638 450 685 482 Et
708 448 832 481 Senee.

117 505 186 552 Ep,
201 506 256 539 δῦ.
278 502 397 537 fletae.

157 559 200 590 19
222 552 413 596 filu-inem]
460 553 677 595 Eleganter3
717 551 832 584 innuit

114 611 366 650 contemptum.
410 605 502 638 Vide
518 603 578 649 inf.
595 604 655 636 lib.
675 611 734 636 ιιι.
751 611 782 635 c.
798 604 831 635 4.

113 660 254 693 Terent.
277 658 367 691 Eun.
394 667 427 690 a.
453 665 494 689 ιι.
510 665 559 689 sc.
577 658 611 688 2.
650 655 660 674 ‘
679 654 750 687 Hie
767 662 834 696 ego

113 710 211 745 illum
225 709 422 756 contempsi
449 718 523 751 prae
549 717 616 740 me.
654 705 761 747 Quid,
777 706 834 738 bo-

114 772 184 805 mo,
221 762 374 805 inquam,
416 755 676 803 ignavissime?
723 756 834 798 Schef.

115 814 200 848 Non
226 817 315 856 puto
341 812 399 845 hie
428 814 642 844 contemtum
675 807 835 849 indicari,

115 873 196 898 cum
211 863 341 906 sepius
354 862 405 896 ita
419 861 590 895 Phaedrus
617 863 722 892 vocet
742 868 835 900 eum,

116 915 162 949 de
173 924 245 960 qno
254 915 291 948 iu
305 913 424 948 fabula
438 913 497 946 illa
511 912 597 954 agit.
631 911 716 953 Snp.
732 919 776 943 ιι.
802 912 834 942 1.

116 971 154 1001 et
167 970 200 1001 2.
214 966 274 1000 ubi
288 960 395 1000 etism
410 969 534 1008 captat
559 962 735 1004 singulare
753 960 835 1003 qnid

117 1018 340 1054 senecen-us:
378 1026 430 1051 xv.
453 1018 508 1050 21.
545 1020 584 1048 et
614 1014 709 1047 alibi.
753 1013 834 1046 Vid.

116 1072 256 1106 Manat.
269 1070 315 1104 ad
327 1064 443 1104 Cicer.
455 1069 541 1102 Ver.
558 1076 583 1101 ι.
597 1068 653 1100 26.
678 1070 715 1098 et
731 1064 831 1098 Fam.

116 1132 144 1156 1.
159 1124 193 1157 2.
219 1122 340 1156 Vorst.
366 1121 412 1154 sd
433 1118 511 1153 val.
536 1119 635 1152 Max.
661 1126 718 1150 111.
746 1119 779 1149 1.
803 1118 836 1149 2.

117 1174 234 1208 Bm

160 1227 204 1259 20
213 1224 259 1258 la·
267 1226 305 1257 sl
315 1221 454 1266 pue-ou,
462 1218 540 1265 §303
547 1220 606 1254 Ita
619 1219 836 1253 constituen-

117 1276 181 1311 dus
194 1276 254 1310 hie
269 1275 390 1309 rocus:
407 1273 452 1306 Id
461 1263 502 1306 αι’
511 1271 638 1315 putavit
653 1280 718 1303 esse
732 1270 836 1302 nescio

116 1327 197 1371 quid
207 1326 302 1360 M:
322 1325 430 1366 Heus,
451 1323 568 1367 inquit,
591 1322 735 1355 domnus
745 1331 759 1361 ,-
781 1321 836 1353 ille

117 1378 276 1412 emo
290 1376 432 1418 duim,
447 1373 641 1408 Donationis
655 1374 760 1407 alacer
770 1382 836 1406 cer-

118 1432 165 1463 2ae
184 1428 315 1472 ,ιι-ευ.
357 1428 448 1461 m
470 1427 517 1460 use
545 1416 649 1459 mae..
675 1428 724 1459 eat
751 1425 837 1458 omn

92 1489 101 1496 ·
118 1480 270 1522 W
295 1478 405 1512 duda
442 1479 551 1512 Mo
573 1479 708 1520 majores
736 1478 838 1519 alapa·

119 1540 241 1565 neom
265 1534 413 1564 mant.
457 1529 527 1563 Sed
550 1529 586 1561 in
610 1538 713 1561 versu
731 1528 838 1561 tertio

120 1582 306 1625 legendnm
318 1584 391 1615 est:
408 1580 617 1621 Donationis,
631 1579 733 1621 alapoe
743 1581 839 1620 certe,

117 1633 249 1676 gaudio.
295 1632 450 1666 Detritis
470 1636 509 1665 et
523 1630 739 1673 fugientibus
757 1629 839 1661 dua-

122 1687 187 1719 bus
214 1684 364 1718 literulis
389 1684 484 1717 vocis
522 1684 639 1724 alapa»,
662 1682 839 1715 Librarius

121 1737 218 1770 rudis
248 1735 430 1779 sequentis
460 1734 555 1768 vocis
581 1737 666 1766 certe
693 1733 839 1775 primam

119 1787 288 1832 syllabam
304 1785 546 1830 geminandam
572 1794 648 1817 esse
672 1783 839 1824 credidit,

121 1839 214 1885 quod
226 1837 311 1872 alibi
333 1839 368 1870 in
389 1836 600 1870 membranis
616 1840 687 1868 tum
704 1839 839 1875 tempo-

121 1893 171 1925 ris
184 1900 280 1934 saepe
306 1889 383 1923 lieri
405 1892 564 1922 noverat.
607 1887 726 1919 Alam
739 1889 838 1924 certe,

121 1944 184 1988 qni
195 1950 297 1976 aures
310 1945 468 1975 veterum
484 1939 639 1973 lectione
656 1938 839 1980 poetarum

121 1995 224 2028 tritas
238 1993 382 2034 habent,
396 1992 440 2025 ob
456 1991 579 2023 diuam
595 2000 636 2023 ac
652 1991 839 2022 latrantem

122 2045 217 2078 illam
233 2043 389 2086 ejusdem
411 2040 556 2084 syllabae
579 2040 839 2083 repetitionem,

123 2094 216 2128 ferre
239 2102 308 2126 non
323 2096 502 2135 poterunt.
547 2091 603 2124 Sic
626 2091 734 2133 periit
756 2100 840 2132 quo·

123 2156 192 2190 qne
217 2145 339 2179 ultima
357 2143 493 2186 syllaba
522 2142 558 2175 in
584 2141 744 2175 Remensi
769 2142 839 2175 Mn.

124 2198 184 2231 lib.
208 2206 261 2231 ιν.
289 2195 361 2229 fab.
383 2198 417 2228 6.
441 2196 452 2214 ‘
466 2194 567 2227 Seele
592 2192 757 2234 Medeae:
775 2202 840 2236 pro

125 2249 270 2282 Scelere.-
292 2252 330 2281 et
355 2247 417 2279 lib.
443 2254 496 2279 ιν.
524 2244 595 2277 fab.
617 2246 671 2277 19.
697 2245 707 2262 ‘
724 2243 841 2278 Quod-

125 2299 295 2340 ventnm,’
324 2307 388 2341 pro
422 2297 551 2335 Quodve
578 2297 713 2328 tantum.
770 2293 840 2326 Sed

127 2352 220 2397 quod
236 2351 414 2386 Librarius
433 2348 590 2392 plurimis
603 2348 636 2379 in
652 2346 738 2379 locis
753 2346 841 2388 aliis,

128 2407 170 2438 dt
195 2404 231 2437 in
257 2403 356 2435 bisce
381 2401 474 2434 notis
511 2397 736 2439 ostendimus,
763 2406 839 2439 per-

126 2462 230 2501 qum
249 2454 442 2487 oscitanter
464 2450 632 2493 neglexit,
652 2449 717 2482 boc
741 2449 840 2491 inop-

125 2514 278 2551 portuno
298 2507 376 2538 loco
392 2503 508 2537 faeere
530 2505 584 2535 est
607 2511 711 2534 ansus
732 2499 841 2533 infeli·

127 2559 230 2593 niter.
255 2559 312 2591 Sic
328 2565 434 2599 snpra
449 2555 510 2588 lib.
526 2563 551 2586 1.
565 2553 637 2587 fab.
653 2556 708 2586 28.
725 2554 736 2571 ‘
751 2551 839 2585 Inri-

123 2613 184 2644 101
208 2609 366 2644 ostendit
396 2606 517 2645 dolos‚'
546 2605 709 2647 scripsit;
760 2612 839 2636 enm

127 2660 311 2695 miseste
327 2660 395 2702 legi
412 2659 539 2691 debeat
555 2657 670 2690 tendit.
704 2657 757 2688 Ex
774 2656 839 2689 boc

129 2710 345 2747 fflo'natnm
362 2716 416 2745 est
431 2710 516 2743 illud
533 2707 708 2741 horridum
727 2709 839 2741 alacer.

129 2764 254 2796 seusus
267 2768 384 2796 autem
411 2767 478 2802 est,
504 2760 690 2794 atriensem
715 2759 840 2800 gaudio

133 2815 281 2848 astitisse
293 2816 503 2865 donationis,
514 2816 556 2849 ad
570 2815 746 2847 minimum
759 2823 840 2846 vero

131 2866 302 2900 libertatis
316 2867 490 2907 dationem
507 2876 675 2910 sperasse:
699 2866 757 2898 Sic
773 2866 840 2898 ele·

1505 237 1591 280 451

883 350 1023 388 gauter,
1037 348 1135 386 ceree,
1151 352 1229 388 pro,
1249 343 1293 378 ad
1316 342 1508 386 minimum,
1520 355 1599 386 pom·

883 398 912 431 le
938 399 1049 431 moins.
1091 396 1299 431 Terentius:
1325 397 1336 416 ‘
1355 397 1451 430 Nihil
1466 406 1601 440 promo-

883 449 975 482 veris
989 451 1155 490 multnm;
1177 450 1342 482 molestus
1365 453 1463 482 certe
1480 448 1512 481 ei
1526 447 1601 481 fue-

884 502 944 534 ro.'
1000 496 1147 535 Cicero:
1186 503 1196 522 ⁴
1216 502 1285 535 Res
1310 500 1461 535 sortasse
1491 510 1600 542 verae,

884 559 982 588 certe
999 554 1147 597 graves?
1183 555 1231 588 Et
1254 564 1312 597 ep.
1339 553 1384 587 ad
1412 553 1533 587 Famil.
1548 563 1600 586 xv.

885 608 938 641 14.
963 608 973 625 ⁴
990 607 1048 639 Sic
1065 606 1172 640 velim
1188 606 1344 650 jfflices,
1369 614 1437 648 me,
1463 605 1603 649 quibus-

883 667 1031 701 cumque
1058 657 1163 691 rebus
1191 667 1278 700 opus
1303 666 1381 690 esse
1403 656 1604 699 intelligam,

885 719 1093 753 quamquam
1109 708 1342 752 videam,qnis
1358 708 1423 741 sim
1438 708 1504 741 hoc
1517 713 1604 741 tem-

885 771 983 804 pore,
996 765 1033 795 et
1047 761 1130 806 qnid
1146 761 1288 805 possim,
1303 770 1414 804 opera
1433 763 1550 793 tamen
1566 765 1604 793 et

884 813 1045 857 consilio,
1081 813 1196 847 studio
1228 812 1368 857 quidem
1399 816 1511 852 certe,
1539 811 1606 853 rei,

884 863 999 907 famae,
1029 865 1133 898 saluti
1163 869 1235 898 tuae
1265 868 1395 907 praesto
1425 861 1604 896 futurum:

885 916 1056 951 Phaedrus
1082 917 1158 959 ipse
1183 915 1243 950 lib.
1259 924 1292 948 v.
1314 913 1386 949 fab.
1400 918 1434 948 5.
1457 914 1469 933 ‘
1483 914 1518 947 Si
1535 921 1604 947 non

883 969 1074 1011 ingenium,
1084 972 1183 1002 certe
1201 967 1411 1000 brevitatem
1426 964 1604 1009 adprobo?

883 1019 927 1053 In
942 1021 1011 1053 Με.
1027 1029 1110 1052 vero
1138 1023 1234 1052 totns
1259 1018 1356 1052 locus
1380 1018 1431 1051 ita
1451 1018 1605 1060 legitur:

887 1071 1105 1114 Coesuremque
1125 1070 1296 1112 intelligit.
1338 1070 1384 1103 Ut
1397 1070 1525 1112 putavit
1539 1079 1607 1102 esse

885 1123 987 1156 nescio
1011 1123 1088 1165 quid
1115 1122 1209 1161 lumi,-
1235 1122 1353 1155 Heus!
1377 1122 1483 1163 inquit
1505 1121 1606 1154 dumi-

885 1184 966 1213 nus,·
997 1175 1052 1207 ille
1078 1174 1235 1207 enimvero
1269 1174 1382 1206 adsilit
1410 1173 1608 1207 Donationis

885 1226 988 1258 alacer
1001 1228 1085 1258 certe
1095 1225 1227 1266 gaudio.
1268 1225 1348 1258 Tum
1368 1225 1415 1257 sic
1427 1225 1538 1265 ¹§actaea
1559 1228 1606 1257 est

885 1280 977 1309 tanta
988 1276 1138 1316 majestas
1145 1275 1252 1308 ducis.-
1268 1277 1340 1308 Non
1351 1276 1486 1308 multum
1495 1275 1607 1317 egisti,

885 1332 918 1361 et
931 1335 1026 1370 opera
1039 1327 1228 1369 nequiquam
1241 1326 1340 1369 perit,
1353 1326 1462 1359 Multo
1474 1327 1607 1367 mqjores

885 1380 987 1423 alapoe
1024 1388 1143 1411 mecum
1172 1381 1336 1412 tener-unt.
1397 1378 1609 1421 Nequiquam,

887 1435 996 1463 recte.
1025 1430 1069 1463 V.
1095 1434 1196 1463 notas
1224 1429 1393 1472 Scioppii.
1421 1430 1580 1463 Venerunt
1594 1442 1607 1469 ,-

887 1483 936 1515 ita
949 1482 1036 1525 legit
1060 1482 1261 1523 Salmasius,
1284 1481 1376 1524 quod
1392 1481 1476 1514 alibi
1491 1486 1607 1514 osten-

887 1533 983 1566 disse
997 1542 1034 1566 se
1049 1537 1150 1566 notat
1162 1533 1205 1565 ad
1222 1542 1320 1564 oram
1336 1531 1425 1566 libri.
1474 1531 1563 1564 Gud-

933 1584 975 1617 la
1002 1587 1039 1617 ut
1066 1583 1210 1626 putavit]
1233 1583 1380 1626 Rigaltii
1396 1583 1506 1616 editio
1529 1593 1607 1625 pos-

889 1641 1003 1668 trema
1029 1640 1066 1668 et
1087 1636 1192 1676 hunc,
1215 1640 1252 1668 et
1276 1635 1433 1677 tertium,
1452 1639 1489 1668 et
1511 1636 1608 1678 qnin-

891 1692 963 1719 tum
989 1686 1259 1730 subsequentem
1300 1696 1438 1719 versum
1480 1686 1609 1728 omisit,

889 1739 1051 1781 exemplo
1066 1747 1189 1780 parum
1216 1737 1394 1779 laudabili,
1408 1741 1448 1770 ut
1473 1737 1608 1779 opinor.

888 1790 982 1823 Illud
997 1790 1127 1832 putavit
1143 1789 1307 1822 existimo
1333 1789 1377 1821 de
1401 1788 1544 1821 atriensi
1557 1789 1610 1820 in-

889 1841 1127 1884 telligendum,
1144 1845 1183 1874 ut
1199 1841 1244 1874 sit
1271 1850 1393 1873 sensus
1409 1851 1419 1872 τ
1455 1840 1547 1872 Dum
1564 1849 1609 1872 ex

887 1896 999 1936 vultu,
1013 1899 1074 1927 aut
1089 1904 1229 1937 quoquo
1253 1893 1403 1936 denique
1418 1892 1519 1925 modo
1535 1893 1609 1925 ani-

889 1946 1078 1978 madvertit
1091 1944 1264 1985 atriensis,
1286 1944 1463 1976 Caesarem
1480 1943 1608 1975 intelli-

889 2006 973 2039 gere
990 1996 1186 2028 institutum
1202 2004 1313 2037 snum,
1333 1998 1474 2036 putasse
1491 1993 1608 2026 nescio

889 2046 973 2091 quid
998 2047 1080 2080 boni
1104 2047 1148 2079 ab
1172 2056 1215 2078 eo
1241 2044 1500 2087 expectandum
1530 2044 1608 2077 sibi.

891 2098 1035 2132 Interea
1072 2097 1208 2130 nomine
1242 2096 1449 2129 advocatum
1489 2106 1564 2129 esse
1589 2106 1609 2128 a

891 2151 1042 2183 Caesare.
1089 2150 1182 2191 Ergo
1220 2148 1360 2190 plenum
1392 2147 1533 2190 gaudio,
1561 2147 1608 2180 ob

891 2201 1057 2234 formatas
1074 2200 1150 2232 illas
1171 2199 1268 2242 prius
1292 2198 1407 2231 animo
1430 2208 1511 2240 spes
1537 2199 1608 2231 nm‘-

890 2252 1061 2294 plissimas
1085 2250 1288 2292 accurrisse,
1314 2259 1431 2282 verum
1449 2250 1608 2283 retulisse

891 2304 986 2341 nibil,
1018 2308 1150 2345 praeter
1173 2302 1268 2344 joca.
1306 2299 1413 2341 Schef.
1460 2301 1501 2334 Id
1539 2310 1607 2333 non

889 2355 996 2388 babet
1010 2355 1053 2389 V.
1069 2354 1109 2387 C.
1126 2353 1219 2386 Pith.
1255 2353 1362 2386 Forte
1376 2363 1385 2384 ε
1411 2352 1484 2385 Sibi
1498 2356 1535 2386 ut
1548 2354 1609 2387 im-

888 2407 1009 2450 putari,
1025 2410 1054 2440 et
1079 2416 1143 2439 esse
1158 2405 1260 2438 nescio
1274 2405 1348 2447 quid
1363 2403 1436 2446 boli,
1459 2405 1514 2436 vel
1529 2405 1606 2437 doli.

890 2459 1014 2492 Heius.

938 2511 983 2543 Ut
997 2509 1121 2553 putavit
1136 2519 1201 2542 esse
1215 2509 1318 2541 nescio
1332 2507 1408 2550 quid
1424 2505 1514 2548 boni]
1547 2506 1606 2540 Ita

889 2562 934 2596 V.
950 2562 991 2595 C.
1015 2560 1207 2594 Turbatum
1234 2564 1347 2591 autem
1364 2558 1456 2591 hunc
1473 2567 1605 2591 versum

890 2618 976 2656 puto
1003 2613 1054 2646 sic
1080 2610 1351 2645 restituendum:
1383 2609 1538 2652 Agnoscit
1553 2609 1607 2641 Ιιο-

888 2667 1004 2700 minem
1021 2666 1144 2706 Caesar,
1157 2673 1282 2706 remque
1304 2662 1467 2703 intelligit.
1507 2661 1610 2703 Heus,

888 2718 993 2761 inquit
1020 2717 1214 2759 §Dominum
1258 2715 1312 2747 ille
1341 2714 1496 2747 enimvero
1522 2713 1606 2746 adsi-

890 2770 927 2802 lit
939 2780 952 2807 ;
993 2769 1037 2801 Et
1058 2768 1186 2810 putavit
1208 2776 1272 2798 esse
1297 2766 1402 2798 nescio
1426 2765 1503 2807 quid
1526 2764 1610 2805 boni,

891 2820 1086 2854 Donationis
1115 2821 1220 2852 alacer
1249 2820 1345 2850 certoe
1371 2817 1491 2858 gaudio
1503 2826 1515 2855 ‚·
1551 2817 1606 2858 ξε.

893 2873 971 2915 Rig.
