1806 3236
424 221 626 255 mamm
659 219 770 253 mn.
801 219 1111 254 assemanum
1142 221 1238 254 mn.
1271 221 1326 254 11.
1358 212 1403 254 4.

177 318 351 363 alme
371 316 486 350 dlxltt
519 316 531 336 ‘
547 316 684 360 Aquam
707 316 798 349 enim
824 326 889 359 per

181 374 292 404 ton-
319 368 413 403 diem
439 371 658 411 exceperunt
685 368 890 401 tenuissima

180 417 329 455 eivei’nd
344 418 579 452 defluentem!
612 419 695 460 Rig.

174 495 177 499 -
214 470 346 513 istm]
368 471 576 504 Msmancta.
601 470 694 504 Gud.

218 524 240 555 8
264 518 330 555 Sin
341 521 479 555 nemos-is
491 521 628 564 cultrix]
659 521 766 554 Forte
789 530 891 554 nemo-

173 573 325 608 Wrioe
338 582 405 606 una
418 582 505 606 voce
519 572 731 615 composita:
755 576 796 606 nt
810 582 891 605 mox

152 622 338 668 -fibfseq,
359 624 370 643 ‘
384 623 595 657 Alticinctos
621 623 806 655 atrienses'
833 623 891 655 ha·

167 673 344 709 bebimus.
400 674 460 707 Sic
501 674 659 707 Catullus
696 673 890 707 Galliambo

171 725 409 759 damarim·
437 734 563 757 cervam
592 728 629 757 et
653 725 891 765 nevum-ivagum

175 786 289 819 «prm
303 775 416 809 dixit:
441 776 451 794 ‘
467 775 537 807 Ubi
549 776 662 808 Cerva
674 775 891 814 silvicultrix,

175 827 235 860 ubi
247 835 331 869 aper
338 825 604 868 nemorivngus:
645 825 775 858 Similis
788 825 891 867 plane

176 876 423 911 estillaPnblii
431 875 664 918 Mimographi
673 875 890 917 compositio,

175 937 246 972 qua
261 926 404 960 OEconia
426 923 492 969 ipsi
511 926 750 968 pietaticultrix
763 926 800 957 in
815 935 890 958 ver-

173 978 272 1011 sibus
295 978 496 1020 elegantiss.
520 986 605 1019 quos
631 977 752 1009 retulit
768 977 890 1009 Petro-

176 1030 254 1063 nius
280 1029 317 1062 in
354 1029 539 1072 Satyrion:
575 1029 587 1048 ‘
604 1029 749 1061 Ciconia
784 1029 890 1061 etiam

174 1084 288 1123 grata,
300 1080 495 1122 peregrina,
515 1079 670 1122 hospita,
683 1080 890 1112 Pietaticul·

176 1130 260 1173 trix,
271 1131 470 1173 gracilipes,
481 1130 704 1171 crotalistria,
713 1129 799 1162 Avis
809 1130 889 1162 exul

171 1180 312 1222 hiemis,
335 1181 459 1214 titulus
483 1179 597 1223 tepidi
613 1180 792 1222 temporis,
816 1180 888 1212 Ne-

172 1232 296 1276 quatias
317 1232 437 1266 nidum
463 1233 501 1266 in
527 1231 659 1265 cacabo
681 1231 769 1264 fecit
787 1231 889 1264 meo.’

219 1335 370 1368 Nemas
389 1334 527 1376 esteris]
558 1334 823 1377 Nemoricuun'x,
848 1339 890 1369 ut

174 1385 282 1418 otim
297 1390 419 1419 censet
430 1385 679 1419 Bourdelotius
694 1387 730 1419 in
741 1386 889 1420 Petron.

174 1435 310 1469 M.
343 1437 438 1479 Lege
449 1437 708 1476 minoricam-ix,-
730 1437 781 1470 sic
795 1438 807 1456 ‘
818 1438 889 1471 Ne-

172 1487 398 1530 moringusss
449 1488 460 1505 ‘
477 1487 766 1529 Pietaticultrix‚'
796 1488 890 1530 apud

174 1537 323 1571 Petrou.
379 1537 471 1570 Vide
499 1538 602 1571 Voss.
638 1538 759 1571 Instit.
788 1539 888 1572 Orat.

172 1587 237 1622 lib.
252 1596 304 1621 ιν.
328 1590 360 1621 1.
389 1592 478 1622 sect.
492 1591 526 1620 8.
548 1588 667 1621 Heius.
712 1589 785 1621 Per
806 1593 891 1621 tme-

174 1639 229 1672 siu
253 1638 345 1671 dixit
369 1638 460 1671 Stat.
485 1638 595 1671 Theb.
610 1646 661 1671 lv.
686 1641 764 1671 425.
793 1639 804 1657 ‘
823 1639 891 1672 Ne·

174 1689 264 1723 mori
279 1687 425 1722 Latonia
437 1688 566 1722 cultrix
577 1688 600 1721 ε’
622 1697 827 1731 quamquam
840 1689 890 1722 ibi

174 1744 215 1773 et
236 1739 407 1782 separatis
431 1738 572 1772 vocibus
593 1740 763 1781 explicari
786 1749 889 1782 posse

173 1800 246 1827 non
269 1793 402 1836 ignoro.
423 1792 434 1812 ‘
451 1792 632 1827 silvicolas
655 1792 772 1833 viros,'
802 1793 890 1826 Pro-

174 1847 269 1886 pert.
284 1852 343 1877 ιιι.
356 1845 410 1876 11.
421 1845 478 1877 84.
521 1843 692 1876 Phaedrus
707 1854 791 1876 vero
807 1844 889 1876 Pin-

173 1893 298 1927 darum
326 1894 482 1927 imitatus
509 1893 666 1934 videtur,
699 1895 758 1937 qui
788 1895 890 1936 dixit,

173 1945 235 1978 ’σῦν
243 1944 421 1987 opion-rhun:
445 1944 538 1988 quod
548 1945 758 1978 Scholiastes
769 1946 887 1987 Eurip.

174 1990 222 2030 sd
239 1997 359 2030 otest.
374 1999 472 2030 1621.
495 2001 533 2029 et
548 1996 720 2029 Phoeniss.
735 1999 812 2029 oss.
829 2007 889 2029 ex-

174 2047 276 2090 pouit
289 2046 446 2088 ὄρείοαων.
469 2047 584 2079 Burni.

236 2097 503 2138 Nemoricaltrix]
547 2096 699 2129 Videtur
734 2097 889 2130 imitatus

177 2146 366 2188 Catullum,
391 2147 462 2190 qui,
476 2151 516 2179 ut
538 2148 674 2180 notavit
690 2148 889 2191 Salmasius,

176 2195 268 2229 dixit
287 2197 299 2216 ‘
313 2197 565 2240 Sylvicultrix.'
592 2198 681 2231 Gud.

219 2247 393 2288 Ρωιιεηιι]
417 2247 472 2280 Ita
488 2247 547 2280 lib.
559 2257 586 2280 1.
604 2247 674 2280 fab.
691 2251 725 2281 8.
746 2248 757 2267 ⁴
774 2249 889 2291 Depo-

175 2306 261 2331 nere
275 2297 396 2331 fontum
410 2297 433 2330 τ’
454 2302 492 2331 et
507 2297 579 2331 fab.
596 2301 649 2332 18.
672 2299 683 2317 ‘
698 2300 889 2342 Deponere

175 2357 261 2381 onus
277 2347 433 2382 naturae!
459 2349 546 2382 Gna.

215 2401 238 2431 4
261 2397 459 2439 For-taicum]
481 2398 538 2431 Ad
554 2403 704 2432 metrum
727 2399 819 2443 quod
840 2404 890 2432 at-

175 2449 282 2491 tinet,
305 2449 363 2482 adi
385 2450 523 2482 Horatii
548 2451 757 2493 interpretes
780 2451 825 2483 ad
841 2451 888 2484 lo-

175 2509 254 2534 cum
269 2500 388 2542 istum,
408 2501 419 2519 ‘
436 2501 512 2533 Nec
525 2500 708 2533 fortuitum
723 2510 888 2543 spernere

174 2551 343 2593 cespitem
360 2551 472 2593 Leges
493 2551 678 2584 sinebant?
722 2551 791 2584 Sed
807 2552 888 2585 mihi

175 2601 400 2634 veliementer
429 2601 562 2634 arridet
589 2600 807 2645 conjectura,
830 2612 888 2635 ne·

176 2651 443 2684 oeioanitidem
467 2652 544 2694 tibi,
571 2653 704 2694 lector3
729 2654 888 2687 existimo

177 2701 268 2734 enin
283 2702 460 2744 scripsisse
477 2703 889 2746 Phaedrum‚fou·tunotum

177 2752 436 2793 θοῆῦῦηηὶυηις
472 2763 575 2796 quam
604 2764 701 2797 vere,
730 2756 888 2798 equidem

179 2800 309 2844 nescio,
345 2813 458 2846 neque
495 2805 680 2848 quidquam
708 2804 889 2839 adfirmare

183 2852 303 2894 ausim,
329 2853 390 2886 sed
415 2855 459 2887 ad
489 2865 573 2899 rem,
600 2866 669 2899 qua
694 2857 738 2890 de
764 2858 891 2900 agitur,

1561 213 1649 258 439

930 316 1128 359 aptissime.
1146 316 1263 351 Faber.
1285 316 1603 360 Serviusfortuitm,
1615 325 1654 356 et

939 368 1124 410 producta,
1138 372 1176 401 et
1190 372 1352 411 correpta
1367 369 1486 410 tertia,
1502 378 1652 411 pronun-

941 419 1024 451 tiari
1039 419 1126 452 dicit
1141 419 1184 452 ad
1200 419 1299 461 Virg.
1313 419 1389 452 AEn.
1405 428 1456 454 vr.
1472 422 1550 453 179.
1573 421 1653 463 quia

941 469 1084 502 deducit
1100 469 1143 501 ab
1159 470 1220 510 ire,
1244 470 1343 512 cnjus
1359 470 1458 502 verbi
1481 474 1654 513 tempora,

941 519 976 552 in
991 520 1069 560 itus,
1083 520 1199 561 iturus,
1225 522 1291 553 &c.
1317 519 1500 563 aliquando
1515 521 1657 564 corripi,

943 570 1126 613 aliquando
1148 570 1296 613 produci
1312 571 1409 604 vulta
1432 571 1493 603 sed
1515 581 1654 614 semper

942 620 1164 663 corripienda
1179 629 1255 653 esse
1268 625 1387 653 censet
1401 621 1597 655 Germanus
1610 623 1656 655 ad

942 672 1064 714 Virgil.
1079 671 1157 704 AEn.
1170 680 1224 704 vr.
1242 673 1320 704 65⁷.
1341 671 1385 704 de
1402 681 1469 714 quo
1486 672 1531 704 ad
1548 672 1655 706 ovid.

942 722 1031 754 Met.
1047 731 1073 754 1.
1090 725 1142 755 17.
1159 731 1313 763 agemus.
1357 722 1447 754 Stat.
1461 722 1572 756 Theb.
1587 732 1655 757 vn.

941 775 1020 805 449.
1041 773 1051 791 ‘
1066 773 1174 815 AEqua
1185 776 1224 805 et
1236 771 1382 805 fortuito
1395 772 1512 805 ductae
1528 778 1655 816 quater

941 833 1068 866 aggere
1080 822 1227 865 penum!
1270 823 1339 856 sed
1351 824 1386 855 in
1397 823 1449 856 his
1460 824 1546 857 locis
1558 825 1657 858 Dou-

943 884 984 907 za
999 875 1042 907 ad
1067 875 1212 907 Petron.
1226 874 1285 907 lib.
1301 883 1347 908 11.
1374 877 1429 908 16.
1453 874 1538 908 duas
1553 877 1657 918 sylla·

941 926 1003 959 bas
1019 926 1054 958 in
1071 936 1172 958 unam
1188 925 1347 959 contrahi
1361 926 1447 959 vult.
1474 926 1657 960 Fortuitum

942 987 1025 1010 vero
1048 977 1188 1010 minime
1214 983 1346 1010 mutem
1371 978 1407 1010 in
1427 977 1656 1019 fortunatum,-

941 1037 1019 1060 nam
1034 1038 1153 1060 sensus
1169 1032 1244 1060 est:
1280 1029 1386 1061 Forte
1402 1029 1452 1061 ita
1468 1029 1659 1072 acciderat,

940 1082 981 1111 ut
994 1079 1260 1112 contubernales
1285 1084 1402 1111 esseut
1427 1084 1500 1112 tres
1525 1080 1658 1113 diversi

942 1130 1079 1171 generis
1097 1129 1242 1170 bestiae3
1265 1130 1359 1172 quod
1381 1131 1437 1162 vel
1458 1140 1569 1172 puero
1594 1141 1656 1173 ap·

940 1183 1054 1222 paret.
1076 1180 1192 1213 Bam.

985 1230 1188 1272 Fortuitum]
1211 1231 1354 1264 Pennlt.
1363 1232 1467 1273 longa
1479 1234 1519 1264 ut
1530 1230 1657 1265 Horat.

940 1281 1054 1315 earm.
1069 1291 1112 1314 11.
1137 1285 1191 1314 15.
1219 1282 1230 1300 ‘
1247 1282 1324 1315 Nec
1350 1281 1535 1314 fortuitum
1559 1290 1656 1324 sper-

939 1342 1025 1366 nere
1064 1332 1260 1375 cespitem.'

940 1386 1013 1418 Rit.

986 1436 1250 1479 Cantaber-nium]
1271 1435 1481 1471 Συνοικέσιον.
1507 1437 1590 1478 Rig.

984 1491 1004 1520 5
1029 1488 1175 1530 Evertit]
1199 1489 1251 1521 Eo
1277 1498 1392 1530 sensu,
1416 1488 1506 1521 sicut
1528 1489 1656 1521 cicero

940 1539 950 1556 ‘
968 1539 1137 1571 Evertere
1168 1539 1374 1572 amicitiam¹
1409 1544 1556 1581 usurpat
1592 1550 1655 1572 εω-

941 1588 1018 1630 pius
1031 1599 1041 1628 3
1065 1589 1143 1630 plus
1154 1593 1208 1620 est
1221 1598 1336 1631 qnam,
1351 1589 1523 1622 dissolvit.
1548 1589 1658 1629 Schef.

984 1641 1005 1671 7
1030 1638 1101 1671 Tibi
1112 1638 1264 1680 paratur]
1287 1639 1445 1672 Donatus
1456 1639 1500 1672 ad
1512 1640 1658 1673 Terent.

940 1687 1053 1722 Andr.
1071 1699 1123 1723 lv.
1142 1692 1174 1721 1.
1191 1692 1246 1723 32.
1268 1693 1305 1722 et
1320 1699 1372 1722 ιν.
1387 1693 1423 1722 2.
1437 1693 1471 1723 7.
1486 1694 1586 1723 notat
1600 1700 1657 1732 ap-

936 1741 1049 1782 parari
1061 1745 1098 1774 et
1109 1741 1221 1782 parari
1236 1750 1313 1773 cum
1329 1741 1448 1774 dativo
1465 1742 1657 1784 perniciem

939 1796 977 1824 et
1004 1791 1138 1824 cladem
1164 1790 1374 1833 significare,
1402 1796 1443 1825 nt
1468 1792 1562 1834 apud
1579 1793 1657 1824 Vir-

941 1842 999 1884 gil.
1012 1842 1088 1874 AEn.
1104 1850 1146 1874 ιι.
1165 1842 1176 1859 ‘
1194 1833 1283 1874 Mihi
1299 1852 1400 1874 sacra
1415 1842 1556 1884 parari!
1573 1843 1656 1877 Vid.

939 1894 983 1926 ad
998 1894 1140 1926 Petron.
1155 1903 1232 1935 cap.
1246 1896 1301 1926 20.
1326 1893 1441 1927 Burm.

1000 1943 1147 1985 Misere]
1184 1942 1367 1986 Infanstae,
1395 1943 1541 1985 infelici,
1570 1954 1654 1987 qno-

939 1993 1044 2026 modo
1073 2004 1167 2036 saepe
1209 2000 1399 2037 usurpatur
1429 1995 1473 2028 ab
1503 1996 1656 2037 optimis.

940 2045 1132 2087 Eleganter
1161 2046 1225 2078 hoc
1254 2046 1354 2078 addit
1387 2056 1450 2088 per
1477 2045 1655 2080 fictionem

940 2100 1067 2137 metus,
1093 2100 1131 2128 et
1146 2096 1189 2128 ad
1217 2096 1499 2129 commovendam
1514 2098 1654 2131 misera-

941 2146 1070 2179 tionem
1085 2146 1120 2178 iu
1136 2146 1261 2190 aquila.
1283 2146 1392 2186 Schef.
1669 2171 1677 2181 .

985 2200 1007 2229 8
1030 2197 1197 2239 Quotidie]
1233 2197 1427 2239 Schoppius
1454 2198 1465 2218 ‘
1481 2207 1566 2231 ecce
1590 2199 1655 2232 ite-

941 2247 1039 2289 rum,'
1055 2257 1201 2290 namque
1223 2247 1234 2264 ⁴
1249 2252 1305 2279 est
1319 2249 1402 2280 mihi
1419 2259 1513 2291 sa‘pe
1529 2260 1655 2283 vocan-

940 2299 1004 2331 dus
1020 2297 1074 2330 Ad
1089 2298 1230 2340 partes)
1276 2298 1327 2330 Ut
1340 2299 1431 2331 enim
1445 2309 1583 2342 semper
1593 2301 1654 2333 ho-

939 2359 996 2382 mo
1011 2349 1322 2382 confidentissimus
1337 2354 1404 2390 est,
1425 2350 1491 2383 hoc
1515 2358 1653 2394 quoque

938 2401 1017 2433 loco
1033 2410 1179 2442 carpere
1202 2400 1323 2441 voluit,
1347 2401 1575 2443 quod„1niniis
1600 2404 1652 2434 in-

939 2452 1130 2493 telligebat.
1174 2452 1232 2484 Sic
1249 2452 1339 2483 enim
1355 2451 1494 2484 scribit:
1519 2453 1530 2470 ‘
1542 2453 1652 2493 Malo,

938 2503 1073 2544 opinor,
1089 2503 1262 2543 exemplo,
1276 2502 1421 2533 alteram
1434 2502 1600 2543 syllabam
1617 2503 1653 2535 in

937 2554 1075 2595 quotidie
1096 2553 1262 2595 produxit
1283 2552 1452 2584 Phaedrus
1474 2557 1511 2585 et
1537 2553 1592 2598 bic
1616 2559 1653 2585 et

938 2603 1104 2637 inferius.’
1150 2603 1220 2635 Sed
1236 2603 1285 2634 ita
1307 2613 1362 2635 me
1377 2607 1471 2635 amet
1485 2604 1599 2643 Deus,
1614 2609 1652 2635 nt

938 2654 1014 2687 ὅλας
1029 2653 1217 2686 κολοκύνθης
1231 2655 1318 2696 λημᾷ
1331 2654 1538 2696 Schoppins,
1548 2664 1652 2697 quem

939 2707 1094 2738 nonnulli
1120 2706 1154 2737 in
1183 2715 1219 2737 re
1247 2705 1472 2746 grammatica
1497 2704 1653 2747 ὀξυδερκέ-

939 2767 1059 2789 στατυν
1087 2760 1266 2798 putarunt.
1312 2756 1359 2788 Et
1386 2759 1504 2788 tamen
1531 2756 1651 2788 nescio

938 2818 986 2841 an
1002 2808 1182 2850 quisquam
1198 2806 1455 2839 existimaturus
1471 2806 1528 2848 sit,
1550 2816 1652 2849 posse

940 2857 1138 2901 hujusmodi
1159 2860 1304 2891 ‘errores
1342 2857 1496 2890 tolerari.
1557 2857 1653 2891 Quid

1329 1332 1388 1366 Sic
1423 1334 1433 1351 ‘
1451 1332 1655 1366 Gratuitusss
1706 1365 1715 1376 ,
