1806 3236
211 185 303 230 384

678 198 821 232 No‘l'AE
854 198 1124 234 vammum
1158 200 1211 232 IN

736 441 992 486 FABULA
1033 440 1174 494 XVI.

263 599 279 629 1
304 597 485 631 Fraudator
504 607 627 639 nomen,
649 599 721 642 Esca]
764 597 925 631 Praefero

216 648 302 681 illud
317 659 335 681 e
352 653 469 682 vetere
492 650 620 683 scheda
641 650 809 692 Danielis,
824 650 926 683 Frau-

215 700 307 731 dator
336 711 447 734 nomen
472 711 542 734 cum
568 702 660 734 locat.
715 701 786 734 Sed
810 709 925 743 neque

212 750 398 783 fraudator
441 751 526 784 mihi>
559 753 730 786 sincerum
766 762 808 786 ac
853 752 926 784 sine

218 800 339 834 fraude
363 801 433 836 iilic
458 812 535 835 esse
559 803 723 837 videtur:
746 812 815 835 non
835 802 925 835 enim

215 851 407 893 respondet
421 852 491 894 ovi,
506 853 595 895 quod
613 853 738 886 animal
758 854 860 896 plane
875 853 925 885 in-

217 901 356 934 noxium
371 906 437 944 est,
453 907 491 936 et
506 904 614 936 omnis
636 903 766 937 fraudis
780 904 925 947 ignaris-

217 952 348 986 simum.
392 952 516 996 Itaque
542 955 793 996 expandendus
818 956 926 988 locus.

212 1002 408 1036 ‚Censebam
421 1013 509 1046 ego:
534 1006 716 1039 Fraudatur
733 1016 844 1040 nomen
856 1017 886 1049 q.
902 1006 925 1040 1.

217 1057 340 1097 estque
366 1054 551 1089 Fraudatur
582 1067 661 1100 pro,
692 1057 928 1101 defraudatur,

218 1104 404 1147 decipitur.
425 1106 548 1141 Meurs.
592 1108 663 1141 Hic
685 1118 806 1142 versus
828 1109 928 1142 malae

219 1155 436 1189 tractationis
459 1158 495 1190 in
511 1159 720 1192 Criticorum
735 1159 810 1193 foro
825 1170 928 1203 agere

212 1206 296 1250 jure
313 1211 441 1249 potest.
484 1209 734 1243 Rittershusius
754 1211 790 1244 in
815 1216 928 1244 metro

218 1257 340 1291 vitium
355 1259 466 1300 ponit.
511 1261 777 1295 Inobservatum
793 1262 929 1295 scilicet

212 1308 402 1352 plerisque,
430 1310 522 1353 quod
546 1321 615 1344 non
650 1321 787 1354 semper
814 1312 928 1346 iambo

214 1359 390 1395 ,Phaedrus
405 1362 560 1394 ultimam
574 1362 750 1404 regionem
765 1367 927 1405 occupat.

218 1409 404 1444 Salmasius
431 1412 540 1455 (quod
567 1413 649 1446 mihi
675 1413 841 1446 indicavit
865 1414 929 1446 Vir

213 1460 272 1493 ..CL
302 1461 359 1495 Jo.
384 1462 491 1496 Cunr.
508 1463 723 1507 Dietericus)
750 1464 794 1497 de
819 1465 928 1498 Modo

218 1511 321 1544 Usur.
352 1522 428 1555 cap.
452 1516 505 1548 16.
535 1524 570 1556 p.
592 1518 667 1549 705.
696 1516 746 1548 ita
767 1514 928 1548 februare

217 1562 331 1595 locum
344 1567 482 1597 tentat:
499 1565 695 1599 Fraudatori
705 1576 814 1599 nomen
826 1567 930 1599 locans

217 1622 328 1654 sponso
352 1614 503 1656 improbo.
556 1616 696 1658 Sponsus
717 1617 772 1661 (ut
797 1618 832 1651 in
855 1627 928 1661 seq.

218 1663 338 1697 videre
355 1670 408 1697 est
419 1675 454 1707 p.
467 1667 559 1707 711.)
573 1668 688 1710 accipi
703 1669 779 1702 vult
801 1670 929 1702 veteri-

218 1712 294 1754 bus,
318 1723 382 1755 pro
408 1725 585 1757 sponsore.
644 1718 749 1751 Haud
775 1719 863 1761 scio,
885 1728 929 1751 an

219 1763 438 1797 scribendum
468 1767 535 1800 sit:
583 1768 767 1801 Fraudator
794 1769 931 1802 homines

218 1825 288 1847 cum
302 1819 384 1858 orat,
396 1827 540 1858 sponsore
554 1818 705 1861 improbo.
749 1819 808 1851 Ita
826 1829 905 1852 mox
919 1831 929 1853 z

220 1866 230 1883 ‘
241 1866 273 1898 ()
280 1876 354 1899 vem
364 1867 510 1909 rogabat
520 1878 641 1901 corvus
651 1868 802 1902 modium
810 1870 931 1914 tritici,

220 1918 321 1959 Lupo
344 1918 532 1960 sponsore!
563 1920 698 1954 Prasch.
742 1920 799 1953 Ita
820 1921 931 1954 edidit

219 1978 265 2003 ex
295 1969 381 2001 Mss.
406 1967 603 2011 Rigaltius.'
650 1972 727 2004 Nec
752 1976 807 2005 est
832 1972 930 2015 quid-

221 2028 323 2062 quam
349 2020 610 2056 immutandum.
654 2022 835 2056 Malebant
857 2023 931 2066 qui-

221 2070 302 2103 dem
314 2071 489 2104 Meursius
502 2083 511 2104 ε
537 2073 730 2115 Fraudatur,
741 2083 850 2106 nomen
861 2084 932 2106 cum

221 2123 303 2154 locat
326 2130 470 2163 sponsore
495 2123 634 2164 improbo
641 2133 654 2161 ;
684 2123 866 2157 Salmasius
889 2124 932 2156 de

221 2173 320 2205 Mod.
341 2174 444 2206 Usur.
492 2175 687 2207 Fraudator-i
701 2185 811 2207 nomen
830 2176 934 2208 locans

221 2233 331 2264 sponso
347 2224 489 2266 improbo
495 2236 510 2265 ,·
533 2225 738 2259 Gebhardus
755 2227 859 2268 Crep.
876 2236 933 2260 111.

224 2277 277 2307 10.
312 2275 494 2308 Fraudator
507 2286 617 2309 nomen
631 2286 700 2308 cum
715 2277 794 2309 locat
808 2287 934 2319 sponsor

223 2328 253 2358 et
267 2325 437 2368 improbus,
454 2328 530 2360 Non
545 2337 613 2359 rem
626 2327 783 2368 expedire,
797 2329 853 2360 sed
867 2338 933 2360 ma-

223 2376 287 2407 lum
299 2377 413 2409 addere
435 2377 510 2421 (vel
524 2377 617 2421 dare)
639 2378 781 2419 (περαίη
813 2378 933 2410 Frein-

223 2427 393 2467 shemius3
420 2429 603 2461 Fraudator
627 2428 746 2460 homini
765 2438 855 2469 quum
878 2429 933 2460 dat

222 2487 396 2518 sponsorem
409 2479 599 2520 improbum.-
615 2479 689 2510 Non
700 2478 843 2519 expedire
854 2488 932 2520 rem,

223 2528 277 2559 sed
312 2528 412 2560 videri
441 2529 562 2570 expetit
570 2539 583 2567 ‚·
621 2529 719 2569 alim,
743 2528 803 2570 qui
832 2532 932 2560 notas

225 2577 306 2609 olim
320 2578 455 2610 addidit
470 2578 749 2621 interpretationi
763 2579 907 2611 Gallicae
922 2591 931 2612 z

225 2630 408 2662 Fraudatur
429 2642 539 2664 nomen
559 2632 613 2673 qui
635 2633 714 2664 locat
741 2641 853 2673 sponsu
873 2632 932 2664 im-

222 2680 332 2722 probo,
348 2682 385 2713 N
385 2692 417 2713 ec
426 2693 492 2715 rem
503 2683 660 2725 expedire,
671 2684 725 2714 sed
735 2683 818 2715 mala
829 2683 933 2716 videre

225 2732 346 2772 expetit
358 2743 371 2771 ;
394 2733 597 2766 Praschius:
633 2733 814 2766 Fraudator
833 2733 931 2765 homi-

226 2792 279 2814 nes
304 2793 371 2816 cum
397 2787 479 2829 orat,
493 2794 636 2828 sponsore
656 2783 793 2828 improbo
798 2794 812 2825 ,·
834 2784 931 2819 Ursi-

976 605 1060 629 nus:
1095 595 1275 629 Fraudator
1301 604 1413 636 nomn,
1431 605 1576 639 sponsore
1602 596 1684 634 locat

975 658 1044 680 cum
1057 647 1209 689 improbo.
1230 646 1360 679 Verum
1374 645 1512 680 frustra.
1539 645 1683 690 Optime

977 697 1169 731 Gronovius
1198 697 1232 729 in
1258 696 1327 729 suis
1349 696 1394 729 ad
1409 697 1610 740 meliteris,
1622 696 1684 732 ubi

978 753 1087 782 totum
1110 749 1225 782 locum
1246 748 1297 781 ita
1311 747 1443 790 scribit,
1464 751 1503 781 et
1516 747 1660 792 exponit
1671 758 1684 781 ε

977 800 1157 833 Fraudator
1192 809 1302 832 nomen
1334 808 1428 841 quum
1459 799 1542 832 locat
1574 806 1686 842 qous·

975 851 1125 892 improbo,
1151 851 1226 883 Non
1247 860 1314 882 rem
1350 849 1511 891 expedire,
1534 850 1590 884 sod
1619 859 1686 883 n·-

976 903 1041 935 lum
1069 903 1145 934 dare
1173 901 1306 943 expetit.
1351 901 1488 934 Nomen
1509 901 1615 942 locat,
1627 894 1688 944 qu'i

976 956 1121 995 accepto
1137 956 1255 985 mutuo
1277 951 1334 984 vel
1351 950 1584 995 mercealteri
1599 950 1688 984 obli-

977 1007 1092 1046 gatur,
1116 1004 1176 1046 qui
1202 1012 1299 1036 suum
1324 1006 1490 1045 tanquam
1518 1002 1686 1037 debitoris

976 1064 1101 1101 nomeu
1125 1054 1231 1096 locat,
1255 1057 1294 1088 et
1314 1053 1448 1096 patitur
1468 1053 1561 1096 apud
1582 1053 1687 1086 alium

976 1116 1051 1140 esse
1064 1107 1099 1140 in
1114 1107 1256 1148 tabulis,
1277 1107 1314 1140 in
1336 1116 1421 1150 quas
1441 1104 1635 1147 referimus,
1657 1104 1688 1139 si

976 1158 1032 1191 cui
1046 1162 1240 1191 mutuamus
1254 1162 1315 1191 aut
1329 1157 1508 1190 vendimus
1531 1156 1568 1189 in
1582 1155 1687 1191 diem.

975 1209 1140 1255 Sponsum,
1161 1213 1216 1242 est
1237 1208 1343 1250 idem,
1368 1207 1460 1250 quod
1492 1207 1503 1225 ‘
1524 1206 1686 1249 Sponsor:

976 1261 1082 1294 Ovid.
1097 1259 1214 1294 Amor.
1229 1269 1254 1294 1.
1270 1263 1325 1294 13.
1350 1260 1360 1279 ‘
1379 1259 1509 1292 Eadem
1523 1267 1685 1301 sponsam

976 1311 1120 1344 consulti
1142 1315 1224 1344 ante
1249 1311 1338 1343 atria
1358 1309 1478 1350 mittit,
1505 1307 1630 1347 Unius,
1644 1312 1686 1342 ut

976 1362 1074 1395 verbi
1092 1362 1236 1404 grandia
1257 1361 1380 1394 damna
1394 1359 1511 1394 ferat!
1554 1358 1592 1393 Is
1606 1358 1685 1392 talis

975 1423 1036 1445 non
1050 1423 1117 1445 rem
1127 1412 1285 1455 expedire,
1296 1421 1367 1445 rem
1380 1411 1527 1452 solvere,
1537 1409 1686 1443 reddere

977 1468 1143 1504 mutuum,
1168 1463 1223 1495 vel
1252 1462 1376 1495 mercis
1399 1461 1492 1504 quod
1523 1459 1686 1494 convenit

977 1514 1130 1556 pretium
1152 1513 1210 1557 (ut
1232 1513 1408 1556 Expedire
1429 1521 1566 1555 nomen,
1589 1512 1687 1545 Suet.

978 1565 1095 1599 Gram.
1107 1564 1180 1608 11.)
1192 1563 1252 1598 sed
1264 1565 1347 1598 dare
1362 1564 1534 1607 damnum,
1549 1564 1604 1598 vel
1615 1573 1686 1597 ma-

977 1617 1064 1658 lum,
1096 1615 1261 1649 creditori
1293 1614 1439 1657 expetit!
1489 1612 1620 1647 Similia
1632 1617 1635 1622 “
1648 1617 1688 1647 et

979 1668 1143 1701 Heinsius
1156 1667 1200 1700 ad
1211 1676 1265 1701 me
1276 1665 1428 1708 scripsit.
1443 1665 1549 1706 Sckqf.
1572 1665 1689 1699 Variis

978 1720 1090 1752 modis
1102 1719 1192 1752 hunc
1203 1719 1316 1751 locum
1328 1716 1478 1750 tentavit
1486 1716 1688 1755 Salmasius3

979 1769 1092 1811 primo
1129 1768 1175 1801 ad
1212 1769 1366 1801 Solinum
1402 1777 1439 1809 p.
1466 1769 1542 1800 121.
1577 1765 1686 1809 legit:

978 1819 1105 1853 Avarus
1118 1829 1228 1852 nomen
1239 1821 1312 1852 dum
1325 1820 1406 1851 locat
1417 1827 1526 1860 sponso
1536 1817 1689 1860 improbo.

979 1871 1118 1904 Deinde
1143 1872 1244 1904 aliter
1276 1871 1321 1904 de
1355 1870 1463 1903 Modo
1496 1869 1687 1903 Usurarnm

980 1933 1015 1965 p.
1037 1925 1115 1956 705.
1143 1926 1181 1955 et
1205 1925 1282 1956 ⁷11.
1309 1925 1346 1954 et
1367 1920 1616 1964 Disquisitione
1643 1921 1687 1954 de

980 1974 1106 2006 Mutuo
1118 1983 1153 2015 p.
1165 1975 1242 2006 358.
1279 1972 1455 2014 Nusquam
1469 1970 1570 2004 bene.
1594 1970 1688 2004 Ten-

980 2027 1101 2057 tarunt
1127 2029 1163 2057 et
1193 2023 1261 2056 alii.
1306 2023 1396 2055 Mihi
1418 2025 1550 2055 certum
1574 2024 1630 2054 est
1651 2021 1689 2054 in

981 2075 1095 2117 primo
1106 2075 1273 2108 vocabulo
1285 2074 1469 2107 Fraudator
1478 2073 1587 2105 latere
1595 2079 1690 2104 men-

982 2124 1076 2168 dum,
1097 2134 1212 2168 neque
1235 2125 1326 2157 enim
1348 2124 1528 2157 mandam
1548 2130 1687 2165 respon·

982 2175 1044 2208 det
1059 2176 1170 2209 Cervo
1187 2176 1324 2208 animali
1339 2175 1477 2208 minime
1490 2173 1686 2207 fraudulen-

982 2229 1031 2266 to,
1047 2226 1137 2268 quod
1153 2230 1190 2258 et
1204 2225 1376 2258 Meursius
1390 2225 1488 2258 vidit.
1531 2223 1652 2257 Scribo
1667 2232 1688 2256 e

981 2276 1134 2318 vestigiis
1163 2276 1301 2309 Codicis
1328 2274 1522 2308 Pithoeaniz
1566 2274 1689 2307 Vadato

981 2338 1092 2361 nomen
1103 2328 1157 2370 qui
1167 2329 1290 2361 invocat
1299 2337 1412 2370 sponsu
1422 2326 1605 2369 improbum,
1611 2326 1688 2358 Non

982 2388 1049 2411 rem
1072 2379 1231 2421 expedire,
1247 2380 1302 2411 sed
1323 2379 1438 2411 malum
1458 2379 1535 2410 dare
1549 2376 1687 2418 expetit.

987 2429 1108 2462 Vadato
1119 2439 1243 2472 sponsu,
1255 2434 1294 2462 ut
1315 2430 1326 2449 ‘
1339 2429 1427 2462 Casu
1438 2428 1577 2460 vadato’
1592 2426 1685 2469 apud

983 2479 1109 2512 Horat.
1134 2479 1205 2513 Sat.
1230 2488 1256 2513 1.
1280 2482 1313 2512 9.
1362 2478 1479 2512 Vadari
1505 2479 1684 2511 commune

983 2531 1128 2563 verbum
1139 2535 1231 2563 teste
1243 2529 1435 2563 Prisciano.
1457 2528 1574 2561 Plaut.
1585 2527 1686 2560 Pers.

980 2580 1159 2613 ‘Vadatur
1173 2581 1228 2613 hic
1250 2590 1316 2613 me.
1339 2579 1383 2613 P.
1425 2572 1684 2611 Utinam'vades

981 2630 1114 2664 desint?
1149 2631 1276 2664 Omnia
1285 2630 1341 2663 hic
1354 2629 1519 2663 vocabula
1522 2628 1684 2671 juridica.

981 2682 1103 2714 Nomen
1132 2682 1316 2723 improbum,
1345 2685 1385 2713 ut
1421 2680 1433 2698 ‘
1459 2679 1614 2722 Malum:
1647 2683 1684 2712 et

979 2732 989 2751 ‘
1006 2734 1154 2766 Lentum
1178 2732 1325 2766 nomen!
1376 2733 1512 2773 Nomen,
1537 2732 1595 2774 qui
1619 2741 1682 2774 pro

980 2783 1087 2818 altero
1103 2783 1294 2818 debitorem
1313 2792 1349 2817 se
1364 2783 1463 2828 facit,
1475 2787 1534 2816 aut
1548 2782 1681 2825 legibus
