<?xml version="1.0" encoding="UTF-8"?>
<!DOCTYPE html PUBLIC "-//W3C//DTD XHTML 1.0 Transitional//EN"
    "http://www.w3.org/TR/xhtml1/DTD/xhtml1-transitional.dtd">
<html xmlns="http://www.w3.org/1999/xhtml" xml:lang="en" lang="en">
 <head>
  <title>
</title>
<meta http-equiv="Content-Type" content="text/html;charset=utf-8" />
  <meta name='ocr-system' content='tesseract 3.04.00' />
  <meta name='ocr-capabilities' content='ocr_page ocr_carea ocr_par ocr_line ocrx_word'/>
</head>
<body>
  <div class='ocr_page' id='page_1' title='image "./fabualeaesopiae00phaeuoft_0422.png"; bbox 0 0 1806 3236; ppageno 0'>
   <div class='ocr_carea' id='block_1_1' title="bbox 201 240 288 283">
    <p class='ocr_par' dir='ltr' id='par_1_1' title="bbox 201 240 288 283">
     <span class='ocr_line' id='line_1_1' title="bbox 201 240 288 283; baseline 0 0"><span class='ocrx_word' id='word_1_1' title='bbox 201 240 288 283; x_wconf 83' lang='lat'>410</span> 
     </span>
    </p>
   </div>
   <div class='ocr_carea' id='block_1_2' title="bbox 200 347 913 2323">
    <p class='ocr_par' dir='ltr' id='par_1_2' title="bbox 200 347 913 2323">
     <span class='ocr_line' id='line_1_2' title="bbox 200 347 905 389; baseline 0.006 -9"><span class='ocrx_word' id='word_1_2' title='bbox 200 347 378 389; x_wconf 78' lang='lat' dir='ltr'><strong>audacter,</strong></span> <span class='ocrx_word' id='word_1_3' title='bbox 411 349 496 381; x_wconf 86' lang='lat' dir='ltr'>nihil</span> <span class='ocrx_word' id='word_1_4' title='bbox 538 352 706 383; x_wconf 87' lang='lat' dir='ltr'>metuens.</span> <span class='ocrx_word' id='word_1_5' title='bbox 763 350 905 384; x_wconf 81' lang='lat' dir='ltr'><strong>Terent.</strong></span> 
     </span>
     <span class='ocr_line' id='line_1_3' title="bbox 201 397 904 443; baseline 0.004 -12"><span class='ocrx_word' id='word_1_6' title='bbox 201 397 312 432; x_wconf 90' lang='lat' dir='ltr'>Andr.</span> <span class='ocrx_word' id='word_1_7' title='bbox 321 409 346 432; x_wconf 86' lang='lat'>1.</span> <span class='ocrx_word' id='word_1_8' title='bbox 369 409 417 432; x_wconf 87' lang='lat' dir='ltr'>sc.</span> <span class='ocrx_word' id='word_1_9' title='bbox 430 403 462 432; x_wconf 84' lang='lat'>2.</span> <span class='ocrx_word' id='word_1_10' title='bbox 484 401 493 418; x_wconf 91' lang='lat'>‘</span> <span class='ocrx_word' id='word_1_11' title='bbox 506 400 599 433; x_wconf 88' lang='lat' dir='ltr'>Dico</span> <span class='ocrx_word' id='word_1_12' title='bbox 614 400 690 443; x_wconf 87' lang='lat' dir='ltr'>tibi,</span> <span class='ocrx_word' id='word_1_13' title='bbox 704 409 748 433; x_wconf 92' lang='lat' dir='ltr'>ne</span> <span class='ocrx_word' id='word_1_14' title='bbox 771 406 904 434; x_wconf 90' lang='lat' dir='ltr'>temere</span> 
     </span>
     <span class='ocr_line' id='line_1_4' title="bbox 200 448 904 493; baseline 0.006 -12"><span class='ocrx_word' id='word_1_15' title='bbox 200 448 321 491; x_wconf 79' lang='lat' dir='ltr'>facias,</span> <span class='ocrx_word' id='word_1_16' title='bbox 333 460 443 493; x_wconf 88' lang='lat' dir='ltr'>neque</span> <span class='ocrx_word' id='word_1_17' title='bbox 462 454 500 483; x_wconf 89' lang='lat' dir='ltr'>tu</span> <span class='ocrx_word' id='word_1_18' title='bbox 512 451 601 483; x_wconf 80' lang='lat' dir='ltr'>haud</span> <span class='ocrx_word' id='word_1_19' title='bbox 617 452 725 493; x_wconf 87' lang='lat' dir='ltr'>dicas,</span> <span class='ocrx_word' id='word_1_20' title='bbox 752 452 814 485; x_wconf 86' lang='lat' dir='ltr'>tibi</span> <span class='ocrx_word' id='word_1_21' title='bbox 837 462 904 485; x_wconf 89' lang='lat' dir='ltr'>non</span> 
     </span>
     <span class='ocr_line' id='line_1_5' title="bbox 202 500 904 545; baseline 0.007 -14"><span class='ocrx_word' id='word_1_22' title='bbox 202 500 407 541; x_wconf 75' lang='lat' dir='ltr'>praedictum</span> <span class='ocrx_word' id='word_1_23' title='bbox 417 500 439 541; x_wconf 88' lang='lat'>;&#39;</span> <span class='ocrx_word' id='word_1_24' title='bbox 455 501 511 534; x_wconf 82' lang='lat' dir='ltr'>ubi</span> <span class='ocrx_word' id='word_1_25' title='bbox 528 505 624 535; x_wconf 88' lang='lat' dir='ltr'>recte</span> <span class='ocrx_word' id='word_1_26' title='bbox 640 507 831 545; x_wconf 87' lang='lat' dir='ltr'>exponunt,</span> <span class='ocrx_word' id='word_1_27' title='bbox 845 514 904 536; x_wconf 82' lang='lat' dir='ltr'>au-</span> 
     </span>
     <span class='ocr_line' id='line_1_6' title="bbox 202 550 907 598; baseline 0.007 -15"><span class='ocrx_word' id='word_1_28' title='bbox 202 550 336 585; x_wconf 79' lang='lat' dir='ltr'><strong>dacter.</strong></span> <span class='ocrx_word' id='word_1_29' title='bbox 380 552 514 586; x_wconf 81' lang='lat' dir='ltr'>Glossae</span> <span class='ocrx_word' id='word_1_30' title='bbox 527 552 702 596; x_wconf 71' lang='grc' dir='ltr'><strong><em>ἆσκεπτῶς,</em></strong></span> <span class='ocrx_word' id='word_1_31' title='bbox 709 554 907 598; x_wconf 81' lang='grc' dir='ltr'><strong><em>παραβόλως,</em></strong></span> 
     </span>
     <span class='ocr_line' id='line_1_7' title="bbox 202 603 906 648; baseline 0.007 -15"><span class='ocrx_word' id='word_1_32' title='bbox 202 604 373 644; x_wconf 77' lang='grc' dir='ltr'><strong><em>τολμηρῶς.</em></strong></span> <span class='ocrx_word' id='word_1_33' title='bbox 416 603 496 637; x_wconf 86' lang='lat' dir='ltr'>Vid.</span> <span class='ocrx_word' id='word_1_34' title='bbox 524 604 609 637; x_wconf 90' lang='lat' dir='ltr'>edit.</span> <span class='ocrx_word' id='word_1_35' title='bbox 637 605 753 638; x_wconf 86' lang='lat' dir='ltr'>Parei.</span> <span class='ocrx_word' id='word_1_36' title='bbox 786 605 906 648; x_wconf 84' lang='lat' dir='ltr'><strong>Atque</strong></span> 
     </span>
     <span class='ocr_line' id='line_1_8' title="bbox 201 653 903 699; baseline 0.006 -14"><span class='ocrx_word' id='word_1_37' title='bbox 201 653 251 685; x_wconf 88' lang='lat' dir='ltr'>sic</span> <span class='ocrx_word' id='word_1_38' title='bbox 267 654 510 696; x_wconf 82' lang='lat' dir='ltr'>explicandum</span> <span class='ocrx_word' id='word_1_39' title='bbox 526 655 560 687; x_wconf 91' lang='lat' dir='ltr'>in</span> <span class='ocrx_word' id='word_1_40' title='bbox 585 655 706 689; x_wconf 86' lang='lat' dir='ltr'>Senec.</span> <span class='ocrx_word' id='word_1_41' title='bbox 721 656 832 699; x_wconf 84' lang='lat' dir='ltr'>Epist.</span> <span class='ocrx_word' id='word_1_42' title='bbox 849 659 903 689; x_wconf 85' lang='lat'>19.</span> 
     </span>
     <span class='ocr_line' id='line_1_9' title="bbox 201 703 907 750; baseline 0.006 -14"><span class='ocrx_word' id='word_1_43' title='bbox 201 703 211 720; x_wconf 96' lang='lat'>‘</span> <span class='ocrx_word' id='word_1_44' title='bbox 223 704 358 747; x_wconf 80' lang='lat' dir='ltr'>cogita,</span> <span class='ocrx_word' id='word_1_45' title='bbox 372 715 474 748; x_wconf 89' lang='lat' dir='ltr'>quam</span> <span class='ocrx_word' id='word_1_46' title='bbox 489 707 597 739; x_wconf 89' lang='lat' dir='ltr'>multa</span> <span class='ocrx_word' id='word_1_47' title='bbox 612 711 743 740; x_wconf 87' lang='lat' dir='ltr'>temere</span> <span class='ocrx_word' id='word_1_48' title='bbox 767 717 830 749; x_wconf 89' lang='lat' dir='ltr'>pro</span> <span class='ocrx_word' id='word_1_49' title='bbox 847 717 907 750; x_wconf 87' lang='lat' dir='ltr'>pe—</span> 
     </span>
     <span class='ocr_line' id='line_1_10' title="bbox 203 755 908 800; baseline 0.006 -14"><span class='ocrx_word' id='word_1_50' title='bbox 203 755 318 796; x_wconf 85' lang='lat' dir='ltr'>cunia,</span> <span class='ocrx_word' id='word_1_51' title='bbox 333 766 438 798; x_wconf 86' lang='lat' dir='ltr'>quam</span> <span class='ocrx_word' id='word_1_52' title='bbox 461 757 571 790; x_wconf 83' lang='lat' dir='ltr'>multa</span> <span class='ocrx_word' id='word_1_53' title='bbox 587 757 757 791; x_wconf 80' lang='lat' dir='ltr'>laboriose</span> <span class='ocrx_word' id='word_1_54' title='bbox 773 767 836 800; x_wconf 84' lang='lat' dir='ltr'>pro</span> <span class='ocrx_word' id='word_1_55' title='bbox 850 758 908 790; x_wconf 88' lang='lat' dir='ltr'>ho-</span> 
     </span>
     <span class='ocr_line' id='line_1_11' title="bbox 201 807 908 851; baseline 0.007 -15"><span class='ocrx_word' id='word_1_56' title='bbox 201 814 286 838; x_wconf 86' lang='lat' dir='ltr'>nore</span> <span class='ocrx_word' id='word_1_57' title='bbox 301 807 511 848; x_wconf 84' lang='lat' dir='ltr'>tentaveris;</span> <span class='ocrx_word' id='word_1_58' title='bbox 533 807 662 850; x_wconf 86' lang='lat' dir='ltr'>aliquid</span> <span class='ocrx_word' id='word_1_59' title='bbox 689 812 727 841; x_wconf 89' lang='lat' dir='ltr'>et</span> <span class='ocrx_word' id='word_1_60' title='bbox 748 818 812 851; x_wconf 84' lang='lat' dir='ltr'>pro</span> <span class='ocrx_word' id='word_1_61' title='bbox 837 808 908 842; x_wconf 84' lang='lat' dir='ltr'>otio</span> 
     </span>
     <span class='ocr_line' id='line_1_12' title="bbox 202 856 910 902; baseline 0.006 -14"><span class='ocrx_word' id='word_1_62' title='bbox 202 856 398 891; x_wconf 87' lang='lat' dir='ltr'>audendum</span> <span class='ocrx_word' id='word_1_63' title='bbox 413 858 490 892; x_wconf 71' lang='lat' dir='ltr'>est!</span> <span class='ocrx_word' id='word_1_64' title='bbox 533 859 592 892; x_wconf 89' lang='lat' dir='ltr'>Sic</span> <span class='ocrx_word' id='word_1_65' title='bbox 609 863 646 892; x_wconf 88' lang='lat' dir='ltr'>et</span> <span class='ocrx_word' id='word_1_66' title='bbox 659 859 820 892; x_wconf 75' lang='lat' dir='ltr'><strong><em>temeritas</em></strong></span> <span class='ocrx_word' id='word_1_67' title='bbox 834 869 910 902; x_wconf 90' lang='lat' dir='ltr'>pro,</span> 
     </span>
     <span class='ocr_line' id='line_1_13' title="bbox 204 907 908 944; baseline 0.007 -5"><span class='ocrx_word' id='word_1_68' title='bbox 204 907 360 941; x_wconf 88' lang='lat' dir='ltr'>audacia.</span> <span class='ocrx_word' id='word_1_69' title='bbox 383 909 509 943; x_wconf 89' lang='lat' dir='ltr'>Senec.</span> <span class='ocrx_word' id='word_1_70' title='bbox 523 909 569 942; x_wconf 87' lang='lat' dir='ltr'>de</span> <span class='ocrx_word' id='word_1_71' title='bbox 582 908 703 943; x_wconf 88' lang='lat' dir='ltr'>Benef.</span> <span class='ocrx_word' id='word_1_72' title='bbox 718 910 778 943; x_wconf 90' lang='lat' dir='ltr'>lib.</span> <span class='ocrx_word' id='word_1_73' title='bbox 793 919 861 944; x_wconf 82' lang='lat' dir='ltr'>vn.</span> <span class='ocrx_word' id='word_1_74' title='bbox 875 913 908 944; x_wconf 78' lang='lat'>3.</span> 
     </span>
     <span class='ocr_line' id='line_1_14' title="bbox 203 956 908 995; baseline 0.007 -5"><span class='ocrx_word' id='word_1_75' title='bbox 203 956 300 991; x_wconf 89' lang='lat' dir='ltr'>‘Nec</span> <span class='ocrx_word' id='word_1_76' title='bbox 327 958 392 992; x_wconf 88' lang='lat' dir='ltr'>hoc</span> <span class='ocrx_word' id='word_1_77' title='bbox 416 958 607 993; x_wconf 81' lang='lat' dir='ltr'>Alexandri</span> <span class='ocrx_word' id='word_1_78' title='bbox 633 965 766 994; x_wconf 88' lang='lat' dir='ltr'>tantum</span> <span class='ocrx_word' id='word_1_79' title='bbox 787 962 908 995; x_wconf 85' lang='lat' dir='ltr'>vitium</span> 
     </span>
     <span class='ocr_line' id='line_1_15' title="bbox 204 1007 908 1056; baseline 0.009 -16"><span class='ocrx_word' id='word_1_80' title='bbox 204 1007 287 1049; x_wconf 81' lang='lat' dir='ltr'>fuit,</span> <span class='ocrx_word' id='word_1_81' title='bbox 314 1020 415 1053; x_wconf 86' lang='lat' dir='ltr'>quem</span> <span class='ocrx_word' id='word_1_82' title='bbox 445 1021 510 1054; x_wconf 88' lang='lat' dir='ltr'>per</span> <span class='ocrx_word' id='word_1_83' title='bbox 535 1011 651 1045; x_wconf 82' lang='lat' dir='ltr'>Liberi</span> <span class='ocrx_word' id='word_1_84' title='bbox 677 1012 908 1056; x_wconf 77' lang='lat' dir='ltr'>Herculisque</span> 
     </span>
     <span class='ocr_line' id='line_1_16' title="bbox 203 1060 907 1105; baseline 0.009 -14"><span class='ocrx_word' id='word_1_85' title='bbox 203 1060 351 1102; x_wconf 56' lang='lat' dir='ltr'>vestigia*</span> <span class='ocrx_word' id='word_1_86' title='bbox 363 1061 448 1094; x_wconf 86' lang='lat' dir='ltr'>felix</span> <span class='ocrx_word' id='word_1_87' title='bbox 460 1063 637 1096; x_wconf 85' lang='lat' dir='ltr'>temeritas</span> <span class='ocrx_word' id='word_1_88' title='bbox 651 1063 749 1105; x_wconf 68' lang='lat' dir='ltr'>egit!</span> <span class='ocrx_word' id='word_1_89' title='bbox 782 1064 907 1098; x_wconf 82' lang='lat' dir='ltr'>Quem-</span> 
     </span>
     <span class='ocr_line' id='line_1_17' title="bbox 204 1109 907 1156; baseline 0.01 -16"><span class='ocrx_word' id='word_1_90' title='bbox 204 1109 388 1143; x_wconf 85' lang='lat' dir='ltr'>admodum</span> <span class='ocrx_word' id='word_1_91' title='bbox 409 1122 492 1154; x_wconf 84' lang='lat' dir='ltr'>ergo</span> <span class='ocrx_word' id='word_1_92' title='bbox 508 1113 574 1146; x_wconf 89' lang='lat' dir='ltr'>hoc</span> <span class='ocrx_word' id='word_1_93' title='bbox 596 1114 674 1146; x_wconf 91' lang='lat' dir='ltr'>loco</span> <span class='ocrx_word' id='word_1_94' title='bbox 692 1114 907 1156; x_wconf 80' lang='lat' dir='ltr'>Corcodilus,</span> 
     </span>
     <span class='ocr_line' id='line_1_18' title="bbox 204 1159 906 1202; baseline 0.01 -11"><span class='ocrx_word' id='word_1_95' title='bbox 204 1159 253 1192; x_wconf 83' lang='lat' dir='ltr'>sic</span> <span class='ocrx_word' id='word_1_96' title='bbox 267 1161 369 1202; x_wconf 85' lang='lat' dir='ltr'>plane</span> <span class='ocrx_word' id='word_1_97' title='bbox 394 1162 454 1195; x_wconf 90' lang='lat' dir='ltr'>lib.</span> <span class='ocrx_word' id='word_1_98' title='bbox 470 1172 510 1196; x_wconf 87' lang='lat'>11.</span> <span class='ocrx_word' id='word_1_99' title='bbox 534 1163 604 1197; x_wconf 82' lang='lat' dir='ltr'>fab.</span> <span class='ocrx_word' id='word_1_100' title='bbox 622 1167 652 1198; x_wconf 87' lang='lat'>1.</span> <span class='ocrx_word' id='word_1_101' title='bbox 697 1166 769 1197; x_wconf 90' lang='lat' dir='ltr'>Leo</span> <span class='ocrx_word' id='word_1_102' title='bbox 798 1165 906 1198; x_wconf 80' lang='lat' dir='ltr'>viato-</span> 
     </span>
     <span class='ocr_line' id='line_1_19' title="bbox 205 1211 907 1257; baseline 0.01 -16"><span class='ocrx_word' id='word_1_103' title='bbox 205 1218 279 1242; x_wconf 88' lang='lat' dir='ltr'>rem</span> <span class='ocrx_word' id='word_1_104' title='bbox 293 1211 476 1254; x_wconf 88' lang='lat' dir='ltr'>invitabat,</span> <span class='ocrx_word' id='word_1_105' title='bbox 489 1224 588 1257; x_wconf 84' lang='lat' dir='ltr'>aeque</span> <span class='ocrx_word' id='word_1_106' title='bbox 602 1215 779 1247; x_wconf 87' lang='lat' dir='ltr'>timidum:</span> <span class='ocrx_word' id='word_1_107' title='bbox 803 1216 813 1234; x_wconf 87' lang='lat'>‘</span> <span class='ocrx_word' id='word_1_108' title='bbox 827 1216 907 1248; x_wconf 90' lang='lat' dir='ltr'>Non</span> 
     </span>
     <span class='ocr_line' id='line_1_20' title="bbox 204 1263 910 1308; baseline 0.008 -16"><span class='ocrx_word' id='word_1_109' title='bbox 204 1265 261 1293; x_wconf 84' lang='lat' dir='ltr'>est</span> <span class='ocrx_word' id='word_1_110' title='bbox 283 1263 374 1305; x_wconf 91' lang='lat' dir='ltr'>quod</span> <span class='ocrx_word' id='word_1_111' title='bbox 395 1264 528 1306; x_wconf 85' lang='lat' dir='ltr'>timeas,</span> <span class='ocrx_word' id='word_1_112' title='bbox 553 1265 616 1306; x_wconf 88' lang='lat' dir='ltr'>ait,</span> <span class='ocrx_word' id='word_1_113' title='bbox 638 1265 685 1298; x_wconf 86' lang='lat' dir='ltr'>Et</span> <span class='ocrx_word' id='word_1_114' title='bbox 707 1275 782 1308; x_wconf 80' lang='lat' dir='ltr'>quae</span> <span class='ocrx_word' id='word_1_115' title='bbox 803 1266 910 1299; x_wconf 88' lang='lat' dir='ltr'>debe-</span> 
     </span>
     <span class='ocr_line' id='line_1_21' title="bbox 205 1315 910 1358; baseline 0.007 -14"><span class='ocrx_word' id='word_1_116' title='bbox 205 1315 265 1345; x_wconf 87' lang='lat' dir='ltr'>tur</span> <span class='ocrx_word' id='word_1_117' title='bbox 299 1322 378 1354; x_wconf 84' lang='lat' dir='ltr'>pars</span> <span class='ocrx_word' id='word_1_118' title='bbox 414 1318 484 1347; x_wconf 85' lang='lat' dir='ltr'>tuae</span> <span class='ocrx_word' id='word_1_119' title='bbox 521 1315 713 1358; x_wconf 76' lang='lat' dir='ltr'>modestiae,</span> <span class='ocrx_word' id='word_1_120' title='bbox 747 1317 910 1349; x_wconf 73' lang='lat' dir='ltr'>Audacter</span> 
     </span>
     <span class='ocr_line' id='line_1_22' title="bbox 203 1363 908 1410; baseline 0.004 -14"><span class='ocrx_word' id='word_1_121' title='bbox 203 1363 313 1396; x_wconf 69' lang='lat' dir='ltr'>tolle!</span> <span class='ocrx_word' id='word_1_122' title='bbox 355 1363 426 1396; x_wconf 90' lang='lat' dir='ltr'>Ubi</span> <span class='ocrx_word' id='word_1_123' title='bbox 440 1366 511 1398; x_wconf 91' lang='lat' dir='ltr'>Leo</span> <span class='ocrx_word' id='word_1_124' title='bbox 524 1365 611 1398; x_wconf 90' lang='lat' dir='ltr'>dicit</span> <span class='ocrx_word' id='word_1_125' title='bbox 625 1367 790 1408; x_wconf 78' lang='lat' dir='ltr'>audacter,</span> <span class='ocrx_word' id='word_1_126' title='bbox 818 1367 908 1410; x_wconf 90' lang='lat' dir='ltr'>quod</span> 
     </span>
     <span class='ocr_line' id='line_1_23' title="bbox 207 1413 909 1460; baseline 0.007 -14"><span class='ocrx_word' id='word_1_127' title='bbox 207 1413 410 1448; x_wconf 84' lang='lat' dir='ltr'>Corcodilus</span> <span class='ocrx_word' id='word_1_128' title='bbox 438 1417 493 1449; x_wconf 84' lang='lat' dir='ltr'>hic</span> <span class='ocrx_word' id='word_1_129' title='bbox 516 1420 643 1449; x_wconf 76' lang='lat' dir='ltr'>temere.</span> <span class='ocrx_word' id='word_1_130' title='bbox 688 1417 805 1460; x_wconf 82' lang='lat' dir='ltr'>Atque</span> <span class='ocrx_word' id='word_1_131' title='bbox 833 1418 909 1451; x_wconf 83' lang='lat' dir='ltr'>haec</span> 
     </span>
     <span class='ocr_line' id='line_1_24' title="bbox 206 1466 911 1510; baseline 0.004 -12"><span class='ocrx_word' id='word_1_132' title='bbox 206 1466 280 1507; x_wconf 87' lang='lat' dir='ltr'>ejus</span> <span class='ocrx_word' id='word_1_133' title='bbox 295 1467 426 1500; x_wconf 83' lang='lat' dir='ltr'>voculae</span> <span class='ocrx_word' id='word_1_134' title='bbox 447 1468 498 1500; x_wconf 88' lang='lat' dir='ltr'>vis</span> <span class='ocrx_word' id='word_1_135' title='bbox 513 1468 632 1510; x_wconf 82' lang='lat' dir='ltr'>ignota</span> <span class='ocrx_word' id='word_1_136' title='bbox 657 1472 694 1501; x_wconf 88' lang='lat' dir='ltr'>et</span> <span class='ocrx_word' id='word_1_137' title='bbox 715 1479 785 1501; x_wconf 88' lang='lat' dir='ltr'>non</span> <span class='ocrx_word' id='word_1_138' title='bbox 811 1469 911 1502; x_wconf 90' lang='lat' dir='ltr'>iutel-</span> 
     </span>
     <span class='ocr_line' id='line_1_25' title="bbox 204 1517 910 1563; baseline 0.006 -13"><span class='ocrx_word' id='word_1_139' title='bbox 204 1517 300 1550; x_wconf 83' lang='lat' dir='ltr'>lecta</span> <span class='ocrx_word' id='word_1_140' title='bbox 321 1518 476 1552; x_wconf 86' lang='lat' dir='ltr'>barbaris</span> <span class='ocrx_word' id='word_1_141' title='bbox 505 1520 779 1563; x_wconf 77' lang='lat' dir='ltr'>descriptoribus</span> <span class='ocrx_word' id='word_1_142' title='bbox 806 1521 910 1554; x_wconf 87' lang='lat' dir='ltr'>facile</span> 
     </span>
     <span class='ocr_line' id='line_1_26' title="bbox 206 1570 911 1612; baseline 0.006 -13"><span class='ocrx_word' id='word_1_143' title='bbox 206 1576 344 1601; x_wconf 81' lang='lat' dir='ltr'>causam</span> <span class='ocrx_word' id='word_1_144' title='bbox 353 1570 603 1612; x_wconf 87' lang='lat' dir='ltr'>corrumpendo</span> <span class='ocrx_word' id='word_1_145' title='bbox 613 1571 690 1603; x_wconf 92' lang='lat' dir='ltr'>loco</span> <span class='ocrx_word' id='word_1_146' title='bbox 702 1570 811 1604; x_wconf 88' lang='lat' dir='ltr'>dedit.</span> <span class='ocrx_word' id='word_1_147' title='bbox 827 1571 911 1604; x_wconf 90' lang='lat' dir='ltr'>Cre-</span> 
     </span>
     <span class='ocr_line' id='line_1_27' title="bbox 206 1617 911 1664; baseline 0.007 -14"><span class='ocrx_word' id='word_1_148' title='bbox 206 1617 372 1652; x_wconf 86' lang='lat' dir='ltr'>diderunt</span> <span class='ocrx_word' id='word_1_149' title='bbox 386 1621 478 1653; x_wconf 86' lang='lat' dir='ltr'>enim</span> <span class='ocrx_word' id='word_1_150' title='bbox 495 1621 606 1654; x_wconf 80' lang='lat' dir='ltr'>timere</span> <span class='ocrx_word' id='word_1_151' title='bbox 620 1622 734 1664; x_wconf 88' lang='lat' dir='ltr'>potius</span> <span class='ocrx_word' id='word_1_152' title='bbox 759 1621 911 1655; x_wconf 86' lang='lat' dir='ltr'>scriben-</span> 
     </span>
     <span class='ocr_line' id='line_1_28' title="bbox 206 1668 910 1715; baseline 0.006 -14"><span class='ocrx_word' id='word_1_153' title='bbox 206 1668 302 1711; x_wconf 89' lang='lat' dir='ltr'>dum,</span> <span class='ocrx_word' id='word_1_154' title='bbox 318 1680 420 1712; x_wconf 86' lang='lat' dir='ltr'>quam</span> <span class='ocrx_word' id='word_1_155' title='bbox 431 1675 559 1713; x_wconf 79' lang='lat' dir='ltr'>temere,</span> <span class='ocrx_word' id='word_1_156' title='bbox 573 1677 614 1704; x_wconf 90' lang='lat' dir='ltr'>ut</span> <span class='ocrx_word' id='word_1_157' title='bbox 636 1673 666 1705; x_wconf 92' lang='lat' dir='ltr'>E</span> <span class='ocrx_word' id='word_1_158' title='bbox 690 1677 728 1705; x_wconf 92' lang='lat' dir='ltr'>et</span> <span class='ocrx_word' id='word_1_159' title='bbox 746 1672 765 1705; x_wconf 93' lang='lat'>1</span> <span class='ocrx_word' id='word_1_160' title='bbox 783 1673 910 1715; x_wconf 81' lang='lat' dir='ltr'>passim</span> 
     </span>
     <span class='ocr_line' id='line_1_29' title="bbox 205 1719 912 1763; baseline 0.004 -11"><span class='ocrx_word' id='word_1_161' title='bbox 205 1719 241 1751; x_wconf 87' lang='lat' dir='ltr'>in</span> <span class='ocrx_word' id='word_1_162' title='bbox 258 1721 501 1763; x_wconf 82' lang='lat' dir='ltr'>antiquissimis</span> <span class='ocrx_word' id='word_1_163' title='bbox 512 1722 690 1756; x_wconf 87' lang='lat' dir='ltr'>codicibus</span> <span class='ocrx_word' id='word_1_164' title='bbox 700 1722 912 1755; x_wconf 85' lang='lat' dir='ltr'>confundun-</span> 
     </span>
     <span class='ocr_line' id='line_1_30' title="bbox 207 1771 910 1815; baseline 0.004 -13"><span class='ocrx_word' id='word_1_165' title='bbox 207 1774 287 1811; x_wconf 86' lang='lat' dir='ltr'>tur;</span> <span class='ocrx_word' id='word_1_166' title='bbox 309 1771 387 1804; x_wconf 84' lang='lat' dir='ltr'>hinc</span> <span class='ocrx_word' id='word_1_167' title='bbox 410 1772 512 1804; x_wconf 81' lang='lat' dir='ltr'>aliter</span> <span class='ocrx_word' id='word_1_168' title='bbox 533 1782 603 1804; x_wconf 91' lang='lat' dir='ltr'>non</span> <span class='ocrx_word' id='word_1_169' title='bbox 625 1777 784 1815; x_wconf 87' lang='lat' dir='ltr'>potuere,</span> <span class='ocrx_word' id='word_1_170' title='bbox 806 1782 910 1814; x_wconf 82' lang='lat' dir='ltr'>quam</span> 
     </span>
     <span class='ocr_line' id='line_1_31' title="bbox 207 1821 911 1864; baseline 0.006 -13"><span class='ocrx_word' id='word_1_171' title='bbox 207 1829 252 1852; x_wconf 83' lang='lat' dir='ltr'>ex</span> <span class='ocrx_word' id='word_1_172' title='bbox 281 1821 359 1853; x_wconf 79' lang='lat' dir='ltr'>Nico</span> <span class='ocrx_word' id='word_1_173' title='bbox 379 1825 506 1864; x_wconf 73' lang='lat' dir='ltr'>temere,</span> <span class='ocrx_word' id='word_1_174' title='bbox 529 1821 647 1855; x_wconf 85' lang='lat' dir='ltr'>facere</span> <span class='ocrx_word' id='word_1_175' title='bbox 674 1823 751 1855; x_wconf 75' lang='lat' dir='ltr'>Noli</span> <span class='ocrx_word' id='word_1_176' title='bbox 789 1824 911 1864; x_wconf 80' lang='lat' dir='ltr'>timere,</span> 
     </span>
     <span class='ocr_line' id='line_1_32' title="bbox 208 1870 909 1913; baseline 0.004 -10"><span class='ocrx_word' id='word_1_177' title='bbox 208 1870 364 1913; x_wconf 86' lang='lat' dir='ltr'>trajectis</span> <span class='ocrx_word' id='word_1_178' title='bbox 394 1872 503 1905; x_wconf 88' lang='lat' dir='ltr'>literis</span> <span class='ocrx_word' id='word_1_179' title='bbox 527 1874 622 1906; x_wconf 86' lang='lat' dir='ltr'>vocis</span> <span class='ocrx_word' id='word_1_180' title='bbox 649 1874 725 1906; x_wconf 79' lang='lat' dir='ltr'>Nilo</span> <span class='ocrx_word' id='word_1_181' title='bbox 753 1874 788 1906; x_wconf 91' lang='lat' dir='ltr'>in</span> <span class='ocrx_word' id='word_1_182' title='bbox 819 1874 909 1906; x_wconf 80' lang='lat' dir='ltr'>Noli.</span> 
     </span>
     <span class='ocr_line' id='line_1_33' title="bbox 207 1922 911 1966; baseline 0.006 -12"><span class='ocrx_word' id='word_1_183' title='bbox 207 1922 261 1954; x_wconf 87' lang='lat' dir='ltr'>De</span> <span class='ocrx_word' id='word_1_184' title='bbox 276 1922 345 1954; x_wconf 77' lang='lat' dir='ltr'>dolo</span> <span class='ocrx_word' id='word_1_185' title='bbox 358 1923 422 1955; x_wconf 77' lang='lat' dir='ltr'>noli</span> <span class='ocrx_word' id='word_1_186' title='bbox 434 1924 550 1966; x_wconf 75' lang='lat' dir='ltr'>vereri]</span> <span class='ocrx_word' id='word_1_187' title='bbox 587 1925 645 1957; x_wconf 93' lang='lat' dir='ltr'>Sic</span> <span class='ocrx_word' id='word_1_188' title='bbox 660 1925 795 1966; x_wconf 89' lang='lat' dir='ltr'>Cicero,</span> <span class='ocrx_word' id='word_1_189' title='bbox 821 1926 831 1944; x_wconf 90' lang='lat'>‘</span> <span class='ocrx_word' id='word_1_190' title='bbox 844 1926 911 1957; x_wconf 88' lang='lat' dir='ltr'>Ve-</span> 
     </span>
     <span class='ocr_line' id='line_1_34' title="bbox 208 1973 911 2009; baseline 0.007 -5"><span class='ocrx_word' id='word_1_191' title='bbox 208 1982 287 2005; x_wconf 86' lang='lat' dir='ltr'>reor</span> <span class='ocrx_word' id='word_1_192' title='bbox 302 1973 347 2006; x_wconf 86' lang='lat' dir='ltr'>de</span> <span class='ocrx_word' id='word_1_193' title='bbox 366 1974 424 2006; x_wconf 92' lang='lat' dir='ltr'>illo</span> <span class='ocrx_word' id='word_1_194' title='bbox 439 1974 462 2007; x_wconf 71' lang='grc' dir='ltr'>ε’</span> <span class='ocrx_word' id='word_1_195' title='bbox 485 1979 522 2007; x_wconf 92' lang='lat' dir='ltr'>et</span> <span class='ocrx_word' id='word_1_196' title='bbox 544 1974 587 2007; x_wconf 84' lang='lat' dir='ltr'>ad</span> <span class='ocrx_word' id='word_1_197' title='bbox 602 1976 679 2009; x_wconf 91' lang='lat' dir='ltr'>Att.</span> <span class='ocrx_word' id='word_1_198' title='bbox 694 1980 728 2009; x_wconf 83' lang='grc'>7.</span> <span class='ocrx_word' id='word_1_199' title='bbox 749 1976 760 1994; x_wconf 91' lang='lat'>‘</span> <span class='ocrx_word' id='word_1_200' title='bbox 772 1977 828 2009; x_wconf 89' lang='lat' dir='ltr'>De</span> <span class='ocrx_word' id='word_1_201' title='bbox 844 1977 911 2008; x_wconf 90' lang='lat' dir='ltr'>Re-</span> 
     </span>
     <span class='ocr_line' id='line_1_35' title="bbox 208 2023 913 2068; baseline 0.01 -14"><span class='ocrx_word' id='word_1_202' title='bbox 208 2023 348 2064; x_wconf 86' lang='lat' dir='ltr'>publica</span> <span class='ocrx_word' id='word_1_203' title='bbox 361 2024 516 2066; x_wconf 81' lang='lat' dir='ltr'>quotidie</span> <span class='ocrx_word' id='word_1_204' title='bbox 535 2026 644 2068; x_wconf 81' lang='lat' dir='ltr'>magis</span> <span class='ocrx_word' id='word_1_205' title='bbox 671 2027 801 2060; x_wconf 87' lang='lat' dir='ltr'>timeo.&#39;</span> <span class='ocrx_word' id='word_1_206' title='bbox 847 2028 913 2060; x_wconf 83' lang='lat' dir='ltr'>Ca-</span> 
     </span>
     <span class='ocr_line' id='line_1_36' title="bbox 208 2074 911 2116; baseline 0.009 -11"><span class='ocrx_word' id='word_1_207' title='bbox 208 2074 285 2106; x_wconf 88' lang='lat' dir='ltr'>tull.</span> <span class='ocrx_word' id='word_1_208' title='bbox 299 2074 400 2116; x_wconf 84' lang='lat' dir='ltr'>Epig.</span> <span class='ocrx_word' id='word_1_209' title='bbox 415 2083 477 2107; x_wconf 83' lang='lat' dir='ltr'>xv.</span> <span class='ocrx_word' id='word_1_210' title='bbox 498 2075 646 2108; x_wconf 89' lang='lat' dir='ltr'>‘Verum</span> <span class='ocrx_word' id='word_1_211' title='bbox 669 2086 689 2108; x_wconf 86' lang='lat' dir='ltr'>a</span> <span class='ocrx_word' id='word_1_212' title='bbox 711 2081 747 2110; x_wconf 85' lang='lat' dir='ltr'>te</span> <span class='ocrx_word' id='word_1_213' title='bbox 769 2077 911 2112; x_wconf 86' lang='lat' dir='ltr'>metuo.’</span> 
     </span>
     <span class='ocr_line' id='line_1_37' title="bbox 208 2125 910 2170; baseline 0.004 -12"><span class='ocrx_word' id='word_1_214' title='bbox 208 2125 365 2158; x_wconf 79' lang='lat' dir='ltr'>Pitlioeus</span> <span class='ocrx_word' id='word_1_215' title='bbox 381 2135 462 2157; x_wconf 85' lang='lat' dir='ltr'>vero</span> <span class='ocrx_word' id='word_1_216' title='bbox 474 2126 595 2168; x_wconf 86' lang='lat' dir='ltr'>edidit,</span> <span class='ocrx_word' id='word_1_217' title='bbox 608 2131 640 2160; x_wconf 83' lang='lat' dir='ltr'>et</span> <span class='ocrx_word' id='word_1_218' title='bbox 653 2128 748 2170; x_wconf 83' lang='lat' dir='ltr'>dolos,</span> <span class='ocrx_word' id='word_1_219' title='bbox 762 2127 910 2161; x_wconf 75' lang='lat' dir='ltr'>fortasse</span> 
     </span>
     <span class='ocr_line' id='line_1_38' title="bbox 208 2175 911 2218; baseline 0.007 -11"><span class='ocrx_word' id='word_1_220' title='bbox 208 2175 330 2208; x_wconf 91' lang='lat' dir='ltr'>librum</span> <span class='ocrx_word' id='word_1_221' title='bbox 345 2185 443 2208; x_wconf 87' lang='lat' dir='ltr'>suum</span> <span class='ocrx_word' id='word_1_222' title='bbox 464 2182 626 2218; x_wconf 88' lang='lat' dir='ltr'>secutus;</span> <span class='ocrx_word' id='word_1_223' title='bbox 648 2178 739 2211; x_wconf 89' lang='lat' dir='ltr'>unde</span> <span class='ocrx_word' id='word_1_224' title='bbox 764 2177 911 2212; x_wconf 87' lang='lat' dir='ltr'>fortasse</span> 
     </span>
     <span class='ocr_line' id='line_1_39' title="bbox 210 2228 911 2271; baseline 0.003 -11"><span class='ocrx_word' id='word_1_225' title='bbox 210 2228 338 2260; x_wconf 77' lang='lat' dir='ltr'>rectius</span> <span class='ocrx_word' id='word_1_226' title='bbox 354 2228 398 2260; x_wconf 86' lang='lat' dir='ltr'>ad</span> <span class='ocrx_word' id='word_1_227' title='bbox 413 2229 560 2271; x_wconf 83' lang='lat' dir='ltr'>vestigia</span> <span class='ocrx_word' id='word_1_228' title='bbox 573 2229 652 2261; x_wconf 84' lang='lat' dir='ltr'>libri</span> <span class='ocrx_word' id='word_1_229' title='bbox 667 2230 848 2262; x_wconf 88' lang='lat' dir='ltr'>Remensis</span> <span class='ocrx_word' id='word_1_230' title='bbox 862 2230 911 2262; x_wconf 87' lang='lat' dir='ltr'>le-</span> 
     </span>
     <span class='ocr_line' id='line_1_40' title="bbox 208 2278 911 2323; baseline 0.004 -13"><span class='ocrx_word' id='word_1_231' title='bbox 208 2278 254 2320; x_wconf 85' lang='lat' dir='ltr'>gi,</span> <span class='ocrx_word' id='word_1_232' title='bbox 279 2278 341 2311; x_wconf 80' lang='lat' dir='ltr'>Sed</span> <span class='ocrx_word' id='word_1_233' title='bbox 350 2280 436 2312; x_wconf 83' lang='lat' dir='ltr'>dolos</span> <span class='ocrx_word' id='word_1_234' title='bbox 451 2280 530 2312; x_wconf 83' lang='lat' dir='ltr'>Noli</span> <span class='ocrx_word' id='word_1_235' title='bbox 540 2280 653 2313; x_wconf 82' lang='lat' dir='ltr'>vereri.</span> <span class='ocrx_word' id='word_1_236' title='bbox 695 2280 911 2323; x_wconf 83' lang='lat' dir='ltr'>Elegansille</span> 
     </span>
    </p>
   </div>
   <div class='ocr_carea' id='block_1_3' title="bbox 667 253 1195 287">
    <p class='ocr_par' dir='ltr' id='par_1_3' title="bbox 667 253 1195 287">
     <span class='ocr_line' id='line_1_41' title="bbox 667 253 1195 287; baseline 0.004 -2"><span class='ocrx_word' id='word_1_237' title='bbox 667 253 810 286; x_wconf 82' lang='lat' dir='ltr'>NOTAE</span> <span class='ocrx_word' id='word_1_238' title='bbox 846 253 1109 287; x_wconf 76' lang='lat' dir='ltr'>VAmoRUM</span> <span class='ocrx_word' id='word_1_239' title='bbox 1143 256 1195 287; x_wconf 85' lang='lat' dir='ltr'>IN</span> 
     </span>
    </p>
   </div>
   <div class='ocr_carea' id='block_1_4' title="bbox 955 349 1660 596">
    <p class='ocr_par' dir='ltr' id='par_1_4' title="bbox 955 349 1660 596">
     <span class='ocr_line' id='line_1_42' title="bbox 957 349 1658 394; baseline 0.004 -11"><span class='ocrx_word' id='word_1_240' title='bbox 957 355 1013 384; x_wconf 87' lang='lat' dir='ltr'>est</span> <span class='ocrx_word' id='word_1_241' title='bbox 1024 361 1105 384; x_wconf 88' lang='lat' dir='ltr'>usus</span> <span class='ocrx_word' id='word_1_242' title='bbox 1116 351 1293 394; x_wconf 68' lang='lat' dir='ltr'>particulae</span> <span class='ocrx_word' id='word_1_243' title='bbox 1304 352 1359 385; x_wconf 78' lang='lat' dir='ltr'>sed</span> <span class='ocrx_word' id='word_1_244' title='bbox 1371 362 1384 390; x_wconf 91' lang='lat'>,·</span> <span class='ocrx_word' id='word_1_245' title='bbox 1399 354 1440 384; x_wconf 91' lang='lat' dir='ltr'>ut</span> <span class='ocrx_word' id='word_1_246' title='bbox 1451 349 1542 394; x_wconf 83' lang='lat' dir='ltr'>apud</span> <span class='ocrx_word' id='word_1_247' title='bbox 1557 350 1658 386; x_wconf 82' lang='lat' dir='ltr'>Cice·</span> 
     </span>
     <span class='ocr_line' id='line_1_43' title="bbox 955 402 1659 446; baseline 0 -12"><span class='ocrx_word' id='word_1_248' title='bbox 955 411 1087 444; x_wconf 88' lang='lat' dir='ltr'>ronem,</span> <span class='ocrx_word' id='word_1_249' title='bbox 1117 403 1289 444; x_wconf 78' lang='lat' dir='ltr'>Plautum,</span> <span class='ocrx_word' id='word_1_250' title='bbox 1330 403 1469 435; x_wconf 80' lang='lat' dir='ltr'>Terent.</span> <span class='ocrx_word' id='word_1_251' title='bbox 1504 402 1659 446; x_wconf 78' lang='lat' dir='ltr'>aliosque</span> 
     </span>
     <span class='ocr_line' id='line_1_44' title="bbox 957 452 1659 495; baseline 0.001 -10"><span class='ocrx_word' id='word_1_252' title='bbox 957 453 1094 495; x_wconf 78' lang='lat' dir='ltr'>saepius.</span> <span class='ocrx_word' id='word_1_253' title='bbox 1138 454 1196 486; x_wconf 87' lang='lat' dir='ltr'>Sic</span> <span class='ocrx_word' id='word_1_254' title='bbox 1220 454 1350 486; x_wconf 85' lang='lat' dir='ltr'>Noster</span> <span class='ocrx_word' id='word_1_255' title='bbox 1373 453 1431 485; x_wconf 90' lang='lat' dir='ltr'>lib.</span> <span class='ocrx_word' id='word_1_256' title='bbox 1445 461 1495 485; x_wconf 75' lang='grc' dir='ltr'>ιν.</span> <span class='ocrx_word' id='word_1_257' title='bbox 1515 453 1527 471; x_wconf 91' lang='lat'>‘</span> <span class='ocrx_word' id='word_1_258' title='bbox 1540 452 1659 486; x_wconf 82' lang='lat' dir='ltr'>Odore</span> 
     </span>
     <span class='ocr_line' id='line_1_45' title="bbox 957 502 1660 546; baseline 0 -10"><span class='ocrx_word' id='word_1_259' title='bbox 957 504 1098 536; x_wconf 82' lang='lat' dir='ltr'>canibus</span> <span class='ocrx_word' id='word_1_260' title='bbox 1121 514 1236 546; x_wconf 86' lang='lat' dir='ltr'>anum,</span> <span class='ocrx_word' id='word_1_261' title='bbox 1269 503 1330 536; x_wconf 88' lang='lat' dir='ltr'>sed</span> <span class='ocrx_word' id='word_1_262' title='bbox 1355 503 1478 543; x_wconf 88' lang='lat' dir='ltr'>multo,</span> <span class='ocrx_word' id='word_1_263' title='bbox 1501 502 1660 545; x_wconf 67' lang='lat' dir='ltr'>replent!</span> 
     </span>
     <span class='ocr_line' id='line_1_46' title="bbox 958 553 1660 596; baseline -0.001 -10"><span class='ocrx_word' id='word_1_264' title='bbox 958 553 1102 586; x_wconf 86' lang='lat' dir='ltr'>Cicero:</span> <span class='ocrx_word' id='word_1_265' title='bbox 1127 554 1193 585; x_wconf 89' lang='lat' dir='ltr'>‘In</span> <span class='ocrx_word' id='word_1_266' title='bbox 1211 562 1275 595; x_wconf 85' lang='lat' dir='ltr'>quo</span> <span class='ocrx_word' id='word_1_267' title='bbox 1302 553 1407 585; x_wconf 83' lang='lat' dir='ltr'>etiam</span> <span class='ocrx_word' id='word_1_268' title='bbox 1433 558 1510 585; x_wconf 83' lang='lat' dir='ltr'>erat</span> <span class='ocrx_word' id='word_1_269' title='bbox 1536 553 1660 596; x_wconf 84' lang='lat' dir='ltr'>aliquis</span> 
     </span>
    </p>
   </div>
   <div class='ocr_carea' id='block_1_5' title="bbox 943 603 1661 647">
    <p class='ocr_par' dir='ltr' id='par_1_5' title="bbox 943 603 1661 647">
     <span class='ocr_line' id='line_1_47' title="bbox 943 603 1661 647; baseline 0.003 -12"><span class='ocrx_word' id='word_1_270' title='bbox 943 609 1124 646; x_wconf 66' lang='lat' dir='ltr'>&#39;quaestus,</span> <span class='ocrx_word' id='word_1_271' title='bbox 1140 603 1201 635; x_wconf 87' lang='lat' dir='ltr'>sed</span> <span class='ocrx_word' id='word_1_272' title='bbox 1221 603 1250 634; x_wconf 90' lang='lat' dir='ltr'>is</span> <span class='ocrx_word' id='word_1_273' title='bbox 1273 603 1435 636; x_wconf 84' lang='lat' dir='ltr'>honestus</span> <span class='ocrx_word' id='word_1_274' title='bbox 1462 607 1566 647; x_wconf 80' lang='lat' dir='ltr'>atque</span> <span class='ocrx_word' id='word_1_275' title='bbox 1580 613 1661 637; x_wconf 86' lang='lat' dir='ltr'>con·</span> 
     </span>
    </p>
   </div>
   <div class='ocr_carea' id='block_1_6' title="bbox 959 653 1673 2316">
    <p class='ocr_par' dir='ltr' id='par_1_6' title="bbox 959 653 1220 686">
     <span class='ocr_line' id='line_1_48' title="bbox 959 653 1220 686; baseline -0.004 0"><span class='ocrx_word' id='word_1_276' title='bbox 959 653 1096 686; x_wconf 69' lang='lat' dir='ltr'>cessus!</span> <span class='ocrx_word' id='word_1_277' title='bbox 1133 654 1220 686; x_wconf 84' lang='lat' dir='ltr'>Gud.</span> 
     </span>
    </p>

    <p class='ocr_par' dir='ltr' id='par_1_7' title="bbox 959 702 1666 1249">
     <span class='ocr_line' id='line_1_49' title="bbox 1001 702 1662 745; baseline 0.003 -10"><span class='ocrx_word' id='word_1_278' title='bbox 1001 703 1134 744; x_wconf 86' lang='lat' dir='ltr'>Lambe]</span> <span class='ocrx_word' id='word_1_279' title='bbox 1157 704 1252 745; x_wconf 84' lang='lat' dir='ltr'>Lege</span> <span class='ocrx_word' id='word_1_280' title='bbox 1266 702 1411 736; x_wconf 66' lang='lat' dir='ltr'>&amp;nuber-e.</span> <span class='ocrx_word' id='word_1_281' title='bbox 1451 703 1611 737; x_wconf 84' lang='lat' dir='ltr'>Secunda</span> <span class='ocrx_word' id='word_1_282' title='bbox 1624 704 1662 737; x_wconf 88' lang='lat' dir='ltr'>in</span> 
     </span>
     <span class='ocr_line' id='line_1_50' title="bbox 959 753 1661 798; baseline 0.004 -13"><span class='ocrx_word' id='word_1_283' title='bbox 959 753 1092 785; x_wconf 75' lang='lat' dir='ltr'>lambere</span> <span class='ocrx_word' id='word_1_284' title='bbox 1107 757 1161 786; x_wconf 91' lang='lat' dir='ltr'>est</span> <span class='ocrx_word' id='word_1_285' title='bbox 1183 753 1427 786; x_wconf 79' lang='lat' dir='ltr'>dissimulanda</span> <span class='ocrx_word' id='word_1_286' title='bbox 1447 755 1661 798; x_wconf 83' lang='lat' dir='ltr'>antiquorum</span> 
     </span>
     <span class='ocr_line' id='line_1_51' title="bbox 960 802 1665 848; baseline 0.004 -12"><span class='ocrx_word' id='word_1_287' title='bbox 960 813 1067 844; x_wconf 87' lang='lat' dir='ltr'>more,</span> <span class='ocrx_word' id='word_1_288' title='bbox 1090 803 1189 845; x_wconf 86' lang='lat' dir='ltr'>quasi</span> <span class='ocrx_word' id='word_1_289' title='bbox 1212 806 1305 835; x_wconf 89' lang='lat' dir='ltr'>esset</span> <span class='ocrx_word' id='word_1_290' title='bbox 1329 802 1457 836; x_wconf 79' lang='lat' dir='ltr'>lambre.</span> <span class='ocrx_word' id='word_1_291' title='bbox 1498 804 1557 838; x_wconf 77' lang='lat' dir='ltr'>Ita</span> <span class='ocrx_word' id='word_1_292' title='bbox 1583 809 1665 848; x_wconf 76' lang='lat' dir='ltr'>post</span> 
     </span>
     <span class='ocr_line' id='line_1_52' title="bbox 961 854 1664 890; baseline 0.003 -2"><span class='ocrx_word' id='word_1_293' title='bbox 961 854 1068 889; x_wconf 82' lang='lat' dir='ltr'>fabul.</span> <span class='ocrx_word' id='word_1_294' title='bbox 1080 859 1134 889; x_wconf 81' lang='grc'>73.</span> <span class='ocrx_word' id='word_1_295' title='bbox 1164 855 1175 874; x_wconf 85' lang='lat'>‘</span> <span class='ocrx_word' id='word_1_296' title='bbox 1187 855 1350 888; x_wconf 89' lang='lat' dir='ltr'>Periculo</span> <span class='ocrx_word' id='word_1_297' title='bbox 1362 855 1372 871; x_wconf 91' lang='lat'><em>&#39;</em></span> <span class='ocrx_word' id='word_1_298' title='bbox 1394 855 1430 888; x_wconf 89' lang='lat' dir='ltr'>in</span> <span class='ocrx_word' id='word_1_299' title='bbox 1455 855 1664 890; x_wconf 79' lang='lat' dir='ltr'>dimensione</span> 
     </span>
     <span class='ocr_line' id='line_1_53' title="bbox 961 907 1665 950; baseline 0.001 -10"><span class='ocrx_word' id='word_1_300' title='bbox 961 912 1018 940; x_wconf 81' lang='lat' dir='ltr'>cst</span> <span class='ocrx_word' id='word_1_301' title='bbox 1046 907 1266 950; x_wconf 87' lang='lat' dir='ltr'>bisyllabum.</span> <span class='ocrx_word' id='word_1_302' title='bbox 1324 907 1382 940; x_wconf 84' lang='lat' dir='ltr'>Ita</span> <span class='ocrx_word' id='word_1_303' title='bbox 1408 907 1665 941; x_wconf 77' lang='lat' dir='ltr'>‘Arunculeia’</span> 
     </span>
     <span class='ocr_line' id='line_1_54' title="bbox 961 957 1666 1001; baseline 0.001 -11"><span class='ocrx_word' id='word_1_304' title='bbox 961 957 1252 1001; x_wconf 85' lang='lat' dir='ltr'>quadrisyllabum</span> <span class='ocrx_word' id='word_1_305' title='bbox 1279 961 1335 990; x_wconf 83' lang='lat' dir='ltr'>est</span> <span class='ocrx_word' id='word_1_306' title='bbox 1360 957 1452 1000; x_wconf 86' lang='lat' dir='ltr'>apud</span> <span class='ocrx_word' id='word_1_307' title='bbox 1483 958 1666 992; x_wconf 80' lang='lat' dir='ltr'>Catullum.</span> 
     </span>
     <span class='ocr_line' id='line_1_55' title="bbox 961 1008 1666 1051; baseline 0.001 -10"><span class='ocrx_word' id='word_1_308' title='bbox 961 1008 1020 1041; x_wconf 89' lang='lat' dir='ltr'>Sic</span> <span class='ocrx_word' id='word_1_309' title='bbox 1061 1008 1072 1027; x_wconf 85' lang='lat'>‘</span> <span class='ocrx_word' id='word_1_310' title='bbox 1097 1008 1290 1051; x_wconf 87' lang='lat' dir='ltr'>Copulata’</span> <span class='ocrx_word' id='word_1_311' title='bbox 1339 1008 1430 1051; x_wconf 81' lang='lat' dir='ltr'>apud</span> <span class='ocrx_word' id='word_1_312' title='bbox 1468 1009 1666 1042; x_wconf 75' lang='lat' dir='ltr'>Lucretium</span> 
     </span>
     <span class='ocr_line' id='line_1_56' title="bbox 963 1061 1666 1095; baseline 0.003 -3"><span class='ocrx_word' id='word_1_313' title='bbox 963 1068 1013 1094; x_wconf 82' lang='grc' dir='ltr'>νι.</span> <span class='ocrx_word' id='word_1_314' title='bbox 1031 1063 1127 1093; x_wconf 86' lang='grc'><strong>1086.</strong></span> <span class='ocrx_word' id='word_1_315' title='bbox 1149 1062 1310 1094; x_wconf 79' lang='lat' dir='ltr'>Buchner.</span> <span class='ocrx_word' id='word_1_316' title='bbox 1354 1061 1500 1095; x_wconf 77' lang='lat' dir='ltr'>Interim</span> <span class='ocrx_word' id='word_1_317' title='bbox 1523 1067 1591 1094; x_wconf 84' lang='lat' dir='ltr'>non</span> <span class='ocrx_word' id='word_1_318' title='bbox 1616 1061 1666 1094; x_wconf 81' lang='lat' dir='ltr'>vi-</span> 
     </span>
     <span class='ocr_line' id='line_1_57' title="bbox 961 1112 1666 1156; baseline 0.001 -11"><span class='ocrx_word' id='word_1_319' title='bbox 961 1112 1026 1146; x_wconf 89' lang='lat' dir='ltr'>deo</span> <span class='ocrx_word' id='word_1_320' title='bbox 1052 1123 1219 1155; x_wconf 80' lang='lat' dir='ltr'>caussam,</span> <span class='ocrx_word' id='word_1_321' title='bbox 1252 1123 1314 1146; x_wconf 89' lang='lat' dir='ltr'>cur</span> <span class='ocrx_word' id='word_1_322' title='bbox 1337 1123 1406 1147; x_wconf 89' lang='lat' dir='ltr'>non</span> <span class='ocrx_word' id='word_1_323' title='bbox 1435 1114 1555 1147; x_wconf 78' lang='lat' dir='ltr'>melius</span> <span class='ocrx_word' id='word_1_324' title='bbox 1583 1123 1666 1156; x_wconf 78' lang='lat' dir='ltr'>qua-</span> 
     </span>
     <span class='ocr_line' id='line_1_58' title="bbox 959 1165 1666 1210; baseline 0.001 -12"><span class='ocrx_word' id='word_1_325' title='bbox 959 1165 1037 1198; x_wconf 90' lang='lat' dir='ltr'>dret</span> <span class='ocrx_word' id='word_1_326' title='bbox 1055 1166 1134 1199; x_wconf 87' lang='lat' dir='ltr'>huic</span> <span class='ocrx_word' id='word_1_327' title='bbox 1151 1167 1240 1208; x_wconf 85' lang='lat' dir='ltr'>loco,</span> <span class='ocrx_word' id='word_1_328' title='bbox 1267 1166 1377 1208; x_wconf 78' lang='lat' dir='ltr'>lambe,</span> <span class='ocrx_word' id='word_1_329' title='bbox 1404 1177 1506 1210; x_wconf 84' lang='lat' dir='ltr'>quam</span> <span class='ocrx_word' id='word_1_330' title='bbox 1520 1166 1666 1200; x_wconf 73' lang='lat' dir='ltr'>lambere.</span> 
     </span>
     <span class='ocr_line' id='line_1_59' title="bbox 959 1216 1642 1249; baseline 0.007 -1"><span class='ocrx_word' id='word_1_331' title='bbox 959 1216 1114 1249; x_wconf 85' lang='lat' dir='ltr'>Freinsh.</span> <span class='ocrx_word' id='word_1_332' title='bbox 1636 1229 1642 1234; x_wconf 93' lang='lat'>·</span> 
     </span>
    </p>

    <p class='ocr_par' dir='ltr' id='par_1_8' title="bbox 961 1266 1668 1399">
     <span class='ocr_line' id='line_1_60' title="bbox 1003 1266 1667 1310; baseline 0.003 -11"><span class='ocrx_word' id='word_1_333' title='bbox 1003 1269 1023 1299; x_wconf 84' lang='grc'><strong>7</strong></span> <span class='ocrx_word' id='word_1_334' title='bbox 1045 1266 1181 1308; x_wconf 78' lang='lat' dir='ltr'>Accede]</span> <span class='ocrx_word' id='word_1_335' title='bbox 1214 1267 1299 1309; x_wconf 87' lang='lat' dir='ltr'>Legi</span> <span class='ocrx_word' id='word_1_336' title='bbox 1323 1271 1455 1310; x_wconf 76' lang='lat' dir='ltr'>potest,</span> <span class='ocrx_word' id='word_1_337' title='bbox 1477 1267 1550 1309; x_wconf 76' lang='lat' dir='ltr'>Age</span> <span class='ocrx_word' id='word_1_338' title='bbox 1563 1269 1667 1307; x_wconf 79' lang='lat' dir='ltr'>crede,</span> 
     </span>
     <span class='ocr_line' id='line_1_61' title="bbox 961 1316 1668 1360; baseline 0.006 -12"><span class='ocrx_word' id='word_1_339' title='bbox 961 1320 1002 1349; x_wconf 92' lang='lat' dir='ltr'>ut</span> <span class='ocrx_word' id='word_1_340' title='bbox 1015 1326 1121 1358; x_wconf 86' lang='lat' dir='ltr'>supra</span> <span class='ocrx_word' id='word_1_341' title='bbox 1132 1316 1199 1351; x_wconf 86' lang='lat' dir='ltr'>fab.</span> <span class='ocrx_word' id='word_1_342' title='bbox 1215 1320 1245 1349; x_wconf 91' lang='lat'>1.</span> <span class='ocrx_word' id='word_1_343' title='bbox 1269 1318 1279 1336; x_wconf 89' lang='lat'>‘</span> <span class='ocrx_word' id='word_1_344' title='bbox 1293 1317 1367 1360; x_wconf 84' lang='lat' dir='ltr'>Age</span> <span class='ocrx_word' id='word_1_345' title='bbox 1389 1318 1479 1351; x_wconf 85' lang='lat' dir='ltr'>hanc</span> <span class='ocrx_word' id='word_1_346' title='bbox 1494 1318 1630 1352; x_wconf 80' lang='lat' dir='ltr'>bibenti</span> <span class='ocrx_word' id='word_1_347' title='bbox 1644 1318 1668 1352; x_wconf 86' lang='lat'>:&#39;</span> 
     </span>
     <span class='ocr_line' id='line_1_62' title="bbox 962 1367 1352 1399; baseline 0.003 -1"><span class='ocrx_word' id='word_1_348' title='bbox 962 1367 1019 1399; x_wconf 86' lang='lat' dir='ltr'>vel</span> <span class='ocrx_word' id='word_1_349' title='bbox 1034 1367 1110 1399; x_wconf 83' lang='lat' dir='ltr'>Huc</span> <span class='ocrx_word' id='word_1_350' title='bbox 1124 1368 1205 1399; x_wconf 86' lang='lat' dir='ltr'>cede.</span> <span class='ocrx_word' id='word_1_351' title='bbox 1228 1367 1352 1399; x_wconf 87' lang='lat' dir='ltr'>Heius.</span> 
     </span>
    </p>

    <p class='ocr_par' dir='ltr' id='par_1_9' title="bbox 962 1417 1669 1610">
     <span class='ocr_line' id='line_1_63' title="bbox 1004 1417 1667 1462; baseline 0.008 -13"><span class='ocrx_word' id='word_1_352' title='bbox 1004 1417 1136 1458; x_wconf 77' lang='lat' dir='ltr'>Accede,</span> <span class='ocrx_word' id='word_1_353' title='bbox 1149 1421 1236 1459; x_wconf 82' lang='lat' dir='ltr'>pota,</span> <span class='ocrx_word' id='word_1_354' title='bbox 1251 1418 1320 1460; x_wconf 50' lang='grc' dir='ltr'>δῖα]</span> <span class='ocrx_word' id='word_1_355' title='bbox 1335 1419 1445 1452; x_wconf 89' lang='lat' dir='ltr'>Vetus</span> <span class='ocrx_word' id='word_1_356' title='bbox 1457 1420 1590 1462; x_wconf 84' lang='lat' dir='ltr'>Codex,</span> <span class='ocrx_word' id='word_1_357' title='bbox 1602 1420 1667 1454; x_wconf 81' lang='lat' dir='ltr'>Po-</span> 
     </span>
     <span class='ocr_line' id='line_1_64' title="bbox 962 1468 1669 1512; baseline 0.007 -13"><span class='ocrx_word' id='word_1_358' title='bbox 962 1470 1010 1508; x_wconf 78' lang='lat' dir='ltr'>ta,</span> <span class='ocrx_word' id='word_1_359' title='bbox 1024 1469 1147 1509; x_wconf 80' lang='lat' dir='ltr'>accede,</span> <span class='ocrx_word' id='word_1_360' title='bbox 1161 1468 1227 1500; x_wconf 84' lang='lat' dir='ltr'>noli</span> <span class='ocrx_word' id='word_1_361' title='bbox 1241 1469 1353 1501; x_wconf 72' lang='lat' dir='ltr'>timere</span> <span class='ocrx_word' id='word_1_362' title='bbox 1365 1470 1469 1502; x_wconf 70' lang='lat' dir='ltr'>scdulo</span> <span class='ocrx_word' id='word_1_363' title='bbox 1479 1471 1541 1512; x_wconf 70' lang='lat' dir='ltr'>ait,</span> <span class='ocrx_word' id='word_1_364' title='bbox 1553 1474 1588 1504; x_wconf 75' lang='lat' dir='ltr'>ut</span> <span class='ocrx_word' id='word_1_365' title='bbox 1602 1471 1669 1504; x_wconf 73' lang='lat' dir='ltr'>noli</span> 
     </span>
     <span class='ocr_line' id='line_1_65' title="bbox 963 1517 1668 1560; baseline 0.007 -11"><span class='ocrx_word' id='word_1_366' title='bbox 963 1517 1066 1550; x_wconf 72' lang='lat' dir='ltr'>vereri</span> <span class='ocrx_word' id='word_1_367' title='bbox 1080 1518 1198 1559; x_wconf 75' lang='lat' dir='ltr'>inquit,</span> <span class='ocrx_word' id='word_1_368' title='bbox 1222 1521 1257 1550; x_wconf 82' lang='lat' dir='ltr'>at</span> <span class='ocrx_word' id='word_1_369' title='bbox 1275 1519 1342 1560; x_wconf 75' lang='lat' dir='ltr'>ille,</span> <span class='ocrx_word' id='word_1_370' title='bbox 1358 1519 1500 1558; x_wconf 79' lang='lat' dir='ltr'>facerem</span> <span class='ocrx_word' id='word_1_371' title='bbox 1525 1529 1574 1553; x_wconf 74' lang='lat' dir='ltr'>me</span> <span class='ocrx_word' id='word_1_372' title='bbox 1597 1521 1668 1553; x_wconf 66' lang='lat' dir='ltr'>her-</span> 
     </span>
     <span class='ocr_line' id='line_1_66' title="bbox 963 1568 1141 1610; baseline 0.006 -10"><span class='ocrx_word' id='word_1_373' title='bbox 963 1569 1040 1601; x_wconf 82' lang='lat' dir='ltr'>cule.</span> <span class='ocrx_word' id='word_1_374' title='bbox 1061 1568 1141 1610; x_wconf 83' lang='lat' dir='ltr'>Rig.</span> 
     </span>
    </p>

    <p class='ocr_par' dir='ltr' id='par_1_10' title="bbox 962 1618 1670 1862">
     <span class='ocr_line' id='line_1_67' title="bbox 1007 1618 1669 1663; baseline 0.006 -12"><span class='ocrx_word' id='word_1_375' title='bbox 1007 1618 1153 1660; x_wconf 81' lang='lat' dir='ltr'>Leniter]</span> <span class='ocrx_word' id='word_1_376' title='bbox 1164 1619 1289 1661; x_wconf 84' lang='lat' dir='ltr'>Tarde,</span> <span class='ocrx_word' id='word_1_377' title='bbox 1300 1619 1426 1663; x_wconf 85' lang='lat' dir='ltr'>absque</span> <span class='ocrx_word' id='word_1_378' title='bbox 1437 1620 1669 1656; x_wconf 77' lang='lat' dir='ltr'>festinatione.</span> 
     </span>
     <span class='ocr_line' id='line_1_68' title="bbox 965 1669 1670 1712; baseline 0.004 -9"><span class='ocrx_word' id='word_1_379' title='bbox 965 1669 1177 1712; x_wconf 90' lang='lat' dir='ltr'>Opponitur,</span> <span class='ocrx_word' id='word_1_380' title='bbox 1201 1671 1212 1689; x_wconf 91' lang='lat'>‘</span> <span class='ocrx_word' id='word_1_381' title='bbox 1226 1670 1415 1704; x_wconf 87' lang='lat' dir='ltr'>Celeriter.’</span> <span class='ocrx_word' id='word_1_382' title='bbox 1449 1671 1556 1711; x_wconf 72' lang='lat' dir='ltr'>Schef.</span> <span class='ocrx_word' id='word_1_383' title='bbox 1613 1673 1670 1706; x_wconf 87' lang='lat' dir='ltr'>Ita</span> 
     </span>
     <span class='ocr_line' id='line_1_69' title="bbox 963 1719 1663 1756; baseline 0.007 -5"><span class='ocrx_word' id='word_1_384' title='bbox 963 1720 1043 1752; x_wconf 88' lang='lat' dir='ltr'>‘Ire</span> <span class='ocrx_word' id='word_1_385' title='bbox 1068 1719 1214 1751; x_wconf 89' lang='lat' dir='ltr'>leuiter&#39;</span> <span class='ocrx_word' id='word_1_386' title='bbox 1237 1720 1378 1754; x_wconf 84' lang='lat' dir='ltr'>Quinct.</span> <span class='ocrx_word' id='word_1_387' title='bbox 1394 1721 1493 1754; x_wconf 90' lang='lat' dir='ltr'>Decl.</span> <span class='ocrx_word' id='word_1_388' title='bbox 1507 1731 1533 1754; x_wconf 86' lang='lat'>1.</span> <span class='ocrx_word' id='word_1_389' title='bbox 1547 1724 1581 1754; x_wconf 71' lang='lat'>3.</span> <span class='ocrx_word' id='word_1_390' title='bbox 1604 1722 1663 1756; x_wconf 82' lang='lat' dir='ltr'>nbi</span> 
     </span>
     <span class='ocr_line' id='line_1_70' title="bbox 964 1769 1667 1811; baseline 0.004 -10"><span class='ocrx_word' id='word_1_391' title='bbox 964 1769 1068 1802; x_wconf 86' lang='lat' dir='ltr'>vide:</span> <span class='ocrx_word' id='word_1_392' title='bbox 1090 1773 1126 1801; x_wconf 90' lang='lat' dir='ltr'>et</span> <span class='ocrx_word' id='word_1_393' title='bbox 1152 1779 1245 1811; x_wconf 85' lang='lat' dir='ltr'>saepe</span> <span class='ocrx_word' id='word_1_394' title='bbox 1268 1770 1405 1802; x_wconf 87' lang='lat' dir='ltr'>Hirtius</span> <span class='ocrx_word' id='word_1_395' title='bbox 1425 1771 1526 1803; x_wconf 87' lang='lat' dir='ltr'>Bello</span> <span class='ocrx_word' id='word_1_396' title='bbox 1553 1769 1667 1805; x_wconf 81' lang='lat' dir='ltr'>Afric.</span> 
     </span>
     <span class='ocr_line' id='line_1_71' title="bbox 962 1820 1487 1862; baseline 0.004 -11"><span class='ocrx_word' id='word_1_397' title='bbox 962 1820 1044 1852; x_wconf 88' lang='lat' dir='ltr'>Vid.</span> <span class='ocrx_word' id='word_1_398' title='bbox 1061 1829 1136 1862; x_wconf 86' lang='lat' dir='ltr'>cap.</span> <span class='ocrx_word' id='word_1_399' title='bbox 1149 1823 1180 1852; x_wconf 85' lang='grc'>6.</span> <span class='ocrx_word' id='word_1_400' title='bbox 1196 1823 1248 1854; x_wconf 83' lang='grc'>12.</span> <span class='ocrx_word' id='word_1_401' title='bbox 1265 1823 1316 1854; x_wconf 87' lang='grc'>18.</span> <span class='ocrx_word' id='word_1_402' title='bbox 1338 1825 1376 1853; x_wconf 87' lang='lat' dir='ltr'>et</span> <span class='ocrx_word' id='word_1_403' title='bbox 1390 1821 1487 1854; x_wconf 87' lang='lat' dir='ltr'>alibi.</span> 
     </span>
    </p>

    <p class='ocr_par' dir='ltr' id='par_1_11' title="bbox 963 1870 1670 2064">
     <span class='ocr_line' id='line_1_72' title="bbox 1007 1870 1669 1914; baseline 0.005 -12"><span class='ocrx_word' id='word_1_404' title='bbox 1007 1870 1098 1913; x_wconf 78' lang='lat' dir='ltr'>Noli]</span> <span class='ocrx_word' id='word_1_405' title='bbox 1120 1870 1216 1902; x_wconf 86' lang='lat' dir='ltr'>Serio</span> <span class='ocrx_word' id='word_1_406' title='bbox 1241 1874 1278 1903; x_wconf 91' lang='lat' dir='ltr'>et</span> <span class='ocrx_word' id='word_1_407' title='bbox 1303 1871 1523 1904; x_wconf 82' lang='lat' dir='ltr'>vehementer</span> <span class='ocrx_word' id='word_1_408' title='bbox 1548 1876 1669 1914; x_wconf 76' lang='lat' dir='ltr'>negat.</span> 
     </span>
     <span class='ocr_line' id='line_1_73' title="bbox 964 1921 1669 1966; baseline 0.004 -13"><span class='ocrx_word' id='word_1_409' title='bbox 964 1921 1088 1954; x_wconf 90' lang='lat' dir='ltr'>Cicero</span> <span class='ocrx_word' id='word_1_410' title='bbox 1117 1922 1153 1953; x_wconf 88' lang='lat' dir='ltr'>in</span> <span class='ocrx_word' id='word_1_411' title='bbox 1175 1923 1243 1964; x_wconf 88' lang='lat' dir='ltr'>Ep.</span> <span class='ocrx_word' id='word_1_412' title='bbox 1259 1922 1302 1954; x_wconf 87' lang='lat' dir='ltr'>ad</span> <span class='ocrx_word' id='word_1_413' title='bbox 1315 1921 1393 1955; x_wconf 91' lang='lat' dir='ltr'>Att.</span> <span class='ocrx_word' id='word_1_414' title='bbox 1413 1923 1424 1941; x_wconf 91' lang='lat'>‘</span> <span class='ocrx_word' id='word_1_415' title='bbox 1438 1923 1522 1956; x_wconf 83' lang='lat' dir='ltr'>Noli</span> <span class='ocrx_word' id='word_1_416' title='bbox 1533 1928 1669 1966; x_wconf 82' lang='lat' dir='ltr'>putare,</span> 
     </span>
     <span class='ocr_line' id='line_1_74' title="bbox 963 1971 1670 2016; baseline 0.004 -12"><span class='ocrx_word' id='word_1_417' title='bbox 963 1981 1019 2004; x_wconf 90' lang='lat' dir='ltr'>me</span> <span class='ocrx_word' id='word_1_418' title='bbox 1033 1971 1217 2015; x_wconf 88' lang='lat' dir='ltr'>quidquam</span> <span class='ocrx_word' id='word_1_419' title='bbox 1229 1973 1399 2011; x_wconf 85' lang='lat' dir='ltr'>maluisse,</span> <span class='ocrx_word' id='word_1_420' title='bbox 1412 1983 1513 2016; x_wconf 83' lang='lat' dir='ltr'>quam</span> <span class='ocrx_word' id='word_1_421' title='bbox 1524 1978 1565 2007; x_wconf 87' lang='lat' dir='ltr'>ut</span> <span class='ocrx_word' id='word_1_422' title='bbox 1574 1984 1670 2007; x_wconf 81' lang='lat' dir='ltr'>man-</span> 
     </span>
     <span class='ocr_line' id='line_1_75' title="bbox 965 2022 1532 2064; baseline 0.005 -10"><span class='ocrx_word' id='word_1_423' title='bbox 965 2022 1055 2055; x_wconf 89' lang='lat' dir='ltr'>datis</span> <span class='ocrx_word' id='word_1_424' title='bbox 1069 2023 1134 2055; x_wconf 89' lang='lat' dir='ltr'>tuis</span> <span class='ocrx_word' id='word_1_425' title='bbox 1147 2022 1406 2056; x_wconf 68' lang='lat' dir='ltr'>satisfacerem:</span> <span class='ocrx_word' id='word_1_426' title='bbox 1427 2024 1532 2064; x_wconf 65' lang='lat' dir='ltr'>Scires.</span> 
     </span>
    </p>

    <p class='ocr_par' dir='ltr' id='par_1_12' title="bbox 964 2073 1673 2316">
     <span class='ocr_line' id='line_1_76' title="bbox 1008 2073 1670 2117; baseline 0.005 -12"><span class='ocrx_word' id='word_1_427' title='bbox 1008 2077 1029 2106; x_wconf 85' lang='lat'>8</span> <span class='ocrx_word' id='word_1_428' title='bbox 1051 2073 1246 2115; x_wconf 77' lang='lat' dir='ltr'>Mehercule]</span> <span class='ocrx_word' id='word_1_429' title='bbox 1268 2075 1430 2107; x_wconf 82' lang='lat' dir='ltr'>Formula</span> <span class='ocrx_word' id='word_1_430' title='bbox 1447 2074 1598 2117; x_wconf 86' lang='lat' dir='ltr'>jurantis</span> <span class='ocrx_word' id='word_1_431' title='bbox 1623 2075 1670 2108; x_wconf 90' lang='lat' dir='ltr'>el·</span> 
     </span>
     <span class='ocr_line' id='line_1_77' title="bbox 964 2122 1671 2166; baseline 0.003 -10"><span class='ocrx_word' id='word_1_432' title='bbox 964 2124 1099 2166; x_wconf 85' lang='lat' dir='ltr'>liptica,</span> <span class='ocrx_word' id='word_1_433' title='bbox 1123 2128 1163 2156; x_wconf 89' lang='lat' dir='ltr'>ut</span> <span class='ocrx_word' id='word_1_434' title='bbox 1189 2122 1263 2156; x_wconf 88' lang='lat' dir='ltr'>fere</span> <span class='ocrx_word' id='word_1_435' title='bbox 1297 2122 1338 2157; x_wconf 88' lang='lat' dir='ltr'>fit</span> <span class='ocrx_word' id='word_1_436' title='bbox 1361 2124 1396 2156; x_wconf 87' lang='lat' dir='ltr'>in</span> <span class='ocrx_word' id='word_1_437' title='bbox 1417 2124 1563 2165; x_wconf 56' lang='lat' dir='ltr'>tauhun</span> <span class='ocrx_word' id='word_1_438' title='bbox 1595 2128 1671 2158; x_wconf 83' lang='lat' dir='ltr'>tota</span> 
     </span>
     <span class='ocr_line' id='line_1_78' title="bbox 966 2175 1673 2218; baseline 0.001 -10"><span class='ocrx_word' id='word_1_439' title='bbox 966 2179 1037 2208; x_wconf 86' lang='lat' dir='ltr'>est:</span> <span class='ocrx_word' id='word_1_440' title='bbox 1071 2175 1128 2208; x_wconf 87' lang='lat' dir='ltr'>Ita</span> <span class='ocrx_word' id='word_1_441' title='bbox 1164 2185 1233 2216; x_wconf 89' lang='lat' dir='ltr'>me,</span> <span class='ocrx_word' id='word_1_442' title='bbox 1265 2175 1418 2216; x_wconf 86' lang='lat' dir='ltr'>hercule,</span> <span class='ocrx_word' id='word_1_443' title='bbox 1440 2176 1537 2217; x_wconf 87' lang='lat' dir='ltr'>juva.</span> <span class='ocrx_word' id='word_1_444' title='bbox 1579 2176 1673 2218; x_wconf 85' lang='lat' dir='ltr'>Seio,</span> 
     </span>
     <span class='ocr_line' id='line_1_79' title="bbox 965 2225 1671 2267; baseline 0.001 -10"><span class='ocrx_word' id='word_1_445' title='bbox 965 2225 1048 2257; x_wconf 87' lang='lat' dir='ltr'>alios</span> <span class='ocrx_word' id='word_1_446' title='bbox 1066 2225 1168 2257; x_wconf 83' lang='lat' dir='ltr'>aliter</span> <span class='ocrx_word' id='word_1_447' title='bbox 1189 2225 1369 2267; x_wconf 89' lang='lat' dir='ltr'>judicare;</span> <span class='ocrx_word' id='word_1_448' title='bbox 1391 2225 1454 2258; x_wconf 88' lang='lat' dir='ltr'>sed</span> <span class='ocrx_word' id='word_1_449' title='bbox 1476 2225 1567 2258; x_wconf 87' lang='lat' dir='ltr'>hanc</span> <span class='ocrx_word' id='word_1_450' title='bbox 1593 2235 1671 2258; x_wconf 83' lang='lat' dir='ltr'>sen-</span> 
     </span>
     <span class='ocr_line' id='line_1_80' title="bbox 965 2275 1648 2316; baseline 0.001 -9"><span class='ocrx_word' id='word_1_451' title='bbox 965 2275 1109 2308; x_wconf 83' lang='lat' dir='ltr'>tentiam</span> <span class='ocrx_word' id='word_1_452' title='bbox 1125 2275 1335 2308; x_wconf 86' lang='lat' dir='ltr'>verissimam</span> <span class='ocrx_word' id='word_1_453' title='bbox 1349 2275 1520 2310; x_wconf 84' lang='lat' dir='ltr'>existimo.</span> <span class='ocrx_word' id='word_1_454' title='bbox 1541 2275 1648 2316; x_wconf 67' lang='lat' dir='ltr'>8⁶sz-</span> 
     </span>
    </p>
   </div>
   <div class='ocr_carea' id='block_1_7' title="bbox 682 2517 1196 2563">
    <p class='ocr_par' dir='ltr' id='par_1_13' title="bbox 682 2517 1196 2563">
     <span class='ocr_line' id='line_1_81' title="bbox 682 2517 1196 2563; baseline 0 -2"><span class='ocrx_word' id='word_1_455' title='bbox 682 2517 952 2561; x_wconf 86' lang='lat' dir='ltr'>-FABULA</span> <span class='ocrx_word' id='word_1_456' title='bbox 1000 2519 1196 2563; x_wconf 90' lang='lat' dir='ltr'>XXVI.</span> 
     </span>
    </p>
   </div>
   <div class='ocr_carea' id='block_1_8' title="bbox 206 2646 909 2891">
    <p class='ocr_par' dir='ltr' id='par_1_14' title="bbox 206 2646 909 2891">
     <span class='ocr_line' id='line_1_82' title="bbox 256 2646 909 2689; baseline 0.002 -9"><span class='ocrx_word' id='word_1_457' title='bbox 256 2646 365 2688; x_wconf 80' lang='lat' dir='ltr'>Vulpis</span> <span class='ocrx_word' id='word_1_458' title='bbox 377 2650 409 2680; x_wconf 83' lang='lat' dir='ltr'>et</span> <span class='ocrx_word' id='word_1_459' title='bbox 427 2646 571 2688; x_wconf 79' lang='lat' dir='ltr'>Ciconia]</span> <span class='ocrx_word' id='word_1_460' title='bbox 596 2648 771 2681; x_wconf 85' lang='lat' dir='ltr'>Camerar.</span> <span class='ocrx_word' id='word_1_461' title='bbox 786 2657 822 2689; x_wconf 88' lang='lat' dir='ltr'>p.</span> <span class='ocrx_word' id='word_1_462' title='bbox 835 2649 909 2681; x_wconf 82' lang='lat'>185.</span> 
     </span>
     <span class='ocr_line' id='line_1_83' title="bbox 209 2696 908 2789; baseline 0.003 -11"><span class='ocrx_word' id='word_1_463' title='bbox 209 2696 287 2778; x_wconf 51' lang='lat' dir='ltr'>R}</span> <span class='ocrx_word' id='word_1_464' title='bbox 296 2746 511 2788; x_wconf 78' lang='lat' dir='ltr'>Multandum]</span> <span class='ocrx_word' id='word_1_465' title='bbox 546 2747 699 2789; x_wconf 88' lang='lat' dir='ltr'>Scilicet,</span> <span class='ocrx_word' id='word_1_466' title='bbox 727 2756 804 2780; x_wconf 88' lang='lat' dir='ltr'>eum</span> <span class='ocrx_word' id='word_1_467' title='bbox 834 2757 908 2780; x_wconf 89' lang='lat' dir='ltr'>esse</span> 
     </span>
     <span class='ocr_line' id='line_1_84' title="bbox 206 2795 907 2839; baseline 0.006 -12"><span class='ocrx_word' id='word_1_468' title='bbox 206 2795 322 2828; x_wconf 79' lang='lat' dir='ltr'>sabula</span> <span class='ocrx_word' id='word_1_469' title='bbox 336 2797 507 2830; x_wconf 83' lang='lat' dir='ltr'>admonet.</span> <span class='ocrx_word' id='word_1_470' title='bbox 550 2797 639 2830; x_wconf 88' lang='lat' dir='ltr'>Vide</span> <span class='ocrx_word' id='word_1_471' title='bbox 661 2807 765 2839; x_wconf 87' lang='lat' dir='ltr'>supra</span> <span class='ocrx_word' id='word_1_472' title='bbox 786 2807 862 2839; x_wconf 88' lang='lat' dir='ltr'>cap.</span> <span class='ocrx_word' id='word_1_473' title='bbox 875 2801 907 2831; x_wconf 88' lang='grc'>4.</span> 
     </span>
     <span class='ocr_line' id='line_1_85' title="bbox 207 2847 908 2891; baseline 0.004 -13"><span class='ocrx_word' id='word_1_474' title='bbox 207 2847 392 2880; x_wconf 80' lang='lat' dir='ltr'>Multandus</span> <span class='ocrx_word' id='word_1_475' title='bbox 405 2853 520 2881; x_wconf 90' lang='lat' dir='ltr'>autem</span> <span class='ocrx_word' id='word_1_476' title='bbox 536 2858 612 2891; x_wconf 86' lang='lat' dir='ltr'>pro,</span> <span class='ocrx_word' id='word_1_477' title='bbox 625 2848 814 2890; x_wconf 85' lang='lat' dir='ltr'>puniendus</span> <span class='ocrx_word' id='word_1_478' title='bbox 826 2858 908 2891; x_wconf 89' lang='lat' dir='ltr'>quo-</span> 
     </span>
    </p>
   </div>
   <div class='ocr_carea' id='block_1_9' title="bbox 961 2645 1672 2891">
    <p class='ocr_par' dir='ltr' id='par_1_15' title="bbox 961 2645 1672 2891">
     <span class='ocr_line' id='line_1_86' title="bbox 963 2645 1277 2685; baseline -0.003 -6"><span class='ocrx_word' id='word_1_479' title='bbox 963 2647 1015 2679; x_wconf 87' lang='lat' dir='ltr'>vis</span> <span class='ocrx_word' id='word_1_480' title='bbox 1036 2646 1149 2679; x_wconf 88' lang='lat' dir='ltr'>modo.</span> <span class='ocrx_word' id='word_1_481' title='bbox 1172 2645 1277 2685; x_wconf 78' lang='lat' dir='ltr'>Schef.</span> 
     </span>
     <span class='ocr_line' id='line_1_87' title="bbox 963 2696 1669 2736; baseline 0.001 -7"><span class='ocrx_word' id='word_1_482' title='bbox 963 2697 1088 2730; x_wconf 86' lang='lat' dir='ltr'>Heius.</span> <span class='ocrx_word' id='word_1_483' title='bbox 1137 2697 1278 2729; x_wconf 89' lang='lat' dir='ltr'>Nullum</span> <span class='ocrx_word' id='word_1_484' title='bbox 1304 2696 1362 2728; x_wconf 85' lang='lat' dir='ltr'>hie</span> <span class='ocrx_word' id='word_1_485' title='bbox 1389 2697 1435 2736; x_wconf 71' lang='grc' dir='ltr'>τῷ</span> <span class='ocrx_word' id='word_1_486' title='bbox 1464 2697 1669 2730; x_wconf 77' lang='lat' dir='ltr'>Mulcandum</span> 
     </span>
     <span class='ocr_line' id='line_1_88' title="bbox 961 2747 1672 2790; baseline 0 -10"><span class='ocrx_word' id='word_1_487' title='bbox 961 2748 1072 2780; x_wconf 87' lang='lat' dir='ltr'>locum</span> <span class='ocrx_word' id='word_1_488' title='bbox 1092 2757 1168 2780; x_wconf 88' lang='lat' dir='ltr'>esse</span> <span class='ocrx_word' id='word_1_489' title='bbox 1184 2751 1280 2790; x_wconf 85' lang='lat' dir='ltr'>puto,</span> <span class='ocrx_word' id='word_1_490' title='bbox 1295 2747 1374 2789; x_wconf 87' lang='lat' dir='ltr'>quia</span> <span class='ocrx_word' id='word_1_491' title='bbox 1386 2747 1452 2779; x_wconf 89' lang='lat' dir='ltr'>hoc</span> <span class='ocrx_word' id='word_1_492' title='bbox 1466 2748 1573 2780; x_wconf 88' lang='lat' dir='ltr'>verbo</span> <span class='ocrx_word' id='word_1_493' title='bbox 1596 2747 1672 2790; x_wconf 86' lang='lat' dir='ltr'>pul-</span> 
     </span>
     <span class='ocr_line' id='line_1_89' title="bbox 961 2797 1670 2840; baseline 0 -9"><span class='ocrx_word' id='word_1_494' title='bbox 961 2799 1062 2840; x_wconf 82' lang='lat' dir='ltr'>satio,</span> <span class='ocrx_word' id='word_1_495' title='bbox 1075 2798 1176 2838; x_wconf 85' lang='lat' dir='ltr'>ictus,</span> <span class='ocrx_word' id='word_1_496' title='bbox 1195 2804 1232 2831; x_wconf 90' lang='lat' dir='ltr'>et</span> <span class='ocrx_word' id='word_1_497' title='bbox 1250 2797 1407 2836; x_wconf 85' lang='lat' dir='ltr'>verbera,</span> <span class='ocrx_word' id='word_1_498' title='bbox 1423 2802 1460 2830; x_wconf 89' lang='lat' dir='ltr'>et</span> <span class='ocrx_word' id='word_1_499' title='bbox 1482 2798 1605 2831; x_wconf 87' lang='lat' dir='ltr'>similia</span> <span class='ocrx_word' id='word_1_500' title='bbox 1620 2798 1670 2831; x_wconf 87' lang='lat' dir='ltr'>in-</span> 
     </span>
     <span class='ocr_line' id='line_1_90' title="bbox 962 2848 1669 2891; baseline 0.001 -10"><span class='ocrx_word' id='word_1_501' title='bbox 962 2848 1176 2891; x_wconf 78' lang='lat' dir='ltr'>telliguntur,</span> <span class='ocrx_word' id='word_1_502' title='bbox 1192 2858 1268 2891; x_wconf 89' lang='lat' dir='ltr'>quae</span> <span class='ocrx_word' id='word_1_503' title='bbox 1290 2848 1347 2882; x_wconf 87' lang='lat' dir='ltr'>hic</span> <span class='ocrx_word' id='word_1_504' title='bbox 1367 2849 1500 2882; x_wconf 80' lang='lat' dir='ltr'>absunt.</span> <span class='ocrx_word' id='word_1_505' title='bbox 1549 2849 1614 2882; x_wconf 87' lang='lat' dir='ltr'>Ars</span> <span class='ocrx_word' id='word_1_506' title='bbox 1631 2854 1669 2883; x_wconf 91' lang='lat' dir='ltr'>et</span> 
     </span>
    </p>
   </div>
   <div class='ocr_carea' id='block_1_10' title="bbox 1331 2644 1667 2686">
    <p class='ocr_par' dir='ltr' id='par_1_16' title="bbox 1331 2644 1667 2686">
     <span class='ocr_line' id='line_1_91' title="bbox 1331 2644 1667 2686; baseline 0.003 -9"><span class='ocrx_word' id='word_1_507' title='bbox 1331 2646 1424 2686; x_wconf 86' lang='lat' dir='ltr'>Lege</span> <span class='ocrx_word' id='word_1_508' title='bbox 1453 2644 1667 2678; x_wconf 81' lang='lat' dir='ltr'>Mulcandum.</span> 
     </span>
    </p>
   </div>
  </div>
 </body>
</html>
