1806 3236
402 183 606 216 PHAEmu
640 182 748 215 mn.
781 181 1086 216 AEsormuulu
1125 184 1217 216 mn.
1251 186 1281 217 1.
1314 175 1385 219 13.

156 281 202 314 de
222 280 455 318 Deo-Socrat.
478 286 487 301 ⁶
500 281 647 323 Corvus,
661 284 702 313 ut
714 289 749 313 se
765 289 867 314 voca·

155 333 226 368 lom
250 332 440 378 peniteret,
479 333 573 378 quod
602 333 713 367 solnm
743 331 866 366 deesse

157 388 266 424 tamn
287 385 364 428 ejus
391 384 512 419 formae
537 386 660 429 vulpes
687 385 866 419 simulave-

153 440 224 480 rat,
236 437 409 471 crocitare
434 438 588 479 adortus,
613 437 746 480 praeda,
762 448 866 481 quam

153 497 215 523 ore
237 488 411 532 gestabat,
437 488 669 523 seductricem
696 489 866 533 compoti·

151 538 228 574 vit!
250 539 334 581 Rig-

192 591 248 626 De
253 591 415 635 fenestra]
431 592 532 626 Idem
548 602 669 626 saxum
686 591 796 626 volvit
809 591 867 624 ΙΕ-

149 653 255 687 copus
279 642 351 677 fab.
378 647 455 678 208.
521 645 671 679 Gabrias
708 643 778 678 fab.
804 646 859 677 19.

148 695 284 738 Aphaka.
299 695 370 730 fab.
385 699 440 730 29.
484 695 686 730 Anumfab.
703 699 757 729 16.
793 694 865 728 Ex-

149 748 286 790 peritur
299 748 356 782 hic
384 748 593 782 adulationis
618 749 763 792 laqueos
787 758 864 781 cor-

149 809 227 841 vus,
241 799 339 842 cujus
363 800 439 842 ipse
451 800 680 842 aliasimago,
707 804 780 832 tam
807 809 866 832 ra·

149 850 314 892 paucitatis
339 851 490 892 ratione,
512 861 612 894 quam
640 849 865 883 similitudine

149 901 288 936 Graecae
313 902 419 935 vocis.
461 901 555 935 Vide
583 901 739 945 Agapet.
755 903 861 935 Diae.

148 963 228 997 cap.
243 957 297 988 12.
320 955 456 988 Praecla.
502 953 720 988 Latinissime
739 954 863 988 Testa-

148 1012 304 1042 mentum
319 1009 431 1042 Vetus
452 1008 624 1042 Porcelli:
645 1006 779 1041 ‘Adfer
800 1008 862 1041 mi-

147 1059 184 1092 hi
206 1059 252 1093 de
267 1060 384 1094 culina
397 1060 574 1095 cultrum!
619 1061 751 1095 Ennius
768 1060 859 1103 apud

149 1111 303 1145 Nonium
325 1112 360 1145 in
372 1113 596 1155 progr-witer.-
617 1112 800 1146 ‘Auimam
818 1112 863 1144 de

147 1172 295 1206 corpore
307 1163 431 1198 mitto?
471 1164 532 1198 Sic
553 1165 564 1184 ‘
580 1164 702 1207 fugere
719 1165 762 1197 de
779 1164 862 1198 civi-

147 1213 244 1258 me:
281 1214 409 1250 Fabius
437 1216 629 1259 usurpavit.
688 1215 860 1258 Ulpianus

145 1265 208 1299 lib.
221 1275 286 1300 vu.
301 1265 340 1301 ff.
353 1267 397 1300 de
409 1265 495 1301 furt.
513 1268 524 1286 ‘
538 1266 670 1300 furtum
687 1266 805 1300 facere
821 1267 865 1300 de

146 1315 271 1350 domo?
313 1316 388 1351 Pro
402 1317 562 1361 fenestra,
584 1319 723 1351 canistro
753 1318 865 1352 Hein-

145 1367 217 1402 sius
232 1369 424 1403 maluisset.
469 1371 657 1404 Possumus
673 1376 790 1404 tamen
809 1370 864 1410 fe-

143 1424 286 1455 neuram
298 1422 462 1465 accipere
484 1421 530 1455 de
546 1432 754 1466 quocunque
769 1423 862 1456 fora-

145 1471 239 1504 mine
254 1472 289 1505 in
305 1482 403 1506 muro
419 1478 478 1506 aut
494 1474 645 1516 pariete.
693 1474 865 1517 Virgilius

147 1522 225 1557 AEn.
239 1532 283 1557 u.
296 1533 346 1557 n.
366 1526 446 1558 482.
469 1525 479 1543 ‘
492 1523 679 1567 Ingentem
706 1525 781 1558 lato
807 1525 866 1558 de-

149 1577 203 1610 dit
226 1587 289 1611 ore
315 1576 527 1612 fenestram.'
572 1579 757 1612 Donatus:
780 1579 790 1597 ‘
806 1579 865 1613 Al-

148 1628 236 1662 lusit
253 1629 298 1662 de
320 1629 436 1663 hostio
451 1629 496 1663 ad
520 1628 738 1671 fenestram3
761 1635 866 1665 caete-

148 1688 423 1714 rumcavernam
438 1679 558 1713 dicere
573 1679 697 1714 debuit
712 1680 865 1716 factam?

146 1730 207 1764 Sic
230 1730 412 1764 Vitruvius
435 1731 496 1765 lib.
510 1740 548 1765 x.
577 1734 631 1765 22.
666 1735 676 1752 ‘
690 1732 769 1767 Qua
793 1743 865 1767 ma·

148 1782 250 1816 chius
289 1793 475 1817 accessura
496 1788 606 1825 ‚erat,
648 1794 689 1817 ea
720 1785 863 1828 regione

148 1843 283 1868 murum
299 1834 471 1878 pertudit,
483 1839 520 1868 et
525 1835 633 1878 jussit
643 1845 763 1869 omnes
777 1837 863 1879 pub-

147 1886 215 1930 lice
229 1891 266 1920 et
282 1886 460 1930 privatim,
481 1888 574 1931 quod
592 1889 739 1932 quisque
755 1889 862 1922 habu-

148 1939 236 1973 isset
252 1949 366 1983 aquae,
385 1939 562 1982 stercoris,
589 1940 669 1982 luti,
698 1950 763 1983 per
785 1951 862 1974 eam

148 1990 353 2032 fenestram,
365 2001 430 2034 per
440 1993 580 2025 canales
590 1991 769 2026 effundere
781 1998 863 2026 ante

148 2042 308 2076 murum!
353 2042 474 2077 Habes
488 2042 670 2077 manifeste
684 2043 864 2084 fenestram

148 2103 215 2137 pro
243 2093 426 2137 foramine,
467 2094 670 2137 pertusione
703 2094 799 2128 facta
826 2095 863 2128 in

148 2155 272 2180 muro..
303 2146 363 2180 Sic
393 2146 568 2188 interpres
592 2145 787 2180 Bibliorum
817 2145 862 2179 ad

149 2197 231 2232 Cor.
242 2207 286 2232 n.
302 2200 358 2231 u.
379 2198 390 2217 ⁸
405 2197 476 2230 Per
489 2196 679 2230 fenestram
694 2197 729 2230 in
744 2201 862 2240 sporta

149 2251 309 2287 dimissus
321 2260 398 2284 snm
413 2260 477 2293 per
489 2259 625 2283 murum
635 2249 657 2283 :'
674 2250 802 2284 Graeca
811 2251 862 2284 ita

147 2301 300 2336 habent:
324 2300 388 2336 Καὶ
397 2300 447 2334 διὰ
457 2300 575 2344 θυρίδος
585 2301 620 2334 ἐν
629 2300 772 2347 σαργάνῃ
787 2303 863 2344 ἐχα-

147 2351 269 2393 λάσθην
295 2350 348 2386 διὰ
366 2353 425 2386 τοῦ
447 2352 586 2395 τείχους.
644 2353 742 2387 Nihil
766 2354 862 2388 aliud

146 2404 366 2448 intelligitur,
376 2415 480 2448 quam
504 2404 662 2439 foramen
684 2406 720 2439 in
743 2407 861 2439 moeni·

147 2455 226 2498 bus,
240 2456 359 2500 qualia
370 2456 547 2490 habebant
566 2458 689 2499 multa,
705 2457 750 2490 ad
764 2458 862 2491 emit·

147 2507 257 2541 tenda
285 2509 368 2543 tela.
411 2508 634 2551 Hesychius:
672 2508 776 2551 Θυρὶς,
799 2508 863 2549 ὀπὴ

146 2558 248 2602 μικρά.
270 2559 319 2594 Η.
335 2569 368 2592 e.
392 2558 484 2602 Θυρὶς
498 2563 544 2593 est
554 2570 688 2602 parvum
695 2559 861 2600 foramen.

147 2609 274 2644 seireff.
322 2611 457 2645 Heinsii
477 2612 756 2645 emendationem
771 2612 862 2655 opti-

149 2671 240 2695 mam
257 2671 333 2696 esse
348 2663 462 2697 nullus
477 2663 617 2697 dubito:
642 2664 676 2696 in
703 2664 862 2697 canistris

150 2713 243 2746 enim
257 2713 375 2747 edulia
389 2719 425 2748 et
438 2724 612 2748 coenarum
637 2716 793 2759 reliquiae
809 2726 862 2749 re-

150 2763 382 2806 ponebantur.
424 2766 550 2800 Horat.
578 2767 654 2801 Sat.
676 2777 718 2800 11.
750 2770 784 2801 6.
813 2777 861 2801 vs.

153 2818 227 2849 1⁰4.
251 2817 411 2859 apposite
437 2818 481 2851 de
509 2828 625 2853 mure:
650 2819 659 2837 ‘
679 2820 863 2863 Multaque

1546 175 1642 219 371.

917 280 962 314 de
979 290 1100 324 mag-na
1115 285 1336 324 superessent
1359 280 1493 315 fercula
1517 290 1632 323 coena,

918 333 1006 374 Quae
1025 334 1152 380 ⁴procul
1177 333 1366 367 exstructis
1392 334 1531 367 inerant
1553 333 1633 366 hes-

918 389 1018 419 terna
1048 385 1233 420 canistris?
1294 385 1369 419 Ubi
1393 386 1504 418 Vetus
1531 384 1631 418 Com-

918 442 1093 471 mentator
1116 448 1137 470 a
1160 437 1314 481 Cruquio
1327 436 1463 470 editus:
1486 436 1496 455 ‘
1514 435 1633 469 Canis-

918 496 1010 526 trum
1026 492 1182 535 sportula
1198 496 1265 533 est,
1282 490 1445 534 panibus,
1465 488 1635 530 frustulis,

918 547 956 577 et
980 543 1135 588 reliquiis
1157 553 1264 576 coenae
1288 541 1528 585 excipiendis!
1571 539 1630 573 Ita

918 600 955 629 et
980 595 1149 638 Virgilius
1177 594 1256 628 AEn.
1283 603 1309 627 1.
1333 604 1383 627 vs.
1404 596 1485 626 701.
1508 593 1634 626 ‘Dant

917 646 1076 680 manibus
1099 645 1222 679 famuli
1248 646 1418 689 lymphas,
1448 645 1631 678 Cererem-

917 709 986 742 que
1001 698 1162 733 canistris
1176 696 1404 741 Expediunt.'
1438 697 1517 730 Val.
1533 695 1631 729 Flac.

917 761 942 784 1.
959 754 1044 786 25³:
1067 751 1078 770 ‘
1094 751 1188 784 Exta
1209 750 1358 783 ministri
1381 749 1501 792 Rapta
1531 745 1632 781 simul

919 802 1069 844 veribus,
1102 802 1337 845 Cereremque
1363 801 1495 835 dedere
1521 800 1634 834 canis-

917 854 1006 888 tris.¹
1048 854 1131 889 Juv.
1157 855 1233 888 Sat.
1247 863 1283 888 v.
1297 856 1352 888 ⁷4.
1374 853 1461 887 ‘Vis
1488 857 1525 886 tu
1553 861 1633 886 con-

917 906 1027 939 suetis
1054 906 1168 940 audax
1199 906 1349 939 conviva
1375 905 1536 939 canistris
1565 904 1636 938 Im·

917 958 1006 1001 pleri
1017 957 1041 991 θ’
1084 959 1173 992 Stat.
1188 957 1301 990 Theb.
1317 967 1342 990 ι.
1357 959 1433 991 523.
1454 956 1465 975 ‘
1479 956 1545 989 His
1577 965 1635 989 cu·

915 1010 1048 1042 mulare
1084 1010 1245 1043 canistris
1275 1008 1516 1042 Perdomitam
1546 1016 1632 1040 saxo

916 1061 1106 1096 Cererem!
1125 1062 1201 1095 Nisi
1210 1060 1451 1102 fenestramhic
1467 1059 1636 1103 capimus,

915 1112 952 1146 in
979 1123 1048 1156 qua
1069 1112 1140 1146 cibi
1167 1113 1305 1145 venales
1332 1110 1635 1154 proponebantur,

916 1164 973 1197 vel
1000 1163 1219 1207 pendebant,
1246 1166 1286 1196 ut
1312 1161 1375 1195 inf.
1406 1171 1464 1195 m.
1499 1160 1572 1195 fab.
1599 1164 1634 1194 4.

917 1215 1038 1248 Burm.

959 1269 980 1299 4
1006 1265 1176 1308 Residens]
1200 1266 1252 1299 Ut
1268 1275 1377 1308 supra
1393 1264 1466 1298 fab.
1482 1267 1539 1309 122
1558 1264 1568 1282 ‘
1581 1274 1633 1298 re-

916 1318 1033 1352 stitit!
1078 1318 1178 1360 virg.
1203 1317 1280 1352 AEn.
1312 1327 1350 1351 v.
1374 1317 1571 1361 ‘Siccaque
1597 1316 1634 1349 in

918 1379 1005 1412 rupe
1022 1369 1175 1404 resedit:
1197 1369 1311 1409 Schef.

962 1421 1062 1454 Hune
1076 1421 1159 1454 vidit
1173 1421 1297 1463 vulpes]
1335 1420 1426 1454 Haec
1458 1419 1551 1453 enim
1577 1419 1634 1452 ΙΕ-

918 1472 1006 1515 sopii
1031 1472 1127 1506 chori
1152 1472 1262 1505 veluti
1296 1471 1367 1504 dux
1402 1475 1469 1504 est.
1512 1471 1634 1512 Χρῆται

916 1525 980 1567 γὰρ
1005 1525 1085 1568 αὐτῇ
1109 1525 1127 1556 ὁ
1147 1524 1289 1557 Αἴσωπος
1309 1522 1439 1564 διακόνῳ
1460 1524 1526 1555 τῶν
1545 1521 1635 1554 armi·

917 1587 1001 1609 στων
1027 1574 1216 1618 ὑποθεσέων,
1248 1575 1354 1618 ὥσπερ
1378 1574 1399 1615 ἡ
1425 1573 1568 1615 κωμῳδία
1586 1575 1636 1615 τῷ

916 1627 1020 1670 Δαύῳ,
1041 1632 1082 1661 ut
1098 1632 1153 1661 est
1166 1627 1202 1660 in
1218 1627 1396 1669 leonibus,
1420 1627 1634 1660 Philostrato

916 1679 1112 1722 adscriptis.
1137 1679 1270 1713 Pmsch.
1315 1679 1422 1712 Forte
1449 1679 1517 1721 leg.
1558 1677 1634 1711 Vul-

910 1743 969 1776 pes
982 1732 1223 1775 adicit,‘deinde
1236 1732 1282 1765 sie
1295 1732 1388 1775 coepit
1398 1730 1634 1774 loquLHeins.

920 1784 1011 1818 Vidit
1037 1784 1128 1817 bene
1148 1793 1185 1816 se
1211 1783 1327 1817 habet.
1384 1783 1533 1825 AEsopus
1558 1780 1632 1816 fab.

914 1840 991 1870 208.
1011 1836 1158 1879 Ἀλώπηξ
1176 1836 1211 1869 δὲ
1230 1837 1345 1869 τοῦτον
1363 1835 1553 1875 θεασαμένη.
1583 1835 1632 1868 Et

915 1889 965 1923 ita
989 1898 1127 1932 quoque
1158 1888 1390 1930 Aphthonius.
1436 1887 1564 1920 Deinde
1587 1886 1633 1919 sic

913 1939 1006 1982 coepit
1021 1939 1106 1982 loqui
1122 1949 1190 1972 non
1209 1939 1345 1981 rejicio.

958 1990 1055 2023 Hunc
1077 1991 1161 2023 vidit
1174 1992 1294 2032 vulpes,
1309 1990 1422 2022 dehinc
1435 1989 1480 2021 sic
1503 1988 1633 2030 occaepit

914 2041 1012 2084 loqui]
1047 2042 1134 2075 Mss.
1161 2042 1259 2074 Rem.
1292 2041 1404 2083 Vulpis
1433 2041 1516 2072 hune
1538 2039 1634 2081 vidit,

913 2093 1026 2126 dehinc
1039 2093 1086 2126 sie
1099 2093 1195 2136 coepit
1208 2092 1302 2134 loqui.
1341 2092 1489 2124 Salmas.
1517 2091 1634 2133 Vulpes

913 2148 949 2177 ut
966 2145 1064 2187 vidit,
1086 2145 1132 2178 sic
1153 2145 1267 2178 dehinc
1286 2144 1381 2186 coepit
1401 2142 1499 2186 loqui.
1544 2142 1634 2175 Mss.

914 2196 1085 2230 Wissenb.
1107 2196 1220 2239 Vulpis
1238 2196 1318 2228 hunc
1333 2195 1432 2236 vidit,
1455 2193 1567 2226 deinde
1587 2192 1634 2225 sie

912 2249 1007 2291 σαφῆ
1021 2248 1117 2291 loqui.
1169 2247 1280 2290 Vulpis
1310 2256 1373 2290 pro
1397 2246 1518 2288 vulpes,
1535 2253 1635 2277 error

913 2300 1185 2334 describentium
1215 2305 1292 2339 est3
1331 2297 1487 2341 quamvis
1514 2300 1633 2330 autern

912 2352 1041 2395 occoepit
1049 2351 1251 2384 Plautinum
1263 2350 1321 2392 sit,
1331 2354 1448 2382 tamen
1459 2348 1633 2382 Phaedrus

914 2414 1055 2448 semper
1068 2404 1143 2437 aliis
1166 2404 1202 2437 in
1216 2403 1301 2436 locis
1316 2402 1424 2444 caepit,
1451 2401 1632 2444 graecismo

913 2457 981 2500 ipsi
996 2455 1275 2489 familiarissimo.
1318 2454 1377 2487 Sic
1389 2454 1450 2488 lib.
1466 2462 1494 2486 1.
1516 2452 1586 2486 fab.
1598 2455 1632 2486 2.

913 2508 924 2527 ‘
937 2508 1123 2550 Corripere
1136 2506 1245 2549 coepit
1261 2503 1439 2548 singulas!
1472 2505 1482 2522 ‘
1494 2505 1633 2546 Fugere

915 2560 1050 2604 coepit‚'
1072 2560 1133 2593 lib.
1150 2569 1178 2592 1.
1193 2558 1264 2593 fab.
1283 2562 1335 2592 12.
1367 2559 1377 2576 ‘
1394 2557 1548 2591 Inlicere
1563 2567 1632 2590 coe-

914 2612 994 2655 pit,'
1025 2611 1085 2645 lib.
1101 2621 1126 2645 1.
1154 2610 1227 2644 fab.
1244 2613 1278 2644 8.
1338 2609 1425 2642 Fab.
1453 2607 1629 2651 sequenti:

914 2666 924 2683 ‘
939 2663 1058 2697 facere
1073 2661 1259 2705 coepisset.’
1281 2662 1291 2680 ⁴
1306 2660 1482 2702 Flagitare
1499 2658 1631 2702 coepit‚’

915 2718 975 2751 lib.
996 2727 1019 2750 1.
1044 2717 1114 2750 fab.
1131 2720 1189 2749 19·
1238 2715 1248 2733 ‘
1264 2715 1456 2756 Coeperunt
1483 2712 1633 2754 bibere‚'

914 2769 974 2802 lib.
1002 2779 1029 2803 1.
1058 2768 1131 2802 fab.
1158 2770 1212 2801 20.
1258 2771 1295 2799 et
1326 2766 1447 2799 eodem
1478 2765 1547 2798 fab.
1574 2768 1630 2798 26.

916 2821 991 2854 Lib.
1009 2830 1033 2854 ι.
1057 2819 1126 2853 fab.
1143 2822 1195 2852 29.
1221 2820 1228 2836 ¹
1245 2818 1356 2851 Orare
1369 2816 1516 2859 incipit.’
1554 2816 1628 2849 Lib.
