<?xml version="1.0" encoding="UTF-8"?>
<!DOCTYPE html PUBLIC "-//W3C//DTD XHTML 1.0 Transitional//EN"
    "http://www.w3.org/TR/xhtml1/DTD/xhtml1-transitional.dtd">
<html xmlns="http://www.w3.org/1999/xhtml" xml:lang="en" lang="en">
 <head>
  <title>
</title>
<meta http-equiv="Content-Type" content="text/html;charset=utf-8" />
  <meta name='ocr-system' content='tesseract 3.04.00' />
  <meta name='ocr-capabilities' content='ocr_page ocr_carea ocr_par ocr_line ocrx_word'/>
</head>
<body>
  <div class='ocr_page' id='page_1' title='image "./fabualeaesopiae00phaeuoft_0367.png"; bbox 0 0 1806 3236; ppageno 0'>
   <div class='ocr_carea' id='block_1_1' title="bbox 415 186 1375 230">
    <p class='ocr_par' dir='ltr' id='par_1_1' title="bbox 415 186 1375 230">
     <span class='ocr_line' id='line_1_1' title="bbox 415 186 1375 230; baseline 0.005 -5"><span class='ocrx_word' id='word_1_1' title='bbox 415 192 619 226; x_wconf 69' lang='lat' dir='ltr'><strong>numm</strong></span> <span class='ocrx_word' id='word_1_2' title='bbox 652 192 763 227; x_wconf 69' lang='lat' dir='ltr'><strong>mn.</strong></span> <span class='ocrx_word' id='word_1_3' title='bbox 793 193 1101 229; x_wconf 71' lang='lat' dir='ltr'><strong>AEsomAin</strong></span> <span class='ocrx_word' id='word_1_4' title='bbox 1134 196 1231 229; x_wconf 78' lang='lat' dir='ltr'><strong>mn.</strong></span> <span class='ocrx_word' id='word_1_5' title='bbox 1265 197 1299 230; x_wconf 90' lang='lat'><strong>1.</strong></span> <span class='ocrx_word' id='word_1_6' title='bbox 1330 186 1375 230; x_wconf 89' lang='grc'><strong>8.</strong></span> 
     </span>
    </p>
   </div>
   <div class='ocr_carea' id='block_1_2' title="bbox 149 287 877 2843">
    <p class='ocr_par' dir='ltr' id='par_1_2' title="bbox 162 287 877 387">
     <span class='ocr_line' id='line_1_2' title="bbox 162 287 877 335; baseline 0.007 -14"><span class='ocrx_word' id='word_1_7' title='bbox 162 287 293 332; x_wconf 70' lang='lat' dir='ltr'><strong>injecto</strong></span> <span class='ocrx_word' id='word_1_8' title='bbox 306 291 433 332; x_wconf 67' lang='lat' dir='ltr'><strong>rostro,</strong></span> <span class='ocrx_word' id='word_1_9' title='bbox 447 291 520 324; x_wconf 75' lang='lat' dir='ltr'><strong>sine</strong></span> <span class='ocrx_word' id='word_1_10' title='bbox 533 300 633 325; x_wconf 78' lang='lat' dir='ltr'><strong>noxae</strong></span> <span class='ocrx_word' id='word_1_11' title='bbox 647 292 802 335; x_wconf 87' lang='lat' dir='ltr'><strong>periculo</strong></span> <span class='ocrx_word' id='word_1_12' title='bbox 817 302 877 326; x_wconf 84' lang='lat' dir='ltr'><strong>ex-</strong></span> 
     </span>
     <span class='ocr_line' id='line_1_3' title="bbox 162 338 873 387; baseline 0.008 -16"><span class='ocrx_word' id='word_1_13' title='bbox 162 338 312 382; x_wconf 61' lang='lat' dir='ltr'><strong>ocalpit!</strong></span> <span class='ocrx_word' id='word_1_14' title='bbox 377 340 460 375; x_wconf 82' lang='lat' dir='ltr'><strong>Vid.</strong></span> <span class='ocrx_word' id='word_1_15' title='bbox 494 341 668 376; x_wconf 87' lang='lat' dir='ltr'><strong>Herodot.</strong></span> <span class='ocrx_word' id='word_1_16' title='bbox 706 344 873 387; x_wconf 88' lang='lat' dir='ltr'><strong>Euterpe.</strong></span> 
     </span>
    </p>

    <p class='ocr_par' dir='ltr' id='par_1_3' title="bbox 153 440 873 1201">
     <span class='ocr_line' id='line_1_4' title="bbox 207 440 872 488; baseline 0.012 -14"><span class='ocrx_word' id='word_1_17' title='bbox 207 440 256 474; x_wconf 74' lang='lat'><strong>0·</strong></span> <span class='ocrx_word' id='word_1_18' title='bbox 269 442 453 476; x_wconf 64' lang='lat' dir='ltr'><strong>decumum</strong></span> <span class='ocrx_word' id='word_1_19' title='bbox 459 443 558 484; x_wconf 75' lang='lat' dir='ltr'><strong>fauce</strong></span> <span class='ocrx_word' id='word_1_20' title='bbox 571 457 667 488; x_wconf 79' lang='lat' dir='ltr'><strong>quum</strong></span> <span class='ocrx_word' id='word_1_21' title='bbox 681 448 818 482; x_wconf 70' lang='lat' dir='ltr'><strong>hereret</strong></span> <span class='ocrx_word' id='word_1_22' title='bbox 827 450 872 482; x_wconf 78' lang='lat' dir='ltr'><strong>lu·</strong></span> 
     </span>
     <span class='ocr_line' id='line_1_5' title="bbox 155 490 873 542; baseline 0.011 -17"><span class='ocrx_word' id='word_1_23' title='bbox 155 490 211 535; x_wconf 71' lang='lat' dir='ltr'><strong>pi]</strong></span> <span class='ocrx_word' id='word_1_24' title='bbox 230 492 351 536; x_wconf 69' lang='lat' dir='ltr'><strong>Longe</strong></span> <span class='ocrx_word' id='word_1_25' title='bbox 372 496 535 537; x_wconf 78' lang='lat' dir='ltr'><strong>gratioris</strong></span> <span class='ocrx_word' id='word_1_26' title='bbox 556 499 661 531; x_wconf 89' lang='lat' dir='ltr'><strong>animi</strong></span> <span class='ocrx_word' id='word_1_27' title='bbox 676 500 873 542; x_wconf 86' lang='lat' dir='ltr'><strong>exemplum</strong></span> 
     </span>
     <span class='ocr_line' id='line_1_6' title="bbox 158 544 872 592; baseline 0.011 -16"><span class='ocrx_word' id='word_1_28' title='bbox 158 544 314 588; x_wconf 50' lang='lat' dir='ltr'><strong>suggerit</strong></span> <span class='ocrx_word' id='word_1_29' title='bbox 327 545 401 579; x_wconf 85' lang='lat' dir='ltr'><strong>Leo</strong></span> <span class='ocrx_word' id='word_1_30' title='bbox 416 547 490 589; x_wconf 90' lang='lat' dir='ltr'><strong>ille,</strong></span> <span class='ocrx_word' id='word_1_31' title='bbox 512 548 557 581; x_wconf 89' lang='lat' dir='ltr'><strong>de</strong></span> <span class='ocrx_word' id='word_1_32' title='bbox 573 559 640 592; x_wconf 87' lang='lat' dir='ltr'><strong>quo</strong></span> <span class='ocrx_word' id='word_1_33' title='bbox 660 551 794 584; x_wconf 81' lang='lat' dir='ltr'>Plinius</span> <span class='ocrx_word' id='word_1_34' title='bbox 809 550 872 584; x_wconf 86' lang='lat' dir='ltr'><strong>lib.</strong></span> 
     </span>
     <span class='ocr_line' id='line_1_7' title="bbox 158 598 872 639; baseline 0.011 -12"><span class='ocrx_word' id='word_1_35' title='bbox 158 600 245 628; x_wconf 73' lang='lat' dir='ltr'><strong>vm.</strong></span> <span class='ocrx_word' id='word_1_36' title='bbox 259 605 341 639; x_wconf 83' lang='lat' dir='ltr'><strong>cap.</strong></span> <span class='ocrx_word' id='word_1_37' title='bbox 355 599 410 631; x_wconf 81' lang='lat'><strong>21.</strong></span> <span class='ocrx_word' id='word_1_38' title='bbox 432 599 443 618; x_wconf 82' lang='lat'><strong>⁴</strong></span> <span class='ocrx_word' id='word_1_39' title='bbox 457 598 508 632; x_wconf 89' lang='lat' dir='ltr'><strong>Os</strong></span> <span class='ocrx_word' id='word_1_40' title='bbox 523 604 640 634; x_wconf 86' lang='lat' dir='ltr'><strong>morsu</strong></span> <span class='ocrx_word' id='word_1_41' title='bbox 653 602 806 635; x_wconf 74' lang='lat' dir='ltr'>avidiore</span> <span class='ocrx_word' id='word_1_42' title='bbox 821 602 872 634; x_wconf 90' lang='lat' dir='ltr'><strong>in·</strong></span> 
     </span>
     <span class='ocr_line' id='line_1_8' title="bbox 157 644 872 696; baseline 0.008 -15"><span class='ocrx_word' id='word_1_43' title='bbox 157 644 308 681; x_wconf 68' lang='lat' dir='ltr'><strong>beser-t</strong></span> <span class='ocrx_word' id='word_1_44' title='bbox 338 648 511 692; x_wconf 85' lang='lat' dir='ltr'><strong>dentibus,</strong></span> <span class='ocrx_word' id='word_1_45' title='bbox 546 652 794 696; x_wconf 80' lang='lat' dir='ltr'><strong>cruciabatque</strong></span> <span class='ocrx_word' id='word_1_46' title='bbox 821 654 872 687; x_wconf 88' lang='lat' dir='ltr'><strong>in-</strong></span> 
     </span>
     <span class='ocr_line' id='line_1_9' title="bbox 157 697 872 747; baseline 0.013 -17"><span class='ocrx_word' id='word_1_47' title='bbox 157 697 249 740; x_wconf 82' lang='lat' dir='ltr'><strong>edia,</strong></span> <span class='ocrx_word' id='word_1_48' title='bbox 260 702 334 732; x_wconf 89' lang='lat' dir='ltr'><strong>tum</strong></span> <span class='ocrx_word' id='word_1_49' title='bbox 343 710 446 743; x_wconf 84' lang='lat' dir='ltr'><strong>poene</strong></span> <span class='ocrx_word' id='word_1_50' title='bbox 461 701 496 734; x_wconf 92' lang='lat' dir='ltr'><strong>in</strong></span> <span class='ocrx_word' id='word_1_51' title='bbox 509 702 594 746; x_wconf 86' lang='lat' dir='ltr'><strong>ipsis</strong></span> <span class='ocrx_word' id='word_1_52' title='bbox 606 704 680 746; x_wconf 85' lang='lat' dir='ltr'><strong>ejus</strong></span> <span class='ocrx_word' id='word_1_53' title='bbox 696 705 787 747; x_wconf 85' lang='lat' dir='ltr'><strong>telis,</strong></span> <span class='ocrx_word' id='word_1_54' title='bbox 800 715 872 738; x_wconf 84' lang='lat' dir='ltr'><strong>sus-</strong></span> 
     </span>
     <span class='ocr_line' id='line_1_10' title="bbox 155 752 870 799; baseline 0.011 -18"><span class='ocrx_word' id='word_1_55' title='bbox 155 752 372 793; x_wconf 78' lang='lat' dir='ltr'><strong>pectantem,</strong></span> <span class='ocrx_word' id='word_1_56' title='bbox 396 762 438 785; x_wconf 87' lang='lat' dir='ltr'><strong>ac</strong></span> <span class='ocrx_word' id='word_1_57' title='bbox 467 754 564 787; x_wconf 82' lang='lat' dir='ltr'><strong>velut</strong></span> <span class='ocrx_word' id='word_1_58' title='bbox 588 756 694 788; x_wconf 83' lang='lat' dir='ltr'><strong>mutis</strong></span> <span class='ocrx_word' id='word_1_59' title='bbox 709 756 870 799; x_wconf 82' lang='lat' dir='ltr'><strong>precibus</strong></span> 
     </span>
     <span class='ocr_line' id='line_1_11' title="bbox 156 801 870 841; baseline 0.014 -10"><span class='ocrx_word' id='word_1_60' title='bbox 156 803 333 834; x_wconf 84' lang='lat' dir='ltr'><strong>orantem:</strong></span> <span class='ocrx_word' id='word_1_61' title='bbox 349 801 432 836; x_wconf 86' lang='lat' dir='ltr'><strong>dum</strong></span> <span class='ocrx_word' id='word_1_62' title='bbox 446 804 594 838; x_wconf 82' lang='lat' dir='ltr'><strong>fortuitu</strong></span> <span class='ocrx_word' id='word_1_63' title='bbox 605 805 717 840; x_wconf 84' lang='lat' dir='ltr'><strong>fidens</strong></span> <span class='ocrx_word' id='word_1_64' title='bbox 732 818 801 841; x_wconf 91' lang='lat' dir='ltr'><strong>non</strong></span> <span class='ocrx_word' id='word_1_65' title='bbox 815 813 870 841; x_wconf 87' lang='lat' dir='ltr'><strong>est</strong></span> 
     </span>
     <span class='ocr_line' id='line_1_12' title="bbox 156 851 870 902; baseline 0.015 -20"><span class='ocrx_word' id='word_1_66' title='bbox 156 854 278 884; x_wconf 89' lang='lat' dir='ltr'><strong>contra</strong></span> <span class='ocrx_word' id='word_1_67' title='bbox 291 851 414 896; x_wconf 80' lang='lat' dir='ltr'><strong>feram,</strong></span> <span class='ocrx_word' id='word_1_68' title='bbox 425 856 534 889; x_wconf 85' lang='lat' dir='ltr'><strong>multo</strong></span> <span class='ocrx_word' id='word_1_69' title='bbox 550 856 678 890; x_wconf 76' lang='lat' dir='ltr'><strong>diutius</strong></span> <span class='ocrx_word' id='word_1_70' title='bbox 693 859 870 902; x_wconf 82' lang='lat' dir='ltr'><strong>miraculo,</strong></span> 
     </span>
     <span class='ocr_line' id='line_1_13' title="bbox 155 907 869 951; baseline 0.013 -18"><span class='ocrx_word' id='word_1_71' title='bbox 155 911 260 944; x_wconf 83' lang='lat' dir='ltr'><strong>quam</strong></span> <span class='ocrx_word' id='word_1_72' title='bbox 271 907 369 937; x_wconf 79' lang='lat' dir='ltr'><strong>metu</strong></span> <span class='ocrx_word' id='word_1_73' title='bbox 383 910 555 940; x_wconf 75' lang='lat' dir='ltr'><strong>cessatum</strong></span> <span class='ocrx_word' id='word_1_74' title='bbox 570 911 638 940; x_wconf 87' lang='lat' dir='ltr'><strong>est.</strong></span> <span class='ocrx_word' id='word_1_75' title='bbox 672 908 869 951; x_wconf 81' lang='lat' dir='ltr'><strong>Degressus</strong></span> 
     </span>
     <span class='ocr_line' id='line_1_14' title="bbox 154 953 868 1002; baseline 0.008 -17"><span class='ocrx_word' id='word_1_76' title='bbox 154 953 295 988; x_wconf 82' lang='lat' dir='ltr'><strong>tandem</strong></span> <span class='ocrx_word' id='word_1_77' title='bbox 305 956 425 989; x_wconf 82' lang='lat' dir='ltr'><strong>evellit</strong></span> <span class='ocrx_word' id='word_1_78' title='bbox 435 958 610 1000; x_wconf 81' lang='lat' dir='ltr'><strong>praebenti</strong></span> <span class='ocrx_word' id='word_1_79' title='bbox 619 963 655 992; x_wconf 89' lang='lat' dir='ltr'><strong>et</strong></span> <span class='ocrx_word' id='word_1_80' title='bbox 663 969 764 1002; x_wconf 84' lang='lat' dir='ltr'><strong>quam</strong></span> <span class='ocrx_word' id='word_1_81' title='bbox 771 970 868 994; x_wconf 53' lang='lat' dir='ltr'><strong>maxq</strong></span> 
     </span>
     <span class='ocr_line' id='line_1_15' title="bbox 154 1004 868 1048; baseline 0.011 -13"><span class='ocrx_word' id='word_1_82' title='bbox 154 1004 224 1037; x_wconf 87' lang='lat' dir='ltr'><strong>ime</strong></span> <span class='ocrx_word' id='word_1_83' title='bbox 244 1013 333 1048; x_wconf 78' lang='lat' dir='ltr'><strong>opus</strong></span> <span class='ocrx_word' id='word_1_84' title='bbox 347 1011 441 1041; x_wconf 74' lang='lat' dir='ltr'><strong>esset</strong></span> <span class='ocrx_word' id='word_1_85' title='bbox 452 1009 740 1043; x_wconf 80' lang='lat' dir='ltr'><strong>accommodanti.</strong></span> <span class='ocrx_word' id='word_1_86' title='bbox 783 1011 868 1043; x_wconf 84' lang='lat' dir='ltr'><strong>Tra-</strong></span> 
     </span>
     <span class='ocr_line' id='line_1_16' title="bbox 155 1054 867 1101; baseline 0.01 -14"><span class='ocrx_word' id='word_1_87' title='bbox 155 1054 327 1099; x_wconf 74' lang='lat' dir='ltr'><strong>dantque,</strong></span> <span class='ocrx_word' id='word_1_88' title='bbox 340 1059 506 1101; x_wconf 70' lang='lat' dir='ltr'><strong>quamdiu</strong></span> <span class='ocrx_word' id='word_1_89' title='bbox 521 1060 618 1093; x_wconf 85' lang='lat' dir='ltr'><strong>navis</strong></span> <span class='ocrx_word' id='word_1_90' title='bbox 633 1070 676 1093; x_wconf 87' lang='lat' dir='ltr'><strong>ea</strong></span> <span class='ocrx_word' id='word_1_91' title='bbox 690 1061 724 1093; x_wconf 93' lang='lat' dir='ltr'><strong>in</strong></span> <span class='ocrx_word' id='word_1_92' title='bbox 745 1061 867 1094; x_wconf 84' lang='lat' dir='ltr'><strong>littore</strong></span> 
     </span>
     <span class='ocr_line' id='line_1_17' title="bbox 153 1107 866 1153; baseline 0.01 -15"><span class='ocrx_word' id='word_1_93' title='bbox 153 1107 306 1148; x_wconf 80' lang='lat' dir='ltr'><strong>steterit,</strong></span> <span class='ocrx_word' id='word_1_94' title='bbox 341 1109 501 1143; x_wconf 74' lang='lat' dir='ltr'><strong>retulisse</strong></span> <span class='ocrx_word' id='word_1_95' title='bbox 535 1111 683 1153; x_wconf 78' lang='lat' dir='ltr'><strong>gratiam</strong></span> <span class='ocrx_word' id='word_1_96' title='bbox 721 1115 866 1145; x_wconf 88' lang='lat' dir='ltr'><strong>venatus</strong></span> 
     </span>
     <span class='ocr_line' id='line_1_18' title="bbox 154 1157 482 1201; baseline 0.012 -12"><span class='ocrx_word' id='word_1_97' title='bbox 154 1157 378 1200; x_wconf 69' lang='lat' dir='ltr'><strong>aggerendo!</strong></span> <span class='ocrx_word' id='word_1_98' title='bbox 401 1159 482 1201; x_wconf 68' lang='grc' dir='ltr'><strong>Εἰς.</strong></span> 
     </span>
    </p>

    <p class='ocr_par' dir='ltr' id='par_1_4' title="bbox 151 1207 867 1814">
     <span class='ocr_line' id='line_1_19' title="bbox 197 1207 865 1254; baseline 0.009 -14"><span class='ocrx_word' id='word_1_99' title='bbox 197 1207 303 1242; x_wconf 73' lang='lat' dir='ltr'><strong>Fauee</strong></span> <span class='ocrx_word' id='word_1_100' title='bbox 317 1209 398 1252; x_wconf 73' lang='lat' dir='ltr'><strong>lupi]</strong></span> <span class='ocrx_word' id='word_1_101' title='bbox 418 1210 477 1244; x_wconf 90' lang='lat' dir='ltr'><strong>Sic</strong></span> <span class='ocrx_word' id='word_1_102' title='bbox 489 1221 596 1254; x_wconf 79' lang='lat' dir='ltr'><strong>supra</strong></span> <span class='ocrx_word' id='word_1_103' title='bbox 607 1221 651 1246; x_wconf 84' lang='lat' dir='ltr'><strong>ex</strong></span> <span class='ocrx_word' id='word_1_104' title='bbox 668 1212 753 1246; x_wconf 91' lang='lat' dir='ltr'><strong>Cod.</strong></span> <span class='ocrx_word' id='word_1_105' title='bbox 766 1213 865 1246; x_wconf 89' lang='lat' dir='ltr'><strong>Rem.</strong></span> 
     </span>
     <span class='ocr_line' id='line_1_20' title="bbox 153 1258 867 1304; baseline 0.008 -12"><span class='ocrx_word' id='word_1_106' title='bbox 153 1259 166 1278; x_wconf 89' lang='lat'>‘</span> <span class='ocrx_word' id='word_1_107' title='bbox 177 1262 261 1293; x_wconf 82' lang='lat' dir='ltr'><strong>tunc</strong></span> <span class='ocrx_word' id='word_1_108' title='bbox 271 1258 376 1295; x_wconf 82' lang='lat' dir='ltr'><strong>fauce</strong></span> <span class='ocrx_word' id='word_1_109' title='bbox 388 1261 545 1304; x_wconf 86' lang='lat' dir='ltr'><strong>improba</strong></span> <span class='ocrx_word' id='word_1_110' title='bbox 557 1264 664 1296; x_wconf 80' lang='lat' dir='ltr'><strong>Latro</strong></span> <span class='ocrx_word' id='word_1_111' title='bbox 676 1263 867 1298; x_wconf 87' lang='lat' dir='ltr'><strong>incitatus.’</strong></span> 
     </span>
     <span class='ocr_line' id='line_1_21' title="bbox 153 1364 867 1410; baseline 0.008 -14"><span class='ocrx_word' id='word_1_112' title='bbox 153 1383 156 1385; x_wconf 20' lang='grc' dir='ltr'><strong>Δ</strong></span> <span class='ocrx_word' id='word_1_113' title='bbox 195 1365 218 1396; x_wconf 84' lang='grc'><strong>8</strong></span> <span class='ocrx_word' id='word_1_114' title='bbox 250 1364 390 1399; x_wconf 68' lang='lat' dir='ltr'><strong>Tandem</strong></span> <span class='ocrx_word' id='word_1_115' title='bbox 411 1374 573 1409; x_wconf 63' lang='lat' dir='ltr'><strong>peremti·</strong></span> <span class='ocrx_word' id='word_1_116' title='bbox 593 1371 642 1403; x_wconf 76' lang='lat' dir='ltr'><strong>est.</strong></span> <span class='ocrx_word' id='word_1_117' title='bbox 659 1368 867 1410; x_wconf 58' lang='lat' dir='ltr'><strong>jurejarando</strong></span> 
     </span>
     <span class='ocr_line' id='line_1_22' title="bbox 153 1414 867 1463; baseline 0.01 -16"><span class='ocrx_word' id='word_1_118' title='bbox 153 1414 274 1458; x_wconf 54' lang='lat' dir='ltr'><strong>Grais]</strong></span> <span class='ocrx_word' id='word_1_119' title='bbox 295 1417 441 1451; x_wconf 81' lang='lat' dir='ltr'><strong>Hiatum</strong></span> <span class='ocrx_word' id='word_1_120' title='bbox 456 1420 490 1452; x_wconf 86' lang='lat' dir='ltr'><strong>b.</strong></span> <span class='ocrx_word' id='word_1_121' title='bbox 502 1420 524 1453; x_wconf 96' lang='grc'><strong>1.</strong></span> <span class='ocrx_word' id='word_1_122' title='bbox 541 1420 668 1463; x_wconf 78' lang='lat' dir='ltr'><strong>qnaerit</strong></span> <span class='ocrx_word' id='word_1_123' title='bbox 683 1421 867 1462; x_wconf 82' lang='lat' dir='ltr'><strong>Meursius,</strong></span> 
     </span>
     <span class='ocr_line' id='line_1_23' title="bbox 151 1467 867 1513; baseline 0.004 -13"><span class='ocrx_word' id='word_1_124' title='bbox 151 1467 210 1510; x_wconf 84' lang='lat' dir='ltr'><strong>qui</strong></span> <span class='ocrx_word' id='word_1_125' title='bbox 225 1467 341 1502; x_wconf 81' lang='lat' dir='ltr'><strong>forsan</strong></span> <span class='ocrx_word' id='word_1_126' title='bbox 361 1469 455 1502; x_wconf 79' lang='lat' dir='ltr'><strong>haud</strong></span> <span class='ocrx_word' id='word_1_127' title='bbox 481 1471 637 1513; x_wconf 74' lang='lat' dir='ltr'>respexit</span> <span class='ocrx_word' id='word_1_128' title='bbox 663 1474 867 1513; x_wconf 82' lang='lat' dir='ltr'><strong>perpetuam</strong></span> 
     </span>
     <span class='ocr_line' id='line_1_24' title="bbox 152 1518 867 1564; baseline 0.006 -13"><span class='ocrx_word' id='word_1_129' title='bbox 152 1518 300 1555; x_wconf 73' lang='lat' dir='ltr'><strong>Bbaedri</strong></span> <span class='ocrx_word' id='word_1_130' title='bbox 314 1520 540 1562; x_wconf 76' lang='lat' dir='ltr'><strong>brevitatem,</strong></span> <span class='ocrx_word' id='word_1_131' title='bbox 563 1526 624 1554; x_wconf 85' lang='lat' dir='ltr'><strong>ant</strong></span> <span class='ocrx_word' id='word_1_132' title='bbox 648 1525 867 1564; x_wconf 83' lang='lat' dir='ltr'><strong>praeceptum</strong></span> 
     </span>
     <span class='ocr_line' id='line_1_25' title="bbox 153 1570 867 1614; baseline 0.006 -12"><span class='ocrx_word' id='word_1_133' title='bbox 153 1570 252 1603; x_wconf 85' lang='lat' dir='ltr'><strong>Fabii</strong></span> <span class='ocrx_word' id='word_1_134' title='bbox 267 1571 324 1605; x_wconf 89' lang='lat' dir='ltr'><strong>lib.</strong></span> <span class='ocrx_word' id='word_1_135' title='bbox 341 1581 392 1605; x_wconf 71' lang='lat' dir='ltr'><strong>iv.</strong></span> <span class='ocrx_word' id='word_1_136' title='bbox 408 1581 486 1614; x_wconf 83' lang='lat' dir='ltr'><strong>cap.</strong></span> <span class='ocrx_word' id='word_1_137' title='bbox 501 1575 530 1605; x_wconf 77' lang='lat'><strong>2.</strong></span> <span class='ocrx_word' id='word_1_138' title='bbox 554 1573 565 1591; x_wconf 87' lang='lat'>‘</span> <span class='ocrx_word' id='word_1_139' title='bbox 581 1572 729 1606; x_wconf 82' lang='lat' dir='ltr'><strong>Quoties</strong></span> <span class='ocrx_word' id='word_1_140' title='bbox 753 1572 867 1606; x_wconf 86' lang='lat' dir='ltr'><strong>exitus</strong></span> 
     </span>
     <span class='ocr_line' id='line_1_26' title="bbox 151 1621 867 1666; baseline 0.006 -13"><span class='ocrx_word' id='word_1_141' title='bbox 151 1621 203 1654; x_wconf 85' lang='lat' dir='ltr'><strong>rei</strong></span> <span class='ocrx_word' id='word_1_142' title='bbox 217 1622 307 1655; x_wconf 64' lang='lat' dir='ltr'><strong>satia</strong></span> <span class='ocrx_word' id='word_1_143' title='bbox 315 1623 471 1657; x_wconf 74' lang='lat' dir='ltr'><strong>ostendit</strong></span> <span class='ocrx_word' id='word_1_144' title='bbox 485 1624 614 1666; x_wconf 85' lang='lat' dir='ltr'><strong>priora,</strong></span> <span class='ocrx_word' id='word_1_145' title='bbox 626 1622 792 1656; x_wconf 83' lang='lat' dir='ltr'><strong>debemus</strong></span> <span class='ocrx_word' id='word_1_146' title='bbox 801 1624 867 1657; x_wconf 88' lang='lat' dir='ltr'><strong>hoc</strong></span> 
     </span>
     <span class='ocr_line' id='line_1_27' title="bbox 152 1674 867 1717; baseline 0.003 -13"><span class='ocrx_word' id='word_1_147' title='bbox 152 1680 230 1705; x_wconf 74' lang='lat' dir='ltr'><strong>esse</strong></span> <span class='ocrx_word' id='word_1_148' title='bbox 242 1674 414 1715; x_wconf 83' lang='lat' dir='ltr'><strong>contenti,</strong></span> <span class='ocrx_word' id='word_1_149' title='bbox 425 1684 494 1717; x_wconf 89' lang='lat' dir='ltr'><strong>quo</strong></span> <span class='ocrx_word' id='word_1_150' title='bbox 510 1674 644 1717; x_wconf 87' lang='lat' dir='ltr'><strong>reliqua</strong></span> <span class='ocrx_word' id='word_1_151' title='bbox 667 1674 867 1716; x_wconf 84' lang='lat' dir='ltr'><strong>intelligun-</strong></span> 
     </span>
     <span class='ocr_line' id='line_1_28' title="bbox 153 1722 865 1768; baseline 0.001 -12"><span class='ocrx_word' id='word_1_152' title='bbox 153 1725 232 1762; x_wconf 60' lang='lat' dir='ltr'><strong>tur?</strong></span> <span class='ocrx_word' id='word_1_153' title='bbox 274 1722 360 1766; x_wconf 73' lang='lat' dir='ltr'><strong>Agit</strong></span> <span class='ocrx_word' id='word_1_154' title='bbox 383 1724 432 1757; x_wconf 88' lang='lat' dir='ltr'><strong>ibi</strong></span> <span class='ocrx_word' id='word_1_155' title='bbox 454 1724 500 1758; x_wconf 88' lang='lat' dir='ltr'><strong>de</strong></span> <span class='ocrx_word' id='word_1_156' title='bbox 522 1725 744 1758; x_wconf 76' lang='lat' dir='ltr'><strong>narratione:</strong></span> <span class='ocrx_word' id='word_1_157' title='bbox 768 1725 865 1768; x_wconf 87' lang='lat' dir='ltr'><strong>cnjus</strong></span> 
     </span>
     <span class='ocr_line' id='line_1_29' title="bbox 152 1772 778 1814; baseline 0.003 -8"><span class='ocrx_word' id='word_1_158' title='bbox 152 1772 216 1806; x_wconf 71' lang='lat' dir='ltr'><strong>tub</strong></span> <span class='ocrx_word' id='word_1_159' title='bbox 231 1773 362 1814; x_wconf 76' lang='lat' dir='ltr'><strong>ditione</strong></span> <span class='ocrx_word' id='word_1_160' title='bbox 378 1773 508 1810; x_wconf 78' lang='lat' dir='ltr'><strong>fabulae</strong></span> <span class='ocrx_word' id='word_1_161' title='bbox 529 1779 620 1809; x_wconf 84' lang='lat' dir='ltr'><strong>sunt.</strong></span> <span class='ocrx_word' id='word_1_162' title='bbox 642 1776 778 1808; x_wconf 75' lang='lat' dir='ltr'><strong>Pmsch.</strong></span> 
     </span>
    </p>

    <p class='ocr_par' dir='ltr' id='par_1_5' title="bbox 151 1822 866 1972">
     <span class='ocr_line' id='line_1_30' title="bbox 195 1822 866 1868; baseline 0.004 -11"><span class='ocrx_word' id='word_1_163' title='bbox 195 1822 356 1858; x_wconf 69' lang='lat' dir='ltr'><strong>Pet-uasa</strong></span> <span class='ocrx_word' id='word_1_164' title='bbox 385 1828 435 1858; x_wconf 73' lang='lat' dir='ltr'><strong>eet</strong></span> <span class='ocrx_word' id='word_1_165' title='bbox 451 1825 679 1868; x_wconf 76' lang='lat' dir='ltr'><strong>jurejarando]</strong></span> <span class='ocrx_word' id='word_1_166' title='bbox 717 1826 866 1860; x_wconf 84' lang='lat' dir='ltr'><strong>Galatea</strong></span> 
     </span>
     <span class='ocr_line' id='line_1_31' title="bbox 151 1873 866 1920; baseline 0.006 -12"><span class='ocrx_word' id='word_1_167' title='bbox 151 1873 296 1909; x_wconf 77' lang='lat' dir='ltr'><strong>Thetidi</strong></span> <span class='ocrx_word' id='word_1_168' title='bbox 319 1877 411 1919; x_wconf 86' lang='lat' dir='ltr'><strong>apud</strong></span> <span class='ocrx_word' id='word_1_169' title='bbox 434 1877 614 1919; x_wconf 85' lang='lat' dir='ltr'><strong>Theophil.</strong></span> <span class='ocrx_word' id='word_1_170' title='bbox 640 1878 769 1911; x_wconf 88' lang='lat' dir='ltr'><strong>Simoc.</strong></span> <span class='ocrx_word' id='word_1_171' title='bbox 785 1877 866 1920; x_wconf 76' lang='grc' dir='ltr'><strong><em>Πρὸς</em></strong></span> 
     </span>
     <span class='ocr_line' id='line_1_32' title="bbox 151 1925 863 1972; baseline 0.006 -13"><span class='ocrx_word' id='word_1_172' title='bbox 151 1925 275 1967; x_wconf 67' lang='grc' dir='ltr'><strong>ἀπάτην</strong></span> <span class='ocrx_word' id='word_1_173' title='bbox 295 1926 385 1970; x_wconf 74' lang='grc' dir='ltr'><strong><em>ὅρκος</em></strong></span> <span class='ocrx_word' id='word_1_174' title='bbox 409 1927 565 1971; x_wconf 75' lang='grc' dir='ltr'><strong><em>σοφιστής</em></strong></span> <span class='ocrx_word' id='word_1_175' title='bbox 588 1927 675 1961; x_wconf 73' lang='grc' dir='ltr'><strong><em>ἐστιν</em></strong></span> <span class='ocrx_word' id='word_1_176' title='bbox 687 1927 863 1972; x_wconf 71' lang='grc' dir='ltr'><strong>ἀξιόχρεως.</strong></span> 
     </span>
    </p>

    <p class='ocr_par' dir='ltr' id='par_1_6' title="bbox 149 2029 867 2325">
     <span class='ocr_line' id='line_1_33' title="bbox 199 2029 864 2075; baseline 0.005 -13"><span class='ocrx_word' id='word_1_177' title='bbox 199 2029 352 2074; x_wconf 78' lang='lat' dir='ltr'><strong>credens]</strong></span> <span class='ocrx_word' id='word_1_178' title='bbox 375 2031 566 2075; x_wconf 79' lang='lat' dir='ltr'><strong>Eleganter</strong></span> <span class='ocrx_word' id='word_1_179' title='bbox 591 2032 625 2066; x_wconf 91' lang='lat' dir='ltr'><strong>in</strong></span> <span class='ocrx_word' id='word_1_180' title='bbox 642 2035 803 2074; x_wconf 86' lang='lat' dir='ltr'><strong>respectu</strong></span> <span class='ocrx_word' id='word_1_181' title='bbox 821 2032 864 2065; x_wconf 85' lang='lat' dir='ltr'><strong>ad</strong></span> 
     </span>
     <span class='ocr_line' id='line_1_34' title="bbox 149 2079 864 2125; baseline 0 -11"><span class='ocrx_word' id='word_1_182' title='bbox 149 2079 365 2115; x_wconf 65' lang='lat' dir='ltr'><strong>⁴antecedens</strong></span> <span class='ocrx_word' id='word_1_183' title='bbox 381 2083 453 2124; x_wconf 89' lang='lat' dir='ltr'><strong>lupi</strong></span> <span class='ocrx_word' id='word_1_184' title='bbox 474 2083 734 2125; x_wconf 76' lang='lat' dir='ltr'><strong>jusjurandum,</strong></span> <span class='ocrx_word' id='word_1_185' title='bbox 749 2087 788 2114; x_wconf 89' lang='lat' dir='ltr'><strong>et</strong></span> <span class='ocrx_word' id='word_1_186' title='bbox 813 2082 864 2115; x_wconf 87' lang='lat' dir='ltr'><strong>rei</strong></span> 
     </span>
     <span class='ocr_line' id='line_1_35' title="bbox 153 2131 866 2175; baseline 0 -10"><span class='ocrx_word' id='word_1_187' title='bbox 153 2133 359 2174; x_wconf 88' lang='lat' dir='ltr'><strong>periculum,</strong></span> <span class='ocrx_word' id='word_1_188' title='bbox 371 2143 447 2175; x_wconf 87' lang='lat' dir='ltr'><strong>pro,</strong></span> <span class='ocrx_word' id='word_1_189' title='bbox 459 2131 680 2167; x_wconf 81' lang='lat' dir='ltr'><strong>committens</strong></span> <span class='ocrx_word' id='word_1_190' title='bbox 691 2137 728 2166; x_wconf 87' lang='lat' dir='ltr'><strong>et</strong></span> <span class='ocrx_word' id='word_1_191' title='bbox 739 2132 866 2166; x_wconf 82' lang='lat' dir='ltr'><strong>immit-</strong></span> 
     </span>
     <span class='ocr_line' id='line_1_36' title="bbox 153 2183 867 2225; baseline 0 -10"><span class='ocrx_word' id='word_1_192' title='bbox 153 2187 253 2219; x_wconf 51' lang='lat' dir='ltr'><strong>tens-¹</strong></span> <span class='ocrx_word' id='word_1_193' title='bbox 286 2183 451 2225; x_wconf 76' lang='lat' dir='ltr'><strong>Virgilius</strong></span> <span class='ocrx_word' id='word_1_194' title='bbox 467 2183 550 2219; x_wconf 70' lang='lat' dir='ltr'><strong>AEm</strong></span> <span class='ocrx_word' id='word_1_195' title='bbox 570 2192 621 2216; x_wconf 78' lang='lat' dir='ltr'><strong>xl.</strong></span> <span class='ocrx_word' id='word_1_196' title='bbox 644 2184 654 2201; x_wconf 94' lang='lat'>‘</span> <span class='ocrx_word' id='word_1_197' title='bbox 670 2192 732 2215; x_wconf 86' lang='lat' dir='ltr'><strong>rex</strong></span> <span class='ocrx_word' id='word_1_198' title='bbox 748 2188 867 2217; x_wconf 82' lang='lat' dir='ltr'><strong>nostra</strong></span> 
     </span>
     <span class='ocr_line' id='line_1_37' title="bbox 154 2233 866 2277; baseline 0.008 -13"><span class='ocrx_word' id='word_1_199' title='bbox 154 2233 295 2277; x_wconf 85' lang='lat' dir='ltr'><strong>reliquit</strong></span> <span class='ocrx_word' id='word_1_200' title='bbox 309 2233 491 2276; x_wconf 55' lang='lat' dir='ltr'><strong>Hospitiffi</strong></span> <span class='ocrx_word' id='word_1_201' title='bbox 507 2240 545 2267; x_wconf 85' lang='lat' dir='ltr'><strong>et</strong></span> <span class='ocrx_word' id='word_1_202' title='bbox 567 2234 677 2268; x_wconf 82' lang='lat' dir='ltr'><strong>Turni</strong></span> <span class='ocrx_word' id='word_1_203' title='bbox 697 2234 813 2277; x_wconf 71' lang='lat' dir='ltr'><strong>potius</strong></span> <span class='ocrx_word' id='word_1_204' title='bbox 828 2244 866 2272; x_wconf 70' lang='lat' dir='ltr'><strong>se</strong></span> 
     </span>
     <span class='ocr_line' id='line_1_38' title="bbox 153 2283 573 2325; baseline 0.007 -9"><span class='ocrx_word' id='word_1_205' title='bbox 153 2283 304 2318; x_wconf 84' lang='lat' dir='ltr'><strong>eredidit</strong></span> <span class='ocrx_word' id='word_1_206' title='bbox 320 2284 448 2321; x_wconf 66' lang='lat' dir='ltr'><strong>armis:</strong></span> <span class='ocrx_word' id='word_1_207' title='bbox 468 2284 573 2325; x_wconf 59' lang='lat' dir='ltr'><strong>Schd.</strong></span> 
     </span>
    </p>

    <p class='ocr_par' dir='ltr' id='par_1_7' title="bbox 154 2335 868 2843">
     <span class='ocr_line' id='line_1_39' title="bbox 195 2335 867 2380; baseline 0.004 -12"><span class='ocrx_word' id='word_1_208' title='bbox 195 2335 283 2377; x_wconf 21' lang='lat' dir='ltr'><strong>*Colli</strong></span> <span class='ocrx_word' id='word_1_209' title='bbox 292 2336 534 2380; x_wconf 76' lang='lat' dir='ltr'><strong>longitudinem]</strong></span> <span class='ocrx_word' id='word_1_210' title='bbox 548 2337 705 2380; x_wconf 84' lang='lat' dir='ltr'><strong>Longum</strong></span> <span class='ocrx_word' id='word_1_211' title='bbox 718 2338 843 2371; x_wconf 89' lang='lat' dir='ltr'><strong>collum</strong></span> <span class='ocrx_word' id='word_1_212' title='bbox 857 2351 867 2379; x_wconf 90' lang='lat'>;</span> 
     </span>
     <span class='ocr_line' id='line_1_40' title="bbox 154 2385 866 2431; baseline 0.006 -12"><span class='ocrx_word' id='word_1_213' title='bbox 154 2390 195 2420; x_wconf 85' lang='lat' dir='ltr'><strong>ut</strong></span> <span class='ocrx_word' id='word_1_214' title='bbox 219 2385 321 2429; x_wconf 81' lang='lat' dir='ltr'><strong>iufra,</strong></span> <span class='ocrx_word' id='word_1_215' title='bbox 353 2388 363 2405; x_wconf 87' lang='lat'>‘</span> <span class='ocrx_word' id='word_1_216' title='bbox 374 2387 470 2420; x_wconf 86' lang='lat' dir='ltr'><strong>corvi</strong></span> <span class='ocrx_word' id='word_1_217' title='bbox 498 2387 643 2430; x_wconf 69' lang='lat' dir='ltr'><strong>stupor-‚³</strong></span> <span class='ocrx_word' id='word_1_218' title='bbox 668 2398 732 2431; x_wconf 89' lang='lat' dir='ltr'><strong>pro</strong></span> <span class='ocrx_word' id='word_1_219' title='bbox 761 2399 866 2423; x_wconf 86' lang='lat' dir='ltr'><strong>corvo</strong></span> 
     </span>
     <span class='ocr_line' id='line_1_41' title="bbox 154 2439 867 2483; baseline 0.001 -11"><span class='ocrx_word' id='word_1_220' title='bbox 154 2439 307 2483; x_wconf 87' lang='lat' dir='ltr'><strong>stupido,</strong></span> <span class='ocrx_word' id='word_1_221' title='bbox 322 2440 407 2473; x_wconf 80' lang='lat' dir='ltr'><strong>Fab.</strong></span> <span class='ocrx_word' id='word_1_222' title='bbox 425 2448 510 2478; x_wconf 80' lang='lat' dir='ltr'><strong>xm.</strong></span> <span class='ocrx_word' id='word_1_223' title='bbox 545 2440 602 2473; x_wconf 87' lang='lat' dir='ltr'><strong>Ibi</strong></span> <span class='ocrx_word' id='word_1_224' title='bbox 617 2444 787 2482; x_wconf 81' lang='lat' dir='ltr'><strong>congesta</strong></span> <span class='ocrx_word' id='word_1_225' title='bbox 808 2451 867 2473; x_wconf 86' lang='lat' dir='ltr'><strong>ex-</strong></span> 
     </span>
     <span class='ocr_line' id='line_1_42' title="bbox 155 2491 867 2534; baseline 0 -9"><span class='ocrx_word' id='word_1_226' title='bbox 155 2492 272 2534; x_wconf 82' lang='lat' dir='ltr'><strong>empla</strong></span> <span class='ocrx_word' id='word_1_227' title='bbox 295 2492 405 2534; x_wconf 82' lang='lat' dir='ltr'><strong>leges,</strong></span> <span class='ocrx_word' id='word_1_228' title='bbox 427 2501 496 2524; x_wconf 85' lang='lat' dir='ltr'><strong>non</strong></span> <span class='ocrx_word' id='word_1_229' title='bbox 511 2491 697 2533; x_wconf 81' lang='lat' dir='ltr'><strong>injucunda</strong></span> <span class='ocrx_word' id='word_1_230' title='bbox 713 2492 867 2534; x_wconf 86' lang='lat' dir='ltr'><strong>cognitu.</strong></span> 
     </span>
     <span class='ocr_line' id='line_1_43' title="bbox 157 2542 868 2584; baseline 0.003 -10"><span class='ocrx_word' id='word_1_231' title='bbox 157 2542 237 2575; x_wconf 79' lang='lat' dir='ltr'><strong>Fab.</strong></span> <span class='ocrx_word' id='word_1_232' title='bbox 282 2542 371 2583; x_wconf 87' lang='lat' dir='ltr'><strong>Pro,</strong></span> <span class='ocrx_word' id='word_1_233' title='bbox 400 2542 525 2575; x_wconf 86' lang='lat' dir='ltr'><strong>collum</strong></span> <span class='ocrx_word' id='word_1_234' title='bbox 548 2543 698 2584; x_wconf 86' lang='lat' dir='ltr'><strong>longum.</strong></span> <span class='ocrx_word' id='word_1_235' title='bbox 746 2543 868 2576; x_wconf 82' lang='lat' dir='ltr'><strong>Utitur</strong></span> 
     </span>
     <span class='ocr_line' id='line_1_44' title="bbox 156 2593 867 2636; baseline 0 -10"><span class='ocrx_word' id='word_1_236' title='bbox 156 2597 272 2626; x_wconf 84' lang='lat' dir='ltr'><strong>autem</strong></span> <span class='ocrx_word' id='word_1_237' title='bbox 286 2593 352 2626; x_wconf 86' lang='lat' dir='ltr'><strong>hoc</strong></span> <span class='ocrx_word' id='word_1_238' title='bbox 381 2593 566 2626; x_wconf 84' lang='lat' dir='ltr'><strong>locutionis</strong></span> <span class='ocrx_word' id='word_1_239' title='bbox 592 2603 732 2635; x_wconf 80' lang='lat' dir='ltr'><strong>genere,</strong></span> <span class='ocrx_word' id='word_1_240' title='bbox 747 2594 867 2636; x_wconf 91' lang='lat' dir='ltr'><strong>quoni-</strong></span> 
     </span>
     <span class='ocr_line' id='line_1_45' title="bbox 157 2646 867 2681; baseline 0 -3"><span class='ocrx_word' id='word_1_241' title='bbox 157 2654 212 2678; x_wconf 83' lang='lat' dir='ltr'><strong>am</strong></span> <span class='ocrx_word' id='word_1_242' title='bbox 227 2646 263 2678; x_wconf 87' lang='lat' dir='ltr'><strong>in</strong></span> <span class='ocrx_word' id='word_1_243' title='bbox 287 2646 377 2678; x_wconf 90' lang='lat' dir='ltr'><strong>collo</strong></span> <span class='ocrx_word' id='word_1_244' title='bbox 392 2646 538 2678; x_wconf 79' lang='lat' dir='ltr'><strong>maxime</strong></span> <span class='ocrx_word' id='word_1_245' title='bbox 560 2646 808 2681; x_wconf 80' lang='lat' dir='ltr'><strong>attendebatur</strong></span> <span class='ocrx_word' id='word_1_246' title='bbox 823 2646 867 2679; x_wconf 87' lang='lat' dir='ltr'><strong>ad</strong></span> 
     </span>
     <span class='ocr_line' id='line_1_46' title="bbox 158 2696 867 2740; baseline 0.003 -12"><span class='ocrx_word' id='word_1_247' title='bbox 158 2696 233 2738; x_wconf 88' lang='lat' dir='ltr'><strong>ejus</strong></span> <span class='ocrx_word' id='word_1_248' title='bbox 248 2697 510 2740; x_wconf 80' lang='lat' dir='ltr'><strong>longitudinem,</strong></span> <span class='ocrx_word' id='word_1_249' title='bbox 533 2702 574 2730; x_wconf 86' lang='lat' dir='ltr'><strong>ut</strong></span> <span class='ocrx_word' id='word_1_250' title='bbox 597 2698 754 2730; x_wconf 82' lang='lat' dir='ltr'><strong>idoneam</strong></span> <span class='ocrx_word' id='word_1_251' title='bbox 780 2697 867 2731; x_wconf 84' lang='lat' dir='ltr'><strong>faci—</strong></span> 
     </span>
     <span class='ocr_line' id='line_1_47' title="bbox 159 2746 868 2782; baseline 0.004 -4"><span class='ocrx_word' id='word_1_252' title='bbox 159 2746 258 2779; x_wconf 81' lang='lat' dir='ltr'><strong>endae</strong></span> <span class='ocrx_word' id='word_1_253' title='bbox 273 2747 468 2781; x_wconf 85' lang='lat' dir='ltr'><strong>medicinae.</strong></span> <span class='ocrx_word' id='word_1_254' title='bbox 506 2747 685 2782; x_wconf 84' lang='lat' dir='ltr'><strong>Quomodo</strong></span> <span class='ocrx_word' id='word_1_255' title='bbox 694 2753 732 2780; x_wconf 89' lang='lat' dir='ltr'><strong>et</strong></span> <span class='ocrx_word' id='word_1_256' title='bbox 745 2748 868 2781; x_wconf 84' lang='lat' dir='ltr'><strong>Cicero</strong></span> 
     </span>
     <span class='ocr_line' id='line_1_48' title="bbox 161 2797 868 2843; baseline 0.006 -13"><span class='ocrx_word' id='word_1_257' title='bbox 161 2797 287 2831; x_wconf 82' lang='lat' dir='ltr'><strong>alicubi</strong></span> <span class='ocrx_word' id='word_1_258' title='bbox 302 2798 336 2832; x_wconf 91' lang='lat' dir='ltr'><strong>in</strong></span> <span class='ocrx_word' id='word_1_259' title='bbox 351 2799 508 2840; x_wconf 84' lang='lat' dir='ltr'><strong>Verrem,</strong></span> <span class='ocrx_word' id='word_1_260' title='bbox 529 2800 539 2818; x_wconf 81' lang='lat'><em>⁶</em></span> <span class='ocrx_word' id='word_1_261' title='bbox 553 2799 666 2834; x_wconf 83' lang='lat' dir='ltr'><strong>noctis</strong></span> <span class='ocrx_word' id='word_1_262' title='bbox 680 2799 868 2843; x_wconf 79' lang='lat' dir='ltr'><strong>longitudi-</strong></span> 
     </span>
    </p>
   </div>
   <div class='ocr_carea' id='block_1_3' title="bbox 1534 167 1639 232">
    <p class='ocr_par' dir='ltr' id='par_1_8' title="bbox 1534 167 1639 232">
     <span class='ocr_line' id='line_1_49' title="bbox 1534 167 1639 232; baseline 0 0"><span class='ocrx_word' id='word_1_263' title='bbox 1534 167 1639 232; x_wconf 77' lang='lat'><strong><em>-355</em></strong></span> 
     </span>
    </p>
   </div>
   <div class='ocr_carea' id='block_1_4' title="bbox 914 293 1638 2844">
    <p class='ocr_par' dir='ltr' id='par_1_9' title="bbox 919 293 1638 836">
     <span class='ocr_line' id='line_1_50' title="bbox 923 293 1638 338; baseline 0.004 -12"><span class='ocrx_word' id='word_1_264' title='bbox 923 302 1004 326; x_wconf 89' lang='lat' dir='ltr'><strong>nem</strong></span> <span class='ocrx_word' id='word_1_265' title='bbox 1017 293 1242 328; x_wconf 75' lang='lat' dir='ltr'><strong>consumebat</strong></span> <span class='ocrx_word' id='word_1_266' title='bbox 1256 293 1407 337; x_wconf 70' lang='lat' dir='ltr'><strong>stupris!</strong></span> <span class='ocrx_word' id='word_1_267' title='bbox 1453 294 1570 338; x_wconf 85' lang='lat' dir='ltr'><strong>Atque</strong></span> <span class='ocrx_word' id='word_1_268' title='bbox 1586 295 1638 329; x_wconf 87' lang='lat' dir='ltr'><strong>ita</strong></span> 
     </span>
     <span class='ocr_line' id='line_1_51' title="bbox 923 345 1634 390; baseline 0.003 -12"><span class='ocrx_word' id='word_1_269' title='bbox 923 345 964 378; x_wconf 86' lang='lat' dir='ltr'><strong>fit</strong></span> <span class='ocrx_word' id='word_1_270' title='bbox 979 350 1015 378; x_wconf 90' lang='lat' dir='ltr'><strong>et</strong></span> <span class='ocrx_word' id='word_1_271' title='bbox 1030 346 1065 378; x_wconf 91' lang='lat' dir='ltr'><strong>in</strong></span> <span class='ocrx_word' id='word_1_272' title='bbox 1077 347 1152 379; x_wconf 85' lang='lat' dir='ltr'><strong>aliis</strong></span> <span class='ocrx_word' id='word_1_273' title='bbox 1162 347 1242 379; x_wconf 88' lang='lat' dir='ltr'><strong>huic</strong></span> <span class='ocrx_word' id='word_1_274' title='bbox 1252 346 1420 379; x_wconf 73' lang='lat' dir='ltr'><strong>similibus</strong></span> <span class='ocrx_word' id='word_1_275' title='bbox 1432 347 1530 389; x_wconf 79' lang='lat' dir='ltr'><strong>locis,</strong></span> <span class='ocrx_word' id='word_1_276' title='bbox 1543 349 1634 390; x_wconf 88' lang='lat' dir='ltr'><strong>quod</strong></span> 
     </span>
     <span class='ocr_line' id='line_1_52' title="bbox 923 397 1636 437; baseline 0.001 -8"><span class='ocrx_word' id='word_1_277' title='bbox 923 399 977 429; x_wconf 86' lang='lat' dir='ltr'><strong>est</strong></span> <span class='ocrx_word' id='word_1_278' title='bbox 999 397 1106 429; x_wconf 81' lang='lat' dir='ltr'><strong>semel</strong></span> <span class='ocrx_word' id='word_1_279' title='bbox 1131 397 1396 430; x_wconf 85' lang='lat' dir='ltr'><strong>observandum.</strong></span> <span class='ocrx_word' id='word_1_280' title='bbox 1417 397 1524 437; x_wconf 66' lang='lat' dir='ltr'><strong>Senes.</strong></span> <span class='ocrx_word' id='word_1_281' title='bbox 1570 398 1636 430; x_wconf 88' lang='lat' dir='ltr'><strong>His</strong></span> 
     </span>
     <span class='ocr_line' id='line_1_53' title="bbox 922 446 1634 490; baseline 0.001 -11"><span class='ocrx_word' id='word_1_282' title='bbox 922 446 1061 481; x_wconf 87' lang='lat' dir='ltr'><strong>videtur</strong></span> <span class='ocrx_word' id='word_1_283' title='bbox 1095 449 1284 481; x_wconf 83' lang='lat' dir='ltr'><strong>reclamare</strong></span> <span class='ocrx_word' id='word_1_284' title='bbox 1321 448 1451 490; x_wconf 83' lang='lat' dir='ltr'><strong>primus</strong></span> <span class='ocrx_word' id='word_1_285' title='bbox 1490 458 1608 480; x_wconf 78' lang='lat' dir='ltr'><strong>versus</strong></span> <span class='ocrx_word' id='word_1_286' title='bbox 1625 460 1634 480; x_wconf 91' lang='lat'><strong>:</strong></span> 
     </span>
     <span class='ocr_line' id='line_1_54' title="bbox 925 489 1635 540; baseline 0 -9"><span class='ocrx_word' id='word_1_287' title='bbox 925 499 972 530; x_wconf 78' lang='lat' dir='ltr'><strong>Os</strong></span> <span class='ocrx_word' id='word_1_288' title='bbox 983 489 1274 538; x_wconf 65' lang='lat' dir='ltr'><strong>devoratum&#39;fauce</strong></span> <span class='ocrx_word' id='word_1_289' title='bbox 1288 508 1382 540; x_wconf 83' lang='lat' dir='ltr'><strong>quum</strong></span> <span class='ocrx_word' id='word_1_290' title='bbox 1400 498 1535 530; x_wconf 76' lang='lat' dir='ltr'><strong>haereret</strong></span> <span class='ocrx_word' id='word_1_291' title='bbox 1550 498 1616 540; x_wconf 81' lang='lat' dir='ltr'><strong>lupi</strong></span> <span class='ocrx_word' id='word_1_292' title='bbox 1624 510 1635 531; x_wconf 87' lang='lat'><strong>.-</strong></span> 
     </span>
     <span class='ocr_line' id='line_1_55' title="bbox 921 548 1636 591; baseline 0 -11"><span class='ocrx_word' id='word_1_293' title='bbox 921 548 1139 591; x_wconf 16' lang='lat' dir='ltr'><strong>utiquelcnm</strong></span> <span class='ocrx_word' id='word_1_294' title='bbox 1155 548 1298 588; x_wconf 74' lang='lat' dir='ltr'><strong>ciconiae</strong></span> <span class='ocrx_word' id='word_1_295' title='bbox 1315 552 1464 581; x_wconf 83' lang='lat' dir='ltr'><strong>rostrum</strong></span> <span class='ocrx_word' id='word_1_296' title='bbox 1491 558 1558 580; x_wconf 91' lang='lat' dir='ltr'><strong>non</strong></span> <span class='ocrx_word' id='word_1_297' title='bbox 1589 549 1636 581; x_wconf 84' lang='lat' dir='ltr'><strong>sit</strong></span> 
     </span>
     <span class='ocr_line' id='line_1_56' title="bbox 922 598 1636 633; baseline -0.001 -1"><span class='ocrx_word' id='word_1_298' title='bbox 922 599 1009 632; x_wconf 84' lang='lat' dir='ltr'><strong>adeo</strong></span> <span class='ocrx_word' id='word_1_299' title='bbox 1026 599 1143 632; x_wconf 88' lang='lat' dir='ltr'><strong>breve.</strong></span> <span class='ocrx_word' id='word_1_300' title='bbox 1189 601 1275 633; x_wconf 82' lang='lat' dir='ltr'><strong>Esse</strong></span> <span class='ocrx_word' id='word_1_301' title='bbox 1288 603 1403 632; x_wconf 87' lang='lat' dir='ltr'><strong>autem</strong></span> <span class='ocrx_word' id='word_1_302' title='bbox 1419 598 1558 632; x_wconf 80' lang='lat' dir='ltr'><strong>fabulas</strong></span> <span class='ocrx_word' id='word_1_303' title='bbox 1575 600 1636 632; x_wconf 89' lang='lat' dir='ltr'><strong>de-</strong></span> 
     </span>
     <span class='ocr_line' id='line_1_57' title="bbox 922 649 1634 692; baseline 0.003 -11"><span class='ocrx_word' id='word_1_304' title='bbox 922 649 1005 683; x_wconf 88' lang='lat' dir='ltr'><strong>bere</strong></span> <span class='ocrx_word' id='word_1_305' title='bbox 1019 649 1162 691; x_wconf 74' lang='grc' dir='ltr'><strong>πιθανὰς,</strong></span> <span class='ocrx_word' id='word_1_306' title='bbox 1187 650 1318 683; x_wconf 89' lang='lat' dir='ltr'><strong>dictum</strong></span> <span class='ocrx_word' id='word_1_307' title='bbox 1336 649 1378 682; x_wconf 89' lang='lat' dir='ltr'><strong>ad</strong></span> <span class='ocrx_word' id='word_1_308' title='bbox 1396 650 1539 692; x_wconf 72' lang='lat' dir='ltr'><strong>dign-ess.</strong></span> <span class='ocrx_word' id='word_1_309' title='bbox 1556 655 1634 692; x_wconf 82' lang='lat' dir='ltr'><strong>post</strong></span> 
     </span>
     <span class='ocr_line' id='line_1_58' title="bbox 920 699 1634 744; baseline 0.003 -11"><span class='ocrx_word' id='word_1_310' title='bbox 920 699 992 735; x_wconf 84' lang='lat' dir='ltr'><strong>fab.</strong></span> <span class='ocrx_word' id='word_1_311' title='bbox 1018 704 1073 734; x_wconf 84' lang='grc'><strong>64.</strong></span> <span class='ocrx_word' id='word_1_312' title='bbox 1110 702 1254 736; x_wconf 81' lang='lat' dir='ltr'><strong>Cautius</strong></span> <span class='ocrx_word' id='word_1_313' title='bbox 1277 706 1425 744; x_wconf 84' lang='lat' dir='ltr'><strong>egerunt</strong></span> <span class='ocrx_word' id='word_1_314' title='bbox 1455 701 1634 743; x_wconf 86' lang='lat' dir='ltr'><strong>Aphthon.</strong></span> 
     </span>
     <span class='ocr_line' id='line_1_59' title="bbox 921 751 1634 796; baseline 0 -10"><span class='ocrx_word' id='word_1_315' title='bbox 921 753 1006 786; x_wconf 86' lang='lat' dir='ltr'><strong>Fab.</strong></span> <span class='ocrx_word' id='word_1_316' title='bbox 1021 755 1076 785; x_wconf 84' lang='lat'><strong>25.</strong></span> <span class='ocrx_word' id='word_1_317' title='bbox 1092 753 1212 796; x_wconf 81' lang='lat' dir='ltr'><strong>AEsop.</strong></span> <span class='ocrx_word' id='word_1_318' title='bbox 1227 753 1311 786; x_wconf 72' lang='lat' dir='ltr'><strong>Fau.</strong></span> <span class='ocrx_word' id='word_1_319' title='bbox 1326 755 1400 786; x_wconf 80' lang='lat'>144.</span> <span class='ocrx_word' id='word_1_320' title='bbox 1416 751 1531 785; x_wconf 82' lang='lat' dir='ltr'><strong>Anon.</strong></span> <span class='ocrx_word' id='word_1_321' title='bbox 1548 752 1634 786; x_wconf 84' lang='lat' dir='ltr'><strong>Fab.</strong></span> 
     </span>
     <span class='ocr_line' id='line_1_60' title="bbox 919 803 1111 836; baseline 0.005 -1"><span class='ocrx_word' id='word_1_322' title='bbox 919 806 952 836; x_wconf 84' lang='lat'><strong>8.</strong></span> <span class='ocrx_word' id='word_1_323' title='bbox 977 803 1111 836; x_wconf 64' lang='lat' dir='ltr'><strong>Praecla.</strong></span> 
     </span>
    </p>

    <p class='ocr_par' dir='ltr' id='par_1_10' title="bbox 917 855 1637 1051">
     <span class='ocr_line' id='line_1_61' title="bbox 964 855 1634 899; baseline 0.006 -13"><span class='ocrx_word' id='word_1_324' title='bbox 964 855 1046 887; x_wconf 79' lang='lat' dir='ltr'><strong>Gaui</strong></span> <span class='ocrx_word' id='word_1_325' title='bbox 1059 855 1304 897; x_wconf 75' lang='lat' dir='ltr'><strong>longitudinem]</strong></span> <span class='ocrx_word' id='word_1_326' title='bbox 1318 856 1403 898; x_wconf 81' lang='lat' dir='ltr'><strong>Pro,</strong></span> <span class='ocrx_word' id='word_1_327' title='bbox 1411 856 1551 899; x_wconf 83' lang='lat' dir='ltr'><strong>longum</strong></span> <span class='ocrx_word' id='word_1_328' title='bbox 1564 859 1634 890; x_wconf 87' lang='lat' dir='ltr'><strong>col-</strong></span> 
     </span>
     <span class='ocr_line' id='line_1_62' title="bbox 918 904 1637 949; baseline 0.003 -10"><span class='ocrx_word' id='word_1_329' title='bbox 918 904 988 939; x_wconf 87' lang='lat' dir='ltr'><strong>lum</strong></span> <span class='ocrx_word' id='word_1_330' title='bbox 1002 915 1012 945; x_wconf 90' lang='lat'>;</span> <span class='ocrx_word' id='word_1_331' title='bbox 1035 906 1086 938; x_wconf 88' lang='lat' dir='ltr'><strong>ita</strong></span> <span class='ocrx_word' id='word_1_332' title='bbox 1098 906 1174 938; x_wconf 89' lang='lat' dir='ltr'><strong>vice</strong></span> <span class='ocrx_word' id='word_1_333' title='bbox 1186 915 1283 939; x_wconf 83' lang='lat' dir='ltr'><strong>versa</strong></span> <span class='ocrx_word' id='word_1_334' title='bbox 1296 917 1399 949; x_wconf 83' lang='lat' dir='ltr'><strong>supra</strong></span> <span class='ocrx_word' id='word_1_335' title='bbox 1410 906 1482 940; x_wconf 81' lang='lat' dir='ltr'><strong>fab.</strong></span> <span class='ocrx_word' id='word_1_336' title='bbox 1496 910 1527 940; x_wconf 88' lang='lat'><strong>1.</strong></span> <span class='ocrx_word' id='word_1_337' title='bbox 1544 908 1637 943; x_wconf 84' lang='lat' dir='ltr'><strong>dixit</strong></span> 
     </span>
     <span class='ocr_line' id='line_1_63' title="bbox 918 956 1632 1001; baseline 0.004 -11"><span class='ocrx_word' id='word_1_338' title='bbox 918 958 932 980; x_wconf 51' lang='lat'><strong>‘1</strong></span> <span class='ocrx_word' id='word_1_339' title='bbox 941 956 1044 991; x_wconf 83' lang='lat' dir='ltr'><strong>fauce</strong></span> <span class='ocrx_word' id='word_1_340' title='bbox 1061 958 1239 1000; x_wconf 88' lang='lat' dir='ltr'><strong>improba&#39;</strong></span> <span class='ocrx_word' id='word_1_341' title='bbox 1263 969 1341 1001; x_wconf 89' lang='lat' dir='ltr'><strong>pro,</strong></span> <span class='ocrx_word' id='word_1_342' title='bbox 1364 960 1632 996; x_wconf 78' lang='lat' dir='ltr'><strong>insatiabilitate</strong></span> 
     </span>
     <span class='ocr_line' id='line_1_64' title="bbox 917 1009 1549 1051; baseline 0.003 -8"><span class='ocrx_word' id='word_1_343' title='bbox 917 1013 955 1044; x_wconf 82' lang='lat' dir='ltr'><strong>et</strong></span> <span class='ocrx_word' id='word_1_344' title='bbox 968 1009 1194 1051; x_wconf 84' lang='lat' dir='ltr'><strong>improbitate</strong></span> <span class='ocrx_word' id='word_1_345' title='bbox 1208 1009 1331 1043; x_wconf 84' lang='lat' dir='ltr'><strong>faucis.</strong></span> <span class='ocrx_word' id='word_1_346' title='bbox 1357 1011 1444 1044; x_wconf 79' lang='lat' dir='ltr'><strong>Gud.</strong></span> <span class='ocrx_word' id='word_1_347' title='bbox 1546 1042 1549 1045; x_wconf 87' lang='lat'><em>.</em></span> 
     </span>
    </p>

    <p class='ocr_par' dir='ltr' id='par_1_11' title="bbox 914 1060 1634 1460">
     <span class='ocr_line' id='line_1_65' title="bbox 959 1060 1634 1101; baseline 0.004 -9"><span class='ocrx_word' id='word_1_348' title='bbox 959 1062 982 1092; x_wconf 82' lang='lat'>9</span> <span class='ocrx_word' id='word_1_349' title='bbox 1005 1060 1233 1101; x_wconf 76' lang='lat' dir='ltr'><strong>Periculosam]</strong></span> <span class='ocrx_word' id='word_1_350' title='bbox 1256 1061 1463 1095; x_wconf 83' lang='lat' dir='ltr'><strong>Quomodo?</strong></span> <span class='ocrx_word' id='word_1_351' title='bbox 1485 1071 1566 1094; x_wconf 88' lang='lat' dir='ltr'><strong>num</strong></span> <span class='ocrx_word' id='word_1_352' title='bbox 1581 1072 1634 1095; x_wconf 89' lang='lat' dir='ltr'><strong>re-</strong></span> 
     </span>
     <span class='ocr_line' id='line_1_66' title="bbox 916 1111 1633 1155; baseline 0.001 -12"><span class='ocrx_word' id='word_1_353' title='bbox 916 1116 1038 1152; x_wconf 82' lang='lat' dir='ltr'><strong>spectu</strong></span> <span class='ocrx_word' id='word_1_354' title='bbox 1063 1112 1170 1154; x_wconf 80' lang='lat' dir='ltr'><strong>gruis,</strong></span> <span class='ocrx_word' id='word_1_355' title='bbox 1196 1111 1323 1146; x_wconf 86' lang='lat' dir='ltr'><strong>collum</strong></span> <span class='ocrx_word' id='word_1_356' title='bbox 1349 1111 1533 1144; x_wconf 87' lang='lat' dir='ltr'><strong>inserentis</strong></span> <span class='ocrx_word' id='word_1_357' title='bbox 1558 1113 1633 1155; x_wconf 84' lang='lat' dir='ltr'><strong>lupi</strong></span> 
     </span>
     <span class='ocr_line' id='line_1_67' title="bbox 915 1160 1632 1206; baseline 0.003 -12"><span class='ocrx_word' id='word_1_358' title='bbox 915 1160 1098 1196; x_wconf 82' lang='lat' dir='ltr'><strong>faucibus?</strong></span> <span class='ocrx_word' id='word_1_359' title='bbox 1119 1173 1199 1195; x_wconf 90' lang='lat' dir='ltr'><strong>num</strong></span> <span class='ocrx_word' id='word_1_360' title='bbox 1210 1167 1374 1205; x_wconf 79' lang='lat' dir='ltr'><strong>respectu</strong></span> <span class='ocrx_word' id='word_1_361' title='bbox 1388 1163 1474 1206; x_wconf 83' lang='lat' dir='ltr'><strong>lupi,</strong></span> <span class='ocrx_word' id='word_1_362' title='bbox 1493 1173 1632 1196; x_wconf 84' lang='lat' dir='ltr'><strong>versan-</strong></span> 
     </span>
     <span class='ocr_line' id='line_1_68' title="bbox 917 1213 1631 1256; baseline 0.001 -9"><span class='ocrx_word' id='word_1_363' title='bbox 917 1213 962 1247; x_wconf 85' lang='lat' dir='ltr'><strong>tis</strong></span> <span class='ocrx_word' id='word_1_364' title='bbox 979 1214 1102 1247; x_wconf 86' lang='lat' dir='ltr'><strong>mortis</strong></span> <span class='ocrx_word' id='word_1_365' title='bbox 1118 1215 1152 1246; x_wconf 92' lang='lat' dir='ltr'><strong>in</strong></span> <span class='ocrx_word' id='word_1_366' title='bbox 1169 1214 1339 1256; x_wconf 84' lang='lat' dir='ltr'><strong>periculo,</strong></span> <span class='ocrx_word' id='word_1_367' title='bbox 1365 1218 1403 1247; x_wconf 91' lang='lat' dir='ltr'><strong>et</strong></span> <span class='ocrx_word' id='word_1_368' title='bbox 1428 1215 1514 1247; x_wconf 84' lang='lat' dir='ltr'><strong>ossis</strong></span> <span class='ocrx_word' id='word_1_369' title='bbox 1539 1217 1631 1248; x_wconf 83' lang='lat' dir='ltr'><strong>male</strong></span> 
     </span>
     <span class='ocr_line' id='line_1_69' title="bbox 916 1264 1631 1307; baseline 0.001 -11"><span class='ocrx_word' id='word_1_370' title='bbox 916 1264 1102 1298; x_wconf 72' lang='lat' dir='ltr'><strong>devorati?</strong></span> <span class='ocrx_word' id='word_1_371' title='bbox 1119 1265 1242 1301; x_wconf 88' lang='lat' dir='ltr'><strong>Potest</strong></span> <span class='ocrx_word' id='word_1_372' title='bbox 1257 1269 1441 1307; x_wconf 90' lang='lat' dir='ltr'><strong>utrumque</strong></span> <span class='ocrx_word' id='word_1_373' title='bbox 1463 1265 1631 1307; x_wconf 72' lang='lat' dir='ltr'><strong>intelligj3</strong></span> 
     </span>
     <span class='ocr_line' id='line_1_70' title="bbox 915 1315 1631 1358; baseline 0.003 -11"><span class='ocrx_word' id='word_1_374' title='bbox 915 1323 1036 1348; x_wconf 66' lang='lat' dir='ltr'><strong>terum</strong></span> <span class='ocrx_word' id='word_1_375' title='bbox 1051 1315 1153 1357; x_wconf 76' lang='lat' dir='ltr'><strong>prius</strong></span> <span class='ocrx_word' id='word_1_376' title='bbox 1166 1319 1252 1357; x_wconf 80' lang='lat' dir='ltr'><strong>puto</strong></span> <span class='ocrx_word' id='word_1_377' title='bbox 1266 1315 1377 1358; x_wconf 82' lang='lat' dir='ltr'><strong>magis</strong></span> <span class='ocrx_word' id='word_1_378' title='bbox 1403 1320 1560 1349; x_wconf 84' lang='lat' dir='ltr'><strong>nostrum</strong></span> <span class='ocrx_word' id='word_1_379' title='bbox 1577 1326 1631 1349; x_wconf 82' lang='lat' dir='ltr'><strong>re-</strong></span> 
     </span>
     <span class='ocr_line' id='line_1_71' title="bbox 915 1366 1632 1410; baseline 0.004 -13"><span class='ocrx_word' id='word_1_380' title='bbox 915 1366 1083 1408; x_wconf 81' lang='lat' dir='ltr'><strong>spexisse.</strong></span> <span class='ocrx_word' id='word_1_381' title='bbox 1131 1366 1307 1400; x_wconf 74' lang='lat' dir='ltr'><strong>Praecedit</strong></span> <span class='ocrx_word' id='word_1_382' title='bbox 1321 1376 1480 1410; x_wconf 89' lang='lat' dir='ltr'><strong>namque,</strong></span> <span class='ocrx_word' id='word_1_383' title='bbox 1500 1376 1632 1409; x_wconf 76' lang='lat' dir='ltr'><strong>persua-</strong></span> 
     </span>
     <span class='ocr_line' id='line_1_72' title="bbox 914 1417 1356 1460; baseline 0 -10"><span class='ocrx_word' id='word_1_384' title='bbox 914 1427 964 1460; x_wconf 69' lang='lat' dir='ltr'><strong>sa,</strong></span> <span class='ocrx_word' id='word_1_385' title='bbox 978 1418 1064 1450; x_wconf 89' lang='lat' dir='ltr'><strong>item</strong></span> <span class='ocrx_word' id='word_1_386' title='bbox 1077 1419 1217 1452; x_wconf 81' lang='lat' dir='ltr'><strong>credens.</strong></span> <span class='ocrx_word' id='word_1_387' title='bbox 1242 1417 1356 1451; x_wconf 80' lang='lat' dir='ltr'><strong>Schef.</strong></span> 
     </span>
    </p>

    <p class='ocr_par' dir='ltr' id='par_1_12' title="bbox 915 1464 1631 1768">
     <span class='ocr_line' id='line_1_73' title="bbox 961 1464 1631 1511; baseline 0.001 -11"><span class='ocrx_word' id='word_1_388' title='bbox 961 1464 1179 1503; x_wconf 70' lang='lat' dir='ltr'><strong>Periculosam</strong></span> <span class='ocrx_word' id='word_1_389' title='bbox 1195 1469 1280 1509; x_wconf 79' lang='lat' dir='ltr'><strong>fecit</strong></span> <span class='ocrx_word' id='word_1_390' title='bbox 1303 1469 1506 1511; x_wconf 77' lang='lat' dir='ltr'><strong>medicinam]</strong></span> <span class='ocrx_word' id='word_1_391' title='bbox 1530 1469 1631 1502; x_wconf 80' lang='lat' dir='ltr'><strong>Peri·</strong></span> 
     </span>
     <span class='ocr_line' id='line_1_74' title="bbox 916 1519 1630 1562; baseline 0 -10"><span class='ocrx_word' id='word_1_392' title='bbox 916 1519 1035 1552; x_wconf 87' lang='lat' dir='ltr'><strong>cnlosa</strong></span> <span class='ocrx_word' id='word_1_393' title='bbox 1045 1520 1231 1562; x_wconf 87' lang='lat' dir='ltr'><strong>medicina,</strong></span> <span class='ocrx_word' id='word_1_394' title='bbox 1245 1520 1344 1562; x_wconf 91' lang='lat' dir='ltr'><strong>cujus</strong></span> <span class='ocrx_word' id='word_1_395' title='bbox 1359 1524 1436 1552; x_wconf 85' lang='lat' dir='ltr'><strong>erat</strong></span> <span class='ocrx_word' id='word_1_396' title='bbox 1447 1521 1537 1562; x_wconf 75' lang='grc' dir='ltr'>πεῖρα</span> <span class='ocrx_word' id='word_1_397' title='bbox 1546 1529 1630 1561; x_wconf 72' lang='grc' dir='ltr'><strong>σφα·</strong></span> 
     </span>
     <span class='ocr_line' id='line_1_75' title="bbox 916 1569 1631 1613; baseline 0.003 -11"><span class='ocrx_word' id='word_1_398' title='bbox 916 1569 1004 1611; x_wconf 76' lang='grc' dir='ltr'><strong>λερή.</strong></span> <span class='ocrx_word' id='word_1_399' title='bbox 1050 1570 1263 1613; x_wconf 83' lang='lat' dir='ltr'><strong>Hippocrat.</strong></span> <span class='ocrx_word' id='word_1_400' title='bbox 1289 1570 1485 1612; x_wconf 89' lang='lat' dir='ltr'><strong>Aphorism.</strong></span> <span class='ocrx_word' id='word_1_401' title='bbox 1509 1571 1631 1604; x_wconf 83' lang='lat' dir='ltr'><strong>Simile</strong></span> 
     </span>
     <span class='ocr_line' id='line_1_76' title="bbox 916 1620 1630 1663; baseline 0.003 -10"><span class='ocrx_word' id='word_1_402' title='bbox 916 1620 1095 1663; x_wconf 88' lang='lat' dir='ltr'><strong>quidpiam</strong></span> <span class='ocrx_word' id='word_1_403' title='bbox 1120 1621 1164 1654; x_wconf 89' lang='lat' dir='ltr'><strong>de</strong></span> <span class='ocrx_word' id='word_1_404' title='bbox 1189 1621 1374 1655; x_wconf 84' lang='lat' dir='ltr'><strong>crocodilo</strong></span> <span class='ocrx_word' id='word_1_405' title='bbox 1400 1625 1437 1655; x_wconf 86' lang='lat' dir='ltr'><strong>et</strong></span> <span class='ocrx_word' id='word_1_406' title='bbox 1466 1622 1630 1661; x_wconf 76' lang='lat' dir='ltr'><strong>Trochilo</strong></span> 
     </span>
     <span class='ocr_line' id='line_1_77' title="bbox 915 1672 1631 1716; baseline 0.006 -12"><span class='ocrx_word' id='word_1_407' title='bbox 915 1677 1057 1705; x_wconf 83' lang='lat' dir='ltr'><strong>nan-ant</strong></span> <span class='ocrx_word' id='word_1_408' title='bbox 1073 1673 1209 1706; x_wconf 81' lang='lat' dir='ltr'><strong>Plinius</strong></span> <span class='ocrx_word' id='word_1_409' title='bbox 1234 1673 1292 1706; x_wconf 89' lang='lat' dir='ltr'><strong>lib.</strong></span> <span class='ocrx_word' id='word_1_410' title='bbox 1317 1681 1404 1706; x_wconf 84' lang='lat' dir='ltr'><strong>vm.</strong></span> <span class='ocrx_word' id='word_1_411' title='bbox 1426 1672 1534 1706; x_wconf 87' lang='lat' dir='ltr'><strong>Solin.</strong></span> <span class='ocrx_word' id='word_1_412' title='bbox 1549 1683 1631 1716; x_wconf 72' lang='lat' dir='ltr'><strong>cap.</strong></span> 
     </span>
     <span class='ocr_line' id='line_1_78' title="bbox 916 1724 1427 1768; baseline 0 -10"><span class='ocrx_word' id='word_1_413' title='bbox 916 1727 971 1758; x_wconf 75' lang='lat'><strong>30.</strong></span> <span class='ocrx_word' id='word_1_414' title='bbox 986 1724 1158 1767; x_wconf 88' lang='lat' dir='ltr'><strong>Apuleius</strong></span> <span class='ocrx_word' id='word_1_415' title='bbox 1171 1726 1207 1758; x_wconf 89' lang='lat' dir='ltr'><strong>in</strong></span> <span class='ocrx_word' id='word_1_416' title='bbox 1220 1725 1323 1768; x_wconf 85' lang='lat' dir='ltr'><strong>Apol.</strong></span> <span class='ocrx_word' id='word_1_417' title='bbox 1346 1725 1427 1766; x_wconf 80' lang='lat' dir='ltr'><strong>Rig.</strong></span> 
     </span>
    </p>

    <p class='ocr_par' dir='ltr' id='par_1_13' title="bbox 914 1776 1633 2285">
     <span class='ocr_line' id='line_1_79' title="bbox 960 1776 1633 1820; baseline -0.003 -10"><span class='ocrx_word' id='word_1_418' title='bbox 960 1777 1052 1810; x_wconf 80' lang='lat' dir='ltr'><strong>Fecit</strong></span> <span class='ocrx_word' id='word_1_419' title='bbox 1070 1776 1274 1819; x_wconf 76' lang='lat' dir='ltr'><strong>medicinam]</strong></span> <span class='ocrx_word' id='word_1_420' title='bbox 1297 1776 1356 1810; x_wconf 89' lang='lat' dir='ltr'><strong>Sic</strong></span> <span class='ocrx_word' id='word_1_421' title='bbox 1370 1776 1509 1809; x_wconf 79' lang='lat' dir='ltr'><strong>Latinos</strong></span> <span class='ocrx_word' id='word_1_422' title='bbox 1524 1777 1633 1820; x_wconf 88' lang='lat' dir='ltr'><strong>loqui,</strong></span> 
     </span>
     <span class='ocr_line' id='line_1_80' title="bbox 915 1826 1630 1869; baseline 0 -9"><span class='ocrx_word' id='word_1_423' title='bbox 915 1826 1034 1860; x_wconf 90' lang='lat' dir='ltr'><strong>docuit</strong></span> <span class='ocrx_word' id='word_1_424' title='bbox 1049 1827 1280 1860; x_wconf 78' lang='lat' dir='ltr'><strong>exeicerone</strong></span> <span class='ocrx_word' id='word_1_425' title='bbox 1296 1827 1560 1868; x_wconf 81' lang='lat' dir='ltr'><strong>Rittershusius,</strong></span> <span class='ocrx_word' id='word_1_426' title='bbox 1574 1828 1630 1869; x_wconf 82' lang='lat' dir='ltr'><strong>cui</strong></span> 
     </span>
     <span class='ocr_line' id='line_1_81' title="bbox 915 1878 1630 1921; baseline -0.001 -9"><span class='ocrx_word' id='word_1_427' title='bbox 915 1887 982 1920; x_wconf 84' lang='lat' dir='ltr'><strong>ego</strong></span> <span class='ocrx_word' id='word_1_428' title='bbox 1011 1887 1103 1911; x_wconf 87' lang='lat' dir='ltr'><strong>nunc</strong></span> <span class='ocrx_word' id='word_1_429' title='bbox 1134 1883 1174 1911; x_wconf 86' lang='lat' dir='ltr'><strong>et</strong></span> <span class='ocrx_word' id='word_1_430' title='bbox 1205 1878 1367 1911; x_wconf 87' lang='lat' dir='ltr'><strong>Plautum</strong></span> <span class='ocrx_word' id='word_1_431' title='bbox 1398 1878 1630 1921; x_wconf 80' lang='lat' dir='ltr'><strong>antiquiorem</strong></span> 
     </span>
     <span class='ocr_line' id='line_1_82' title="bbox 914 1928 1629 1971; baseline 0.003 -11"><span class='ocrx_word' id='word_1_432' title='bbox 914 1928 1019 1969; x_wconf 87' lang='lat' dir='ltr'><strong>addo,</strong></span> <span class='ocrx_word' id='word_1_433' title='bbox 1034 1928 1091 1971; x_wconf 83' lang='lat' dir='ltr'><strong>qui</strong></span> <span class='ocrx_word' id='word_1_434' title='bbox 1117 1928 1168 1962; x_wconf 87' lang='lat' dir='ltr'><strong>sic</strong></span> <span class='ocrx_word' id='word_1_435' title='bbox 1193 1929 1329 1961; x_wconf 83' lang='lat' dir='ltr'><strong>Cistell.</strong></span> <span class='ocrx_word' id='word_1_436' title='bbox 1346 1929 1392 1963; x_wconf 86' lang='lat' dir='ltr'><strong>A.</strong></span> <span class='ocrx_word' id='word_1_437' title='bbox 1405 1939 1431 1962; x_wconf 91' lang='lat'><strong>1.</strong></span> <span class='ocrx_word' id='word_1_438' title='bbox 1448 1939 1496 1962; x_wconf 88' lang='lat' dir='ltr'><strong>sc.</strong></span> <span class='ocrx_word' id='word_1_439' title='bbox 1514 1933 1544 1963; x_wconf 90' lang='lat'><strong>1.</strong></span> <span class='ocrx_word' id='word_1_440' title='bbox 1569 1932 1578 1948; x_wconf 92' lang='lat'>‘</span> <span class='ocrx_word' id='word_1_441' title='bbox 1591 1930 1629 1962; x_wconf 80' lang='lat' dir='ltr'><strong>Si</strong></span> 
     </span>
     <span class='ocr_line' id='line_1_83' title="bbox 914 1979 1629 2022; baseline 0.001 -10"><span class='ocrx_word' id='word_1_442' title='bbox 914 1979 1070 2017; x_wconf 82' lang='lat' dir='ltr'><strong>medicus</strong></span> <span class='ocrx_word' id='word_1_443' title='bbox 1086 1980 1216 2021; x_wconf 86' lang='lat' dir='ltr'><strong>veniat,</strong></span> <span class='ocrx_word' id='word_1_444' title='bbox 1228 1980 1291 2022; x_wconf 78' lang='lat' dir='ltr'><strong>qui.</strong></span> <span class='ocrx_word' id='word_1_445' title='bbox 1301 1980 1382 2012; x_wconf 90' lang='lat' dir='ltr'><strong>huic</strong></span> <span class='ocrx_word' id='word_1_446' title='bbox 1398 1981 1519 2012; x_wconf 86' lang='lat' dir='ltr'><strong>morbo</strong></span> <span class='ocrx_word' id='word_1_447' title='bbox 1535 1979 1629 2014; x_wconf 82' lang='lat' dir='ltr'><strong>face-</strong></span> 
     </span>
     <span class='ocr_line' id='line_1_84' title="bbox 916 2030 1630 2072; baseline 0.001 -10"><span class='ocrx_word' id='word_1_448' title='bbox 916 2039 954 2062; x_wconf 87' lang='lat' dir='ltr'><strong>re</strong></span> <span class='ocrx_word' id='word_1_449' title='bbox 968 2030 1175 2067; x_wconf 85' lang='lat' dir='ltr'><strong>medicinam</strong></span> <span class='ocrx_word' id='word_1_450' title='bbox 1192 2030 1332 2072; x_wconf 65' lang='lat' dir='ltr'><strong>potest:</strong></span> <span class='ocrx_word' id='word_1_451' title='bbox 1348 2030 1457 2070; x_wconf 64' lang='lat' dir='ltr'><strong>Solus.</strong></span> <span class='ocrx_word' id='word_1_452' title='bbox 1495 2031 1630 2063; x_wconf 83' lang='lat' dir='ltr'><strong>Eodem</strong></span> 
     </span>
     <span class='ocr_line' id='line_1_85' title="bbox 915 2082 1629 2125; baseline 0.001 -11"><span class='ocrx_word' id='word_1_453' title='bbox 915 2092 1019 2118; x_wconf 85' lang='lat' dir='ltr'><strong>sensu</strong></span> <span class='ocrx_word' id='word_1_454' title='bbox 1039 2083 1166 2116; x_wconf 88' lang='lat' dir='ltr'><strong>Cicero</strong></span> <span class='ocrx_word' id='word_1_455' title='bbox 1189 2082 1412 2125; x_wconf 74' lang='lat' dir='ltr'><strong>proQuinct.</strong></span> <span class='ocrx_word' id='word_1_456' title='bbox 1456 2083 1466 2102; x_wconf 89' lang='lat'>‘</span> <span class='ocrx_word' id='word_1_457' title='bbox 1480 2082 1629 2118; x_wconf 81' lang='lat' dir='ltr'><strong>Medici·</strong></span> 
     </span>
     <span class='ocr_line' id='line_1_86' title="bbox 915 2132 1628 2168; baseline 0.001 -3"><span class='ocrx_word' id='word_1_458' title='bbox 915 2142 970 2166; x_wconf 83' lang='lat' dir='ltr'><strong>nae</strong></span> <span class='ocrx_word' id='word_1_459' title='bbox 986 2132 1156 2168; x_wconf 64' lang='lat' dir='ltr'><strong>faciendae</strong></span> <span class='ocrx_word' id='word_1_460' title='bbox 1168 2132 1345 2166; x_wconf 82' lang='lat' dir='ltr'><strong>locns’non</strong></span> <span class='ocrx_word' id='word_1_461' title='bbox 1358 2133 1448 2166; x_wconf 61' lang='lat' dir='ltr'><strong>erit!</strong></span> <span class='ocrx_word' id='word_1_462' title='bbox 1492 2134 1504 2152; x_wconf 89' lang='lat'>‘</span> <span class='ocrx_word' id='word_1_463' title='bbox 1521 2134 1628 2167; x_wconf 51' lang='lat' dir='ltr'><strong>Face„</strong></span> 
     </span>
     <span class='ocr_line' id='line_1_87' title="bbox 916 2183 1626 2226; baseline 0 -8"><span class='ocrx_word' id='word_1_464' title='bbox 916 2194 955 2218; x_wconf 87' lang='lat' dir='ltr'><strong>re</strong></span> <span class='ocrx_word' id='word_1_465' title='bbox 982 2183 1170 2218; x_wconf 89' lang='lat' dir='ltr'><strong>medelam&#39;</strong></span> <span class='ocrx_word' id='word_1_466' title='bbox 1193 2183 1284 2217; x_wconf 86' lang='lat' dir='ltr'><strong>dixit</strong></span> <span class='ocrx_word' id='word_1_467' title='bbox 1314 2183 1448 2217; x_wconf 85' lang='lat' dir='ltr'><strong>Gellius</strong></span> <span class='ocrx_word' id='word_1_468' title='bbox 1472 2183 1533 2218; x_wconf 89' lang='lat' dir='ltr'><strong>lib.</strong></span> <span class='ocrx_word' id='word_1_469' title='bbox 1559 2193 1626 2226; x_wconf 68' lang='lat' dir='ltr'><strong>xix.</strong></span> 
     </span>
     <span class='ocr_line' id='line_1_88' title="bbox 915 2237 1481 2285; baseline -0.007 -14"><span class='ocrx_word' id='word_1_470' title='bbox 915 2247 993 2280; x_wconf 80' lang='lat' dir='ltr'><strong>cap.</strong></span> <span class='ocrx_word' id='word_1_471' title='bbox 1008 2241 1041 2271; x_wconf 85' lang='lat'><strong>6.</strong></span> <span class='ocrx_word' id='word_1_472' title='bbox 1071 2237 1205 2270; x_wconf 73' lang='lat' dir='ltr'><strong>Prasch.</strong></span> <span class='ocrx_word' id='word_1_473' title='bbox 1471 2275 1481 2285; x_wconf 30' lang='grc' dir='ltr'><strong><em>η</em></strong></span> 
     </span>
    </p>

    <p class='ocr_par' dir='ltr' id='par_1_14' title="bbox 915 2286 1627 2534">
     <span class='ocr_line' id='line_1_89' title="bbox 961 2286 1626 2330; baseline -0.002 -9"><span class='ocrx_word' id='word_1_474' title='bbox 961 2289 1053 2322; x_wconf 79' lang='lat' dir='ltr'><strong>Fecit</strong></span> <span class='ocrx_word' id='word_1_475' title='bbox 1066 2288 1268 2330; x_wconf 81' lang='lat' dir='ltr'><strong>medicinam]</strong></span> <span class='ocrx_word' id='word_1_476' title='bbox 1294 2288 1351 2322; x_wconf 90' lang='lat' dir='ltr'><strong>Sic</strong></span> <span class='ocrx_word' id='word_1_477' title='bbox 1368 2286 1460 2320; x_wconf 86' lang='lat' dir='ltr'><strong>infra</strong></span> <span class='ocrx_word' id='word_1_478' title='bbox 1472 2287 1558 2321; x_wconf 85' lang='lat' dir='ltr'><strong>Fab.</strong></span> <span class='ocrx_word' id='word_1_479' title='bbox 1573 2292 1626 2326; x_wconf 61' lang='lat'><strong>14«</strong></span> 
     </span>
     <span class='ocr_line' id='line_1_90' title="bbox 915 2339 1623 2376; baseline -0.003 -3"><span class='ocrx_word' id='word_1_480' title='bbox 915 2339 1041 2376; x_wconf 83' lang='lat' dir='ltr'><strong>Cicero</strong></span> <span class='ocrx_word' id='word_1_481' title='bbox 1054 2339 1098 2372; x_wconf 87' lang='lat' dir='ltr'><strong>ad</strong></span> <span class='ocrx_word' id='word_1_482' title='bbox 1107 2339 1328 2372; x_wconf 84' lang='lat' dir='ltr'><strong>Terentiam:</strong></span> <span class='ocrx_word' id='word_1_483' title='bbox 1351 2340 1362 2358; x_wconf 76' lang='lat'><em>⁶</em></span> <span class='ocrx_word' id='word_1_484' title='bbox 1376 2339 1433 2372; x_wconf 88' lang='lat' dir='ltr'><strong>Ita</strong></span> <span class='ocrx_word' id='word_1_485' title='bbox 1444 2349 1519 2374; x_wconf 87' lang='lat' dir='ltr'><strong>sum</strong></span> <span class='ocrx_word' id='word_1_486' title='bbox 1532 2340 1623 2372; x_wconf 87' lang='lat' dir='ltr'><strong>leva·</strong></span> 
     </span>
     <span class='ocr_line' id='line_1_91' title="bbox 917 2389 1626 2433; baseline 0 -9"><span class='ocrx_word' id='word_1_487' title='bbox 917 2395 985 2432; x_wconf 88' lang='lat' dir='ltr'><strong>tus,</strong></span> <span class='ocrx_word' id='word_1_488' title='bbox 1001 2391 1152 2424; x_wconf 87' lang='lat' dir='ltr'><strong>ntDeus</strong></span> <span class='ocrx_word' id='word_1_489' title='bbox 1172 2390 1254 2422; x_wconf 89' lang='lat' dir='ltr'><strong>mihi</strong></span> <span class='ocrx_word' id='word_1_490' title='bbox 1274 2389 1398 2433; x_wconf 84' lang='lat' dir='ltr'><strong>aliquis</strong></span> <span class='ocrx_word' id='word_1_491' title='bbox 1418 2389 1626 2426; x_wconf 83' lang='lat' dir='ltr'><strong>medicinam</strong></span> 
     </span>
     <span class='ocr_line' id='line_1_92' title="bbox 916 2440 1626 2482; baseline -0.001 -8"><span class='ocrx_word' id='word_1_492' title='bbox 916 2441 1039 2474; x_wconf 80' lang='lat' dir='ltr'><strong>fecisse</strong></span> <span class='ocrx_word' id='word_1_493' title='bbox 1055 2440 1216 2474; x_wconf 82' lang='lat' dir='ltr'><strong>videatur</strong></span> <span class='ocrx_word' id='word_1_494' title='bbox 1229 2440 1250 2472; x_wconf 75' lang='grc' dir='ltr'><strong>ι’</strong></span> <span class='ocrx_word' id='word_1_495' title='bbox 1273 2441 1378 2482; x_wconf 60' lang='lat' dir='ltr'><strong>Ep.„l.</strong></span> <span class='ocrx_word' id='word_1_496' title='bbox 1396 2449 1472 2474; x_wconf 77' lang='lat' dir='ltr'><strong>xw.</strong></span> <span class='ocrx_word' id='word_1_497' title='bbox 1486 2442 1519 2472; x_wconf 82' lang='lat'><strong>7.</strong></span> <span class='ocrx_word' id='word_1_498' title='bbox 1567 2440 1626 2473; x_wconf 88' lang='lat' dir='ltr'><strong>Sic</strong></span> 
     </span>
     <span class='ocr_line' id='line_1_93' title="bbox 917 2490 1627 2534; baseline -0.004 -10"><span class='ocrx_word' id='word_1_499' title='bbox 917 2491 1099 2534; x_wconf 88' lang='lat' dir='ltr'><strong>aliquoties</strong></span> <span class='ocrx_word' id='word_1_500' title='bbox 1111 2495 1148 2524; x_wconf 88' lang='lat' dir='ltr'><strong>et</strong></span> <span class='ocrx_word' id='word_1_501' title='bbox 1157 2491 1380 2534; x_wconf 83' lang='lat' dir='ltr'><strong>Symmachus</strong></span> <span class='ocrx_word' id='word_1_502' title='bbox 1396 2494 1525 2523; x_wconf 81' lang='lat' dir='ltr'><strong>noster.</strong></span> <span class='ocrx_word' id='word_1_503' title='bbox 1541 2490 1627 2522; x_wconf 74' lang='lat' dir='ltr'><strong>Riet.</strong></span> 
     </span>
    </p>

    <p class='ocr_par' dir='ltr' id='par_1_15' title="bbox 916 2541 1628 2844">
     <span class='ocr_line' id='line_1_94' title="bbox 961 2541 1627 2586; baseline -0.003 -10"><span class='ocrx_word' id='word_1_504' title='bbox 961 2544 1029 2576; x_wconf 77' lang='lat' dir='ltr'><strong>Pro</strong></span> <span class='ocrx_word' id='word_1_505' title='bbox 1044 2554 1102 2586; x_wconf 79' lang='lat' dir='ltr'><strong>quo</strong></span> <span class='ocrx_word' id='word_1_506' title='bbox 1118 2553 1186 2575; x_wconf 83' lang='lat' dir='ltr'><strong>cum</strong></span> <span class='ocrx_word' id='word_1_507' title='bbox 1199 2542 1306 2584; x_wconf 80' lang='lat' dir='ltr'><strong>facto]</strong></span> <span class='ocrx_word' id='word_1_508' title='bbox 1329 2541 1537 2584; x_wconf 86' lang='lat' dir='ltr'><strong>Recepimus</strong></span> <span class='ocrx_word' id='word_1_509' title='bbox 1552 2551 1627 2574; x_wconf 85' lang='lat' dir='ltr'><strong>cer-</strong></span> 
     </span>
     <span class='ocr_line' id='line_1_95' title="bbox 917 2593 1627 2627; baseline -0.004 0"><span class='ocrx_word' id='word_1_510' title='bbox 917 2594 1081 2627; x_wconf 85' lang='lat' dir='ltr'><strong>tissimam</strong></span> <span class='ocrx_word' id='word_1_511' title='bbox 1108 2594 1213 2627; x_wconf 80' lang='lat' dir='ltr'><strong>Gudii</strong></span> <span class='ocrx_word' id='word_1_512' title='bbox 1239 2593 1535 2626; x_wconf 87' lang='lat' dir='ltr'><strong>emendationem:</strong></span> <span class='ocrx_word' id='word_1_513' title='bbox 1560 2594 1627 2624; x_wconf 83' lang='lat' dir='ltr'><strong>Pro</strong></span> 
     </span>
     <span class='ocr_line' id='line_1_96' title="bbox 916 2645 1627 2688; baseline -0.003 -9"><span class='ocrx_word' id='word_1_514' title='bbox 916 2657 975 2688; x_wconf 83' lang='lat' dir='ltr'><strong>quo</strong></span> <span class='ocrx_word' id='word_1_515' title='bbox 1003 2657 1073 2679; x_wconf 80' lang='lat' dir='ltr'><strong>cum</strong></span> <span class='ocrx_word' id='word_1_516' title='bbox 1100 2649 1226 2688; x_wconf 80' lang='lat' dir='ltr'><strong>paetum</strong></span> <span class='ocrx_word' id='word_1_517' title='bbox 1255 2645 1425 2688; x_wconf 72' lang='lat' dir='ltr'><strong>flagitaret</strong></span> <span class='ocrx_word' id='word_1_518' title='bbox 1452 2646 1627 2687; x_wconf 74' lang='lat' dir='ltr'><strong>proemium.</strong></span> 
     </span>
     <span class='ocr_line' id='line_1_97' title="bbox 917 2696 1627 2739; baseline -0.003 -8"><span class='ocrx_word' id='word_1_519' title='bbox 917 2699 965 2731; x_wconf 81' lang='lat' dir='ltr'><strong>Et</strong></span> <span class='ocrx_word' id='word_1_520' title='bbox 978 2700 1029 2731; x_wconf 82' lang='lat' dir='ltr'><strong>ita</strong></span> <span class='ocrx_word' id='word_1_521' title='bbox 1042 2698 1195 2731; x_wconf 63' lang='lat' dir='ltr'><strong>Faernus</strong></span> <span class='ocrx_word' id='word_1_522' title='bbox 1217 2698 1305 2730; x_wconf 87' lang='lat' dir='ltr'><strong>hanc</strong></span> <span class='ocrx_word' id='word_1_523' title='bbox 1319 2696 1469 2730; x_wconf 85' lang='lat' dir='ltr'><strong>fabulam</strong></span> <span class='ocrx_word' id='word_1_524' title='bbox 1486 2706 1627 2739; x_wconf 83' lang='lat' dir='ltr'><strong>expres-</strong></span> 
     </span>
     <span class='ocr_line' id='line_1_98' title="bbox 917 2746 1627 2790; baseline -0.004 -9"><span class='ocrx_word' id='word_1_525' title='bbox 917 2749 982 2782; x_wconf 80' lang='lat' dir='ltr'><strong>sit:</strong></span> <span class='ocrx_word' id='word_1_526' title='bbox 1006 2749 1077 2781; x_wconf 89' lang='lat' dir='ltr'><strong>‘Ea</strong></span> <span class='ocrx_word' id='word_1_527' title='bbox 1094 2752 1198 2790; x_wconf 89' lang='lat' dir='ltr'><strong>pacta</strong></span> <span class='ocrx_word' id='word_1_528' title='bbox 1213 2747 1390 2790; x_wconf 57' lang='lat' dir='ltr'><strong>pretium?</strong></span> <span class='ocrx_word' id='word_1_529' title='bbox 1436 2746 1627 2781; x_wconf 83' lang='lat' dir='ltr'><strong>Confirmat</strong></span> 
     </span>
     <span class='ocr_line' id='line_1_99' title="bbox 917 2796 1628 2844; baseline -0.006 -10"><span class='ocrx_word' id='word_1_530' title='bbox 917 2810 1055 2844; x_wconf 85' lang='lat' dir='ltr'><strong>quoque</strong></span> <span class='ocrx_word' id='word_1_531' title='bbox 1066 2799 1268 2842; x_wconf 84' lang='lat' dir='ltr'><strong>Anonymus</strong></span> <span class='ocrx_word' id='word_1_532' title='bbox 1280 2809 1301 2833; x_wconf 81' lang='lat' dir='ltr'><strong>a</strong></span> <span class='ocrx_word' id='word_1_533' title='bbox 1311 2798 1489 2835; x_wconf 86' lang='lat' dir='ltr'><strong>Nielantio</strong></span> <span class='ocrx_word' id='word_1_534' title='bbox 1500 2796 1628 2832; x_wconf 76' lang='lat' dir='ltr'><strong>editus.</strong></span> 
     </span>
    </p>
   </div>
  </div>
 </body>
</html>
