1806 3236
384 226 586 260 mmm
622 225 733 258 uu.
766 224 1075 258 AEsomARuM
1112 225 1210 256 mn.
1245 224 1320 256 ιιι.
1352 211 1425 255 15.

212 321 401 366 Pub-ns
427 321 568 365 effundit
596 322 771 366 meinans]
817 323 881 355 Cu·

167 373 267 409 aaa
277 377 316 408 ot
329 372 454 409 labendi
467 373 582 407 verbis
597 373 642 406 de
656 373 815 416 partione
829 373 882 406 uti

168 424 315 461 mno-
329 434 429 468 aeque
452 434 494 458 ac
520 425 663 458 Graecos
678 424 822 467 Poetas,
837 425 881 457 ad

168 475 371 520 Oppi-nnn
394 475 510 510 docui.
568 476 666 509 Puto
694 481 812 509 autem
843 481 882 510 et

166 525 427 569 raphaninum
441 526 511 561 JC.
524 535 712 569 usurpasse
736 526 881 559 verbum

165 576 321 617 anaidem
355 586 435 610 cum
471 577 516 610 de
543 576 720 611 Arescusa
755 578 881 611 ancilla

123 622 129 625 ”
166 627 255 671 ogit,
267 627 332 662 sub
354 628 420 662 hac
445 628 648 663 conditione
662 629 879 673 manumissa,

164 679 176 709 ἒ
190 679 229 712 Si
243 682 316 713 tres
329 678 511 722 pepererit
523 679 544 713 :'
565 680 589 713 l.
603 688 668 713 xv.
682 680 728 714 D.
739 679 785 713 de
796 683 879 714 stat.

165 729 259 763 hom.
295 730 306 748 ‘
325 729 403 763 Nec
439 730 543 763 enim·
580 730 695 774 inquit
731 731 742 750 ‘
757 736 881 765 natura

165 779 339 822 permisit,
358 779 460 813 simul
472 789 540 814 uno
564 781 699 824 impetu
722 781 808 815 duos
829 782 880 815 in-

165 830 282 865 fantes
307 831 354 864 de
378 835 480 865 utero
505 833 625 866 matris
648 833 825 876 excidere,
839 838 879 867 ut

166 883 290 917 ordine
304 883 520 918 nascentium
534 884 669 918 incerto
689 894 759 918 non
772 895 879 929 appa-

166 933 265 976 rea&
286 936 354 968 &e
407 935 478 968 Ubi
499 939 616 969 tamen
644 936 776 978 vulgati
801 937 879 970 libri

166 995 287 1020 omnes
306 984 442 1019 habent
466 987 628 1020 excedere.
673 987 746 1020 Sed
761 987 879 1021 viden·

165 1036 248 1070 dum
275 1047 319 1070 ne
349 1037 398 1070 sit
430 1037 684 1081 ἆμφατικότερον
711 1040 880 1073 excidere.-

165 1087 259 1131 quod
267 1088 524 1131 Tryphoninum
535 1089 714 1132 scripflsse
726 1095 879 1124 autumo.

164 1137 388 1179 Pretio-desidi
425 1139 535 1173 verbo
570 1140 606 1173 in
641 1141 707 1174 hac
737 1142 880 1175 notione

164 1198 247 1222 usus
270 1193 327 1223 est
352 1189 591 1229 Tertullianus
617 1191 675 1225 lib.
691 1191 736 1225 de
763 1192 879 1226 Carne

163 1239 318 1274 chri-ti:
340 1239 352 1259 ‘
367 1241 502 1275 Horres
515 1242 638 1285 utique
650 1246 689 1275 et
711 1242 880 1278 infantem

163 1301 246 1327 oum
257 1292 330 1327 ιώ
343 1292 601 1336 impedimentis
620 1294 798 1337 profusum
813 1296 882 1330 uti·

162 1353 232 1387 que
246 1349 287 1378 et
298 1343 468 1379 oblitum*
511 1345 650 1379 Ibidem
673 1346 775 1389 paulo
798 1352 880 1381 ante

161 1395 303 1431 malim:
344 1397 478 1430 Utere-t
510 1397 613 1431 indies
641 1399 881 1433 inolescentem.-

163 1447 224 1482 nbi
236 1449 331 1492 vulg.
346 1449 595 1483 insumentum.
630 1449 805 1483 Inolencere
814 1455 882 1492 est,

162 1508 324 1534 crescere
336 1504 376 1534 et
389 1500 523 1543 augeri.
564 1500 616 1534 At
628 1500 813 1535 iuuenem
825 1511 880 1535 su-

163 1549 318 1592 perbire.
361 1551 543 1587 juvenalis
557 1561 696 1595 quoqne
718 1551 764 1585 de
786 1552 880 1586 Mes-

163 1601 285 1636 mma
313 1606 419 1644 partu
446 1601 632 1645 effundendi
660 1602 768 1637 verbo
797 1613 878 1637 usus

147 1657 244 1686 -estz
273 1653 285 1673 ‘
302 1653 438 1687 Patrno
462 1653 593 1687 similes
615 1653 814 1690 effunderet
828 1655 880 1689 of·

164 1701 244 1737 fas!
266 1704 356 1738 Rite.

163 1784 165 1786 ,
205 1755 376 1799 Effluit]
388 1754 584 1790 Etiamhoc
594 1762 649 1791 est
663 1757 758 1791 iuter
773 1758 878 1792 verba

163 1807 309 1849 propria
321 1807 428 1850 hujus
439 1807 589 1850 negotii,
603 1812 642 1842 et
658 1807 702 1841 de
718 1808 878 1843 immatu-

162 1867 203 1891 ro
217 1858 331 1892 adhuc
342 1857 430 1892 foetu
445 1864 644 1902 usurpatur.
670 1860 877 1904 Quanquam

160 1905 229 1943 hie
245 1919 355 1953 agnus
391 1910 436 1944 ad
466 1910 588 1944 matris
616 1911 879 1954 negligentiam,

161 1969 324 2004 suamque
348 1959 603 2004 infelicitatem,
629 1962 746 2005 potins
769 1964 878 2006 respi-

162 2011 244 2045 ciat.
285 2011 380 2045 Vide
393 2012 476 2047 Juv.
489 2013 565 2046 Sat.
581 2022 624 2046 11.
658 2013 766 2054 Sches.
812 2015 878 2048 Fo-

163 2071 224 2095 cas
237 2061 274 2095 in
286 2061 363 2095 vita
373 2063 553 2096 Maronis:
577 2064 588 2083 ‘
607 2064 696 2097 Haec
711 2074 791 2098 cnm
807 2075 878 2099 mu-

162 2118 244 2146 turo
259 2118 478 2156 premeretur
492 2115 648 2158 pondere
665 2117 806 2159 ventris,
829 2118 879 2151 Ut

161 2165 253 2198 solet
266 2165 302 2197 in
317 2165 445 2200 somnis
460 2167 594 2199 animus
608 2170 752 2201 ventura
767 2169 879 2212 repin-

163 2225 248 2259 gens
279 2215 431 2260 Anxius,
464 2222 502 2251 et
531 2218 628 2261 vigili
665 2227 878 2261 praesumere

165 2267 292 2309 gandia
305 2277 404 2310 eura,
416 2269 563 2303 Phoebei
578 2269 730 2303 nemoris
746 2280 878 2304 ramum

161 2317 293 2352 fudisse
319 2319 481 2362 putavit:
539 2321 667 2363 virgil.
691 2321 769 2356 AEn.
795 2332 879 2356 vnr.

164 2371 240 2403 138.
259 2369 271 2388 ‘
288 2370 404 2405 Quem
419 2370 573 2404 candida
597 2372 696 2406 Maia
721 2369 878 2416 Cyllenae

162 2420 279 2463 gelido
293 2426 503 2465 conceptum
521 2422 654 2456 vertice
668 2422 760 2457 fudit
770 2424 794 2457 ε’
817 2425 878 2458 ubi

160 2471 243 2505 vide
265 2472 426 2506 Servium
453 2477 491 2507 et
514 2473 678 2508 Cerdam.
736 2474 877 2518 Apulei.

160 2524 309 2557 Metam.
336 2534 372 2559 v.
394 2526 406 2544 ‘
421 2525 510 2558 Haec
537 2530 654 2558 autem
680 2526 878 2570 novissima,

160 2583 264 2617 quam
276 2573 366 2609 foetu
381 2575 532 2609 satiante
548 2580 745 2618 postremus
759 2582 878 2620 pertus

160 2623 308 2659 effudit.’
352 2626 506 2660 Lucilius
523 2626 616 2669 apud
632 2627 724 2660 Non.
740 2628 776 2660 in
793 2628 877 2661 Pos-

162 2676 255 2710 tica:
287 2678 297 2696 ‘
316 2679 397 2711 Non
425 2678 575 2720 peperit,
601 2688 721 2712 verum
743 2680 879 2722 postica

163 2733 265 2768 parte
287 2728 464 2770 profudit!
518 2729 592 2762 Ser.
617 2729 790 2764 Sammon.
818 2740 877 2766 Lx.

160 2778 171 2796 ‘
188 2778 328 2812 Nudum
343 2779 516 2814 bominum
534 2780 681 2824 primum
697 2787 809 2815 mater
821 2793 878 2816 ua-

1560 212 1648 256 535

933 326 1012 355 tura
1027 320 1205 364 profudit!
1232 321 1345 356 Quem
1358 319 1513 354 imitatus
1525 322 1648 351 auctor

932 374 1133 408 Declamat.
1149 382 1200 406 vx.
1218 376 1272 406 lo.
1288 371 1354 406 sub
1366 370 1504 405 nomine
1518 370 1648 405 Quinc-

932 424 1044 457 tiliani
1059 435 1068 456 2
1093 425 1102 442 ‘
1125 425 1203 457 Non
1217 423 1337 465 genuit
1352 422 1474 463 filium,
1487 421 1548 455 sed
1561 420 1648 454 effu-

932 475 1010 508 dit.’
1054 475 1134 509 Vid.
1150 475 1273 508 Barth.
1290 474 1334 507 ad
1349 474 1456 508 Statii
1473 474 1586 517 Epist.
1603 474 1646 506 ad

929 526 1076 559 Stellam
1101 535 1180 568 pag.
1193 528 1226 559 6.
1253 530 1290 557 et
1318 524 1362 557 ad
1386 524 1494 558 Theb.
1515 533 1553 557 x·
1569 526 1647 557 ⁷99.

930 577 1029 610 Inter
1043 576 1241 619 fragmenta
1256 575 1448 618 Ciceronis,
1473 585 1518 608 ex
1545 575 1648 609 Orat.

930 627 966 660 in
981 627 1143 661 Pisonem
1159 627 1309 670 legitur:
1342 627 1353 646 ⁴
1366 622 1459 662 'Qum
1477 632 1514 660 te
1530 626 1649 660 bellua

931 687 975 711 ex
1002 682 1103 712 utero
1131 688 1201 711 non
1226 678 1399 712 hominem
1425 677 1518 712 fudit
1531 678 1553 711 :’
1589 678 1650 712 ubi

930 730 1070 763 mallem
1086 730 1235 771 belluam,
1262 734 1303 763 ut
1317 729 1425 762 habet
1441 729 1580 762 Servius
1604 729 1649 762 ad

931 780 1056 823 Vir-gil.
1079 780 1157 813 AEn.
1182 790 1266 813 vm.
1292 782 1369 813 139.
1396 784 1434 814 et
1458 779 1560 813 docet
1581 779 1648 813 hoc

930 831 1039 864 verbo
1071 831 1291 864 celeritatem
1323 830 1495 874 parientis
1519 831 1646 865 notari.

930 882 953 917 J
958 893 1060 916 uven.
1074 891 1101 916 1.
1118 885 1194 917 105.
1215 883 1226 901 ‘
1241 882 1393 926 Jamque
1409 882 1533 915 aderat
1559 887 1649 916 tem-

930 942 1008 976 pus,
1042 943 1112 976 quo
1144 933 1278 976 jussum
1307 933 1454 967 fundere
1488 933 1611 968 foetum
1624 935 1648 968 ε’

928 987 995 1018 &c.
1022 985 1174 1028 eleganti
1198 985 1404 1029 metaphora
1426 986 1506 1019 hinc
1522 986 1648 1029 petita,

930 1036 1003 1070 Cic.
1019 1036 1064 1069 de
1078 1037 1162 1083 Nat.
1178 1037 1287 1070 Deor.
1300 1045 1339 1070 n.
1351 1039 1405 1071 32.
1420 1038 1432 1056 ‘
1445 1037 1560 1070 Terra
1571 1047 1648 1080 gra-

929 1088 1049 1122 vidata
1064 1088 1254 1122 seminibus
1268 1089 1381 1122 omnia
1407 1090 1502 1132 parit
1517 1095 1555 1123 et
1570 1089 1648 1123 fun-

930 1139 984 1173 dit
999 1149 1043 1173 ex
1058 1149 1096 1173 se
1108 1140 1129 1173 ι’
1161 1145 1200 1173 et
1215 1141 1317 1173 simili
1345 1140 1571 1174 translatione
1585 1142 1647 1176 Jo-

929 1191 1078 1224 hanuem
1094 1192 1292 1235 Baptistam
1318 1191 1477 1226 Sedulius
1503 1202 1544 1226 11.
1573 1195 1648 1226 146.

929 1244 942 1262 ‘
958 1243 1060 1276 Muto
1107 1244 1264 1287 genitore
1307 1242 1497 1286 fluentem:
1541 1244 1646 1278 dixit.

930 1293 1049 1328 Bur-m.

976 1345 1145 1388 Effimdit]
1179 1345 1351 1379 Prudent.
1366 1346 1468 1380 Cath.
1485 1347 1649 1381 Lactant.

930 1398 976 1432 de
993 1397 1092 1441 Opif.
1108 1401 1143 1432 3.
1169 1398 1258 1432 Gud.

973 1453 994 1483 7
1021 1450 1103 1488 Quoe
1116 1461 1167 1483 me
1181 1450 1302 1493 nutrit]
1322 1450 1445 1484 Senec.
1461 1450 1505 1482 de
1519 1450 1647 1484 Beuef.

930 1501 993 1535 lib.
1005 1511 1064 1536 111.
1077 1505 1134 1535 29.
1155 1503 1166 1520 ‘
1181 1502 1269 1535 Cum
1285 1511 1384 1545 aeque
1408 1502 1482 1534 sine
1502 1502 1648 1535 nutricis

931 1551 1115 1595 beneficio,
1128 1562 1232 1596 quam
1254 1552 1328 1585 sine
1356 1552 1478 1594 patris,
1492 1562 1560 1585 non
1585 1563 1647 1596 po-

930 1603 1082 1645 tuerim‚’
1104 1607 1171 1638 &c.
1209 1604 1299 1636 Gud.

973 1655 1130 1698 Admota]
1159 1656 1328 1696 Praebito,
1343 1658 1521 1697 porrecto.
1567 1655 1645 1688 Flo-

929 1716 989 1740 rus
1010 1716 1036 1740 1.
1064 1717 1097 1740 c.
1120 1711 1152 1740 l.
1173 1706 1184 1726 ‘
1200 1706 1300 1740 Uber
1327 1705 1483 1738 admovit
1505 1705 1648 1739 infanti-

929 1757 1017 1792 bns:
1037 1757 1144 1798 Schts.

971 1811 994 1842 8
1009 1807 1228 1852 Fraudatqnoe]
1250 1807 1422 1841 subducit
1437 1807 1488 1841 eis
1503 1807 1647 1851 aliquid,

929 1860 1045 1903 privat
1061 1870 1120 1894 eos
1133 1861 1236 1893 lacte.
1283 1859 1343 1893 Ita
1357 1859 1505 1893 Plautus
1520 1864 1557 1893 et
1573 1861 1647 1893 alii.

929 1911 1021 1945 Vide
1034 1911 1128 1945 infra
1142 1920 1193 1944 xv.
1207 1921 1238 1945 c.
1252 1913 1305 1944 19.
1342 1910 1448 1951 Schef.
1503 1911 1647 1945 Terent.

930 1963 1072 1997 phorm.
1098 1972 1125 1996 ι.
1150 1966 1180 1996 1.
1204 1963 1214 1981 ‘
1231 1972 1330 1996 suum
1354 1961 1564 1996 defraudans
1591 1973 1649 2006 ge-

929 2013 1050 2047 mum!

973 2067 995 2096 9
1019 2058 1153 2106 Tamen]
1197 2063 1332 2106 Incipit
1345 2073 1436 2096 nunc
1451 2065 1547 2098 canis
1571 2075 1646 2099 rnr-

930 2124 1006 2148 sum
1042 2116 1149 2158 loqui.
1218 2115 1324 2149 Quod
1352 2124 1422 2148 non
1457 2116 1645 2150 observans

930 2165 1106 2199 Meursius
1123 2165 1238 2199 denuo
1254 2165 1370 2199 hiatus
1383 2165 1495 2210 fingit.
1518 2167 1625 2208 Schqf.

973 2216 1103 2259 Potior]
1125 2216 1149 2251 J
1153 2217 1222 2250 uris
1234 2222 1412 2260 respectu.
1443 2219 1531 2252 Vult
1542 2221 1646 2264 enim,

930 2268 1008 2310 plus
1033 2267 1157 2301 deberi
1180 2268 1238 2309 iis,
1262 2278 1283 2300 a
1307 2268 1435 2311 quibus
1460 2270 1645 2314 nascimur,

929 2329 1032 2362 quam
1047 2329 1069 2352 a
1084 2319 1209 2362 quibus
1227 2319 1362 2353 alimur.
1407 2322 1506 2355 Curt.
1519 2332 1545 2356 1.
1564 2334 1596 2357 c.
1612 2327 1644 2358 1.

930 2373 941 2390 ‘
956 2372 1127 2406 Statuunt
1154 2372 1326 2405 neminem
1351 2382 1427 2407 esse
1456 2375 1644 2418 potiorem,

929 2433 1031 2467 quam
1043 2423 1313 2457 Abdolonimum
1326 2425 1521 2467 quendam?
1537 2427 1646 2469 Sekef.

934 2476 1017 2510 Vera
1031 2479 1134 2509 muter
1148 2477 1328 2517 Romulus,
1341 2477 1402 2509 sed
1418 2478 1523 2511 ver-ior
1540 2479 1646 2514 Rimi.

928 2526 1003 2560 cius
1017 2538 1028 2568 ;
1051 2526 1143 2570 quod
1156 2536 1225 2560 non
1236 2526 1422 2570 displicet3
1445 2529 1507 2561 sed
1519 2534 1559 2563 ut
1569 2540 1644 2564 ver-

928 2578 982 2611 sui
1010 2579 1224 2619 consulatur,
1251 2578 1418 2620 legerem,
1447 2579 1566 2614 Tmen
1586 2582 1645 2615 illa

926 2634 974 2663 est
1003 2631 1120 2671 verior,
1148 2639 1218 2671 φασι
1241 2629 1386 2671 peperit.-
1423 2634 1463 2663 nt
1488 2629 1646 2666 absolute

928 2687 1092 2725 ponatur,
1130 2680 1418 2724 quemadmodum
1448 2681 1510 2716 lib.
1538 2691 1580 2716 11.
1609 2686 1643 2717 ⁴.

927 2734 938 2752 ⁴
953 2734 1066 2775 Feles,
1081 2741 1261 2765 cavernam
1278 2736 1396 2773 nacta,
1406 2732 1440 2765 in
1454 2734 1570 2768 medie
1584 2746 1644 2779 pe-

927 2783 1093 2828 pererat.’
1138 2784 1147 2803 ⁴
1166 2783 1289 2816 Potior
1303 2782 1312 2797 '
1338 2793 1421 2817 vero
1437 2794 1515 2819 mox
1532 2789 1643 2830 sequi.
