1806 3236
698 253 842 286 No'rAE
875 253 1140 287 VARIORUM
1175 255 1227 287 IN

769 575 1027 620 FABULA
1075 552 1163 620 vr

280 747 302 778 2
325 744 475 778 Historia
488 756 615 788 qum-um
628 748 662 780 in
683 747 823 781 tabernis
832 747 940 790 pingi-

237 794 306 837 tur]
329 795 428 829 Nihil
452 797 510 830 hic
530 797 643 839 deest,
672 799 732 831 sed
753 797 793 830 τὸ
814 809 846 831 m
860 803 942 832 ante

236 847 394 880 vocalem
420 857 487 880 non
514 849 729 883 absorbetur.
775 849 880 892 Cujus
891 850 944 883 rei

237 903 277 932 et
291 900 372 932 alibi
386 901 480 943 apud
494 903 678 936 Phaedrum
702 903 863 946 exempla
883 903 942 936 ob-

238 951 392 984 servavi:
422 956 463 985 ut
484 963 588 996 supra
612 954 636 986 l.
660 963 684 987 1.
710 954 738 987 f.
766 957 819 987 13.
863 955 944 987 Non

236 1001 306 1034 fuit
318 1002 437 1045 igitur,
448 1013 556 1046 quare
572 1005 728 1037 Pithoeus
743 1004 944 1037 asteriscum

236 1056 321 1085 ante
333 1052 372 1085 τὸ
384 1053 420 1086 in
433 1059 594 1098 poneret,
603 1055 701 1099 quasi
712 1055 781 1088 loci
790 1055 944 1099 corrupti

238 1102 384 1145 siguum.
407 1104 494 1138 Βία.

284 1155 425 1192 Quorum
437 1156 473 1188 in
493 1155 634 1189 tabernis
652 1156 786 1191 historia
804 1157 946 1199 depingi-

238 1205 311 1248 tur]
358 1206 585 1240 Scribendum
615 1218 659 1241 ex
695 1210 765 1242 Ms.
797 1209 948 1242 Historia

239 1265 370 1298 quorum
390 1257 426 1289 in
454 1257 591 1290 tabernis
613 1259 773 1301 pingitur.
815 1260 861 1292 M
878 1269 946 1292 non

239 1306 384 1340 eliditur
397 1308 431 1340 in
447 1318 589 1350 quorum,
609 1309 699 1351 quod
713 1308 878 1352 frequens
893 1313 947 1342 est

239 1355 418 1397 Phaedr03
440 1358 637 1399 praesertim
656 1359 691 1392 in
706 1358 819 1391 medio
833 1359 947 1392 Iambi

241 1415 375 1448 versus,
390 1407 427 1439 in
441 1416 584 1440 caesura.
609 1408 667 1441 Sic
682 1408 705 1442 l.
717 1418 745 1441 1.
756 1407 826 1441 124.
847 1409 858 1427 ‘
874 1408 948 1441 Ali-

241 1466 365 1500 amque
379 1457 530 1499 praedam
544 1458 587 1490 ab
607 1459 675 1491 alio
697 1458 781 1491 ferri
800 1459 948 1501 putans.'

243 1507 290 1539 Et
309 1508 332 1539 l.
344 1516 371 1540 1.
388 1506 413 1540 f.
429 1511 481 1541 12.
502 1509 513 1527 ⁴
527 1509 628 1542 Tunc
658 1510 807 1542 moriens
827 1519 950 1542 vocem

242 1557 332 1590 hanc
345 1558 480 1591 dedisse
491 1558 641 1592 dicitur?
667 1559 740 1603 (Sic
750 1560 870 1593 Codex
881 1561 950 1593 Pe-

244 1608 290 1640 tri
302 1608 484 1649 Danielis3
507 1610 568 1642 sed
590 1611 784 1652 Remensis,
806 1611 950 1644 edidisse.

244 1659 339 1692 Dare
349 1669 464 1701 vocem,
480 1661 540 1699 ut!
552 1661 739 1704 Miner-el)
760 1662 798 1694 Ι..
813 1670 870 1694 ιιι.
882 1661 907 1696 f.
918 1665 950 1696 6.

244 1710 256 1728 ‘
273 1711 364 1743 Nam
378 1711 437 1743 ubi
451 1712 665 1753 strigandum
680 1717 718 1745 et
738 1713 797 1745 ubi
812 1723 951 1746 curren-

246 1760 327 1793 dum
354 1765 408 1795 est
434 1762 528 1794 scio?
561 1763 602 1794 L.
626 1771 675 1796 ιν.
705 1762 732 1796 f.
757 1765 789 1796 8.
811 1773 855 1796 ex
880 1763 950 1796 Ms-

246 1811 345 1843 Rem.
378 1811 388 1829 ‘
412 1811 581 1853 Reperire
610 1811 773 1854 effugium
810 1813 951 1845 alterius

246 1860 373 1902 quaerit
404 1861 518 1895 malo!
562 1862 600 1894 L.
622 1872 657 1895 v.
687 1862 773 1904 prol.
808 1863 818 1881 ‘
836 1864 951 1897 Quum

245 1912 474 1946 destinassem
483 1914 737 1956 operishabere
747 1914 952 1947 terminum!

250 1963 399 1996 Taberna
414 1967 528 1996 autem
542 1964 608 1997 hoc
626 1965 701 1997 loco
713 1965 952 2006 intelliguntur

248 2023 379 2055 omues,
404 2024 481 2056 quae
507 2019 586 2047 sunt
611 2015 954 2058 popularis·usus‚ut

247 2064 377 2099 alicubi
407 2065 560 2107 explicat
589 2066 723 2099 Nonius
756 2066 954 2099 Marcellus.

249 2118 455 2160 Quanquam
470 2122 575 2150 aetate
598 2119 703 2151 Nonii
716 2128 779 2160 per
793 2118 953 2151 tabernas

247 2167 489 2209 intelligebant
501 2169 683 2210 oenopolia.
724 2169 814 2201 Vide
827 2169 955 2202 Salma-

249 2218 337 2251 sium
348 2218 392 2250 ad
408 2218 524 2260 Spart.
546 2228 582 2260 p.
606 2222 660 2252 45.
704 2219 837 2252 Tamen
850 2220 954 2252 etiam

250 2269 434 2301 Suetonius
445 2269 490 2302 de
506 2270 626 2302 Claud.
638 2270 729 2312 Imp.
743 2280 773 2303 c.
787 2273 842 2303 40.
863 2271 873 2288 ‘
884 2271 955 2303 De-

250 2319 460 2362 scripsitque
473 2320 717 2352 abundantiam
731 2325 888 2353 veterum
903 2324 955 2352 ta-

251 2368 447 2411 bernarum,
473 2370 563 2403 unde
589 2371 708 2403 solitus
733 2375 825 2403 esset
838 2370 953 2403 vinum

249 2420 333 2453 olim
352 2425 390 2453 et
410 2421 484 2463 ipse
505 2421 649 2463 petere-²
692 2421 763 2453 Sed
777 2421 955 2453 Cassiodo-

252 2481 311 2503 rus
336 2471 372 2504 in
402 2472 530 2504 Psalm.
560 2474 613 2504 14.
643 2471 816 2513 ‘Majores
846 2471 955 2503 nostri

252 2521 399 2553 tabernas
419 2521 537 2554 domos
552 2531 742 2563 pauperum
759 2522 955 2563 appellave-

256 2576 349 2614 runt,
362 2576 400 2604 et
413 2572 503 2614 quod
524 2572 570 2604 ibi
591 2571 795 2604 habitabant
809 2576 846 2603 et
856 2582 956 2604 coena-

254 2621 331 2654 lmnt
359 2621 466 2664 (sicut
492 2622 639 2663 antiquis
666 2631 739 2654 mos
761 2625 837 2653 erat
858 2621 956 2653 simul

254 2672 369 2705 cibum
385 2671 532 2713 sumere)
551 2682 594 2704 ex
618 2672 749 2704 duobus
764 2671 956 2703 nominibus

255 2731 358 2754 unum
385 2722 534 2754 traditur
557 2722 684 2754 factum
708 2731 783 2754 esse
810 2721 956 2754 vocabu-

257 2772 339 2812 lum,
359 2771 492 2804 ncilicet
510 2771 761 2805 tabernaculum-³
784 2772 877 2804 Gud.

298 2823 340 2855 In
353 2822 508 2864 tabernis]
526 2823 579 2855 Ex
595 2821 852 2856 consuetudine.
866 2820 956 2855 Vide

991 757 1070 791 quae
1086 747 1199 780 scribo
1211 747 1246 780 in
1255 747 1422 790 opusculo
1432 748 1478 782 de
1490 748 1647 797 Pictoria
1659 759 1690 784 c.

991 801 1024 831 4.
1048 797 1155 838 Schef.
1198 798 1257 831 Ita
1270 798 1306 831 iu
1323 796 1461 833 Anthol.
1484 808 1529 833 n.
1542 809 1575 833 e.
1586 803 1644 834 12.
1657 810 1695 843 p.

991 852 1068 882 202.
1091 849 1235 892 Γραπὴν
1258 850 1293 883 ἐν
1319 848 1419 892 τοίχῳ
1442 849 1657 894 mm
1675 851 1697 884 ὅ

992 900 1183 943 στρατιώτης
1208 901 1266 934 Ὦ,
1286 899 1358 935 ἔθη
1374 901 1471 944 ἔνι-Μ,
1490 899 1699 941 'bv-bb!

993 951 1083 985 ναυσὶ
1093 949 1208 994 μάχην.
1253 952 1357 986 Unde
1372 957 1532 996 apparet,
1550 952 1614 986 hu
1625 955 1696 996 pte—

993 1007 1090 1036 turas
1104 1003 1140 1036 in
1151 1003 1342 1046 parietibus
1353 1002 1482 1038 fuisse:
1507 1005 1555 1038 da
1572 1004 1696 1048 quibus

996 1054 1072 1087 vide
1094 1054 1248 1087 Bronkh.
1263 1054 1308 1087 ad
1330 1054 1494 1097 Propert.
1518 1064 1561 1088 11.
1574 1064 1627 1089 vs.
1641 1057 1697 1089 26.

994 1105 1051 1138 Sic
1065 1105 1100 1137 in
1122 1105 1345 1138 tabernarum
1360 1105 1576 1138 librariorum
1591 1105 1699 1148 ponti-

994 1155 1057 1189 bus
1071 1156 1208 1189 uomina
1217 1156 1422 1199 scriptorum
1433 1156 1603 1190 venalium
1614 1156 1699 1190 seri-

994 1206 1175 1240 bebantur.
1207 1207 1360 1244 Martial.
1373 1208 1439 1250 Ep.
1449 1216 1474 1242 1.
1486 1210 1562 1241 118.
1583 1208 1595 1227 ‘
1608 1208 1697 1241 Con-

995 1260 1048 1289 tra
1062 1257 1209 1290 Caesaris
1221 1262 1277 1290 est
1290 1257 1400 1291 forum
1415 1258 1570 1300 taberna,
1587 1259 1700 1301 serip-

995 1309 1039 1342 tis
1054 1308 1209 1350 postibus
1218 1309 1299 1342 hinc
1313 1312 1351 1342 et
1364 1309 1446 1342 inde
1460 1310 1558 1351 totis,
1567 1309 1698 1343 Omnes

995 1363 1035 1392 ut
1049 1359 1118 1392 cito
1129 1361 1287 1402 perlegas
1300 1359 1446 1402 poetas?
1468 1359 1584 1392 Bam.

1038 1411 1059 1441 3
1081 1409 1194 1451 Artos]
1236 1410 1352 1452 Vulgo
1381 1412 1486 1442 arctoe
1507 1408 1704 1450 scribimus,

997 1463 1119 1492 contra
1147 1463 1303 1492 veterum
1335 1460 1590 1502 auctoritate-n,
1623 1469 1700 1504 qua

997 1509 1054 1543 hic
1068 1510 1282 1543 observatur.
1305 1510 1394 1543 Rite.

1041 1563 1157 1594 Arctos
1170 1561 1286 1594 circum
1295 1561 1488 1603 trepidarent
1498 1560 1604 1604 unu]
1626 1560 1701 1594 Ho-

998 1611 1104 1644 ratius
1119 1612 1230 1654 Epist.
1244 1620 1269 1644 1.
1289 1612 1433 1644 ‘Macra
1458 1620 1579 1645 cavum
1603 1619 1703 1654 repe-

999 1666 1053 1694 tes
1081 1662 1238 1695 arctum!
1277 1662 1447 1705 stepidoere
1475 1666 1589 1694 autem
1610 1661 1702 1695 idem

998 1713 1062 1746 hoc
1076 1713 1156 1746 loco
1171 1717 1237 1755 est,
1261 1712 1353 1756 quod
1365 1722 1470 1755 snpra
1483 1712 1543 1745 lib.
1557 1720 1617 1746 ιιι.
1630 1710 1702 1744 fab.

1000 1767 1054 1796 16.
1086 1764 1097 1781 ‘
1113 1763 1253 1796 Noctua
1280 1771 1453 1804 egressam
1484 1771 1571 1796 cavo
1594 1762 1703 1804 trepi-

999 1814 1139 1846 dantem
1154 1813 1374 1846 eonsectata.'
1416 1812 1551 1847 Quibus
1568 1813 1604 1845 in
1618 1812 1704 1845 locis

999 1864 1082 1896 nihil
1098 1863 1190 1895 aliud
1218 1866 1282 1904 est,
1303 1872 1404 1905 quam
1429 1863 1523 1895 ultro
1547 1862 1701 1906 citroque

1001 1914 1161 1957 pavidum
1174 1922 1389 1947 concursare.
1419 1913 1581 1946 Omnium
1590 1913 1627 1945 id
1641 1922 1703 1955 op-

1001 1965 1085 1998 time
1112 1965 1264 2007 explicat
1286 1963 1331 1998 A.
1359 1964 1496 1997 Hirtius
1525 1964 1570 1996 de
1604 1964 1704 1997 Bello

1002 2015 1111 2049 Afric.
1134 2026 1166 2049 c.
1192 2019 1246 2049 28.
1274 2016 1284 2035 ‘
1299 2015 1566 2056 Animadvertit,
1587 2015 1703 2048 hostes

1002 2067 1098 2100 circa
1117 2067 1245 2100 vallum
1270 2066 1468 2109 trepidares
1483 2070 1589 2108 atque
1611 2065 1706 2098 ultro

1002 2118 1159 2160 citroque
1174 2116 1316 2160 pavidos
1332 2117 1560 2149 concursare!
1578 2112 1704 2157 Itaque

1002 2169 1180 2211 eleganter
1200 2168 1369 2201 Phaedrus
1377 2167 1495 2210 jungit
1514 2167 1708 2208 trepidarent

1003 2224 1039 2252 et
1046 2219 1210 2260 fugerent.
1251 2218 1344 2250 Talis
1367 2217 1495 2260 quippe
1519 2214 1706 2258 trepidatio

1001 2269 1209 2312 fugientium
1240 2272 1305 2301 est.
1346 2267 1492 2300 Tacitus
1529 2266 1620 2300 Amr.
1644 2274 1706 2299 xv.

1001 2322 1012 2340 ‘
1029 2321 1152 2363 Neque
1166 2320 1275 2352 minus
1297 2317 1489 2352 deformem
1509 2317 1603 2350 illam
1614 2315 1706 2359 fugi·

1003 2371 1133 2404 entium
1160 2367 1450 2411 trepidationem?
1492 2366 1640 2409 Proprie
1657 2370 1706 2398 tae

1003 2431 1081 2454 men
1101 2421 1261 2463 trepidare
1285 2423 1336 2452 est
1360 2427 1606 2461 expavescere,
1631 2424 1705 2458 pm

1003 2473 1125 2505 timore
1140 2470 1415 2504 contremiscere.
1455 2468 1599 2501 Tacitus
1613 2466 1705 2499 Anu.

1004 2531 1064 2555 xv.
1090 2520 1419 2563 ‘Trepidabantque
1442 2522 1562 2560 gentes
1583 2517 1628 2550 de
1644 2527 1706 2549 ωι-

1006 2572 1182 2604 timatione
1197 2568 1428 2612 singulorum!
1449 2569 1526 2602 Quo
1541 2568 1615 2600 loco
1631 2577 1705 2600 cer-

1004 2625 1040 2653 te
1061 2621 1219 2662 trepidare
1232 2630 1297 2652 non
1312 2624 1366 2651 est
1377 2617 1514 2659 trepide
1527 2616 1706 2660 festinare,

1005 2671 1064 2703 sed
1082 2672 1204 2703 timore
1227 2674 1263 2702 et
1277 2668 1504 2702 sollicitudine
1519 2667 1706 2710 confundi;

1005 2725 1043 2752 ut
1058 2721 1147 2762 apud
1162 2720 1310 2752 eundem
1318 2719 1410 2751 Hist.
1420 2727 1477 2750 111.
1491 2727 1522 2751 c.
1538 2721 1591 2751 58.
1603 2719 1705 2752 ‘Lar-

1005 2780 1068 2812 gus
1082 2771 1267 2814 promissis,
1294 2773 1343 2811 et,
1361 2778 1437 2810 quae
1458 2773 1583 2801 natura
1597 2769 1704 2811 trepi-

1004 2821 1157 2856 dantium
1172 2825 1237 2864 est,
1251 2819 1476 2854 immodicus!
1520 2820 1704 2863 Rigaltium
