1806 3236
218 203 304 247 188
507 214 707 247 PHAEDRI
741 213 1053 247 FABULARUM
1088 215 1388 249 AEsoriAauM

219 308 331 351 Cum
345 307 442 364 jam
461 307 639 351 desierit
657 321 754 351 esse
768 308 987 352 beneficio
1005 309 1146 361 utilis,

217 376 276 419 Et
291 389 411 419 mors
430 376 576 419 vicina
594 376 810 430 flagitabit
829 377 1038 420 debitum.

218 443 407 487 Stultum
428 444 660 487 admovere
680 444 765 486 tibi
784 457 946 500 preces
964 445 1182 498 existimo,
1620 445 1680 490 20

217 511 440 555 Proclivis
459 511 572 561 ultro
589 524 691 554 cum
708 512 768 555 sit
784 512 1105 556 misericordia.

215 622 368 654 auxiliari
378 622 457 655 mihi
471 622 608 663 confecto
622 623 726 664 annis,
740 634 808 656 eum
814 624 887 665 J'am
899 625 1076 666 benignitas
1090 623 1256 656 cessaverit
1272 633 1335 656 esse
1350 626 1535 665 opportuna,
1553 627 1585 657 et
1598 634 1682 658 mre

210 665 383 708 propinqua
397 666 504 707 exiget
521 667 625 699 vitam
639 667 786 700 debitam.
834 669 935 701 Crede
959 678 1036 701 esse
1062 668 1228 700 ridiculum
1253 666 1400 699 adhibere
1420 676 1528 708 preces
1542 677 1620 709 erga
1636 671 1682 709 te,

830 741 889 754 000
892 741 1028 755 “000“
1032 741 1070 754 00

215 793 360 825 Lallem.
380 793 479 825 Brot.
508 792 649 834 Bipont.
678 792 889 826 Jakob.—1s
913 794 999 826 Mss.
1025 793 1121 826 Pith.
1145 793 1244 826 Rem.
1268 793 1337 826 fide
1365 793 1526 827 Neveleti
1541 799 1579 829 et
1593 795 1682 828 Bro-

216 835 308 867 tierii
330 835 480 868 babent:
506 836 586 868 Cum
601 835 673 876 jam
700 836 857 869 desideret
877 846 940 869 esse
970 836 1114 879 beneficio
1136 837 1254 868 utilius.
1299 837 1482 878 Corrupte.
1530 838 1599 870 Pro
1613 849 1682 881 quo

215 878 370 911 Pithoeus
397 882 434 910 et
456 878 555 910 multi
571 879 640 919 alii,
657 878 736 911 huic
762 879 931 920 obsecuti,
952 881 1059 912 etiam
1088 880 1302 912 Burmannus
1325 884 1362 912 et
1387 879 1565 921 Bipontini
1580 890 1682 922 repo-

215 925 370 961 suerunt,
406 921 487 953 Cum
501 921 572 962 jam
595 921 724 954 desierit
749 932 814 955 esse
840 922 1133 965 beneficiumgutile,
1157 922 1288 964 optimo
1308 932 1422 955 sensu.
1465 923 1553 957 Quae
1578 922 1684 957 lectio

214 974 293 996 cum
309 963 450 996 nimium
475 974 495 996 a
515 965 634 997 veteriv
652 965 824 1006 scriptura
847 965 1011 998 recedere
1036 965 1224 1006 videretur,
1249 965 1383 998 Gudius
1409 965 1452 997 ad
1475 965 1559 998 Mss.
1586 966 1685 999 lecti-

214 1016 314 1039 onem
337 1007 456 1049 utique
483 1007 776 1040 accommodatius
803 1008 872 1049 legi
892 1008 987 1041 vult:
1014 1009 1094 1041 Cum
1108 1008 1181 1048 ,iam
1204 1008 1331 1040 desierit
1355 1017 1419 1040 esse
1444 1008 1591 1051 beneficio
1615 1009 1681 1048 uti:

214 1050 268 1090 lis,
295 1050 361 1082 hoc
391 1059 515 1082 sensu:
554 1050 639 1082 Cum
656 1050 730 1091 jam
757 1051 922 1083 Phaedrus
952 1051 1046 1083 senio
1069 1051 1190 1083 debilis
1221 1051 1363 1083 desierit
1386 1059 1462 1083 esse
1488 1055 1548 1083 tuo
1575 1051 1681 1084 bene-'

214 1092 292 1126 ficio
314 1092 430 1132 utilis3
463 1097 503 1124 ut
528 1093 624 1125 utilis
650 1093 809 1135 capiatur
830 1094 958 1134 active,
983 1094 1042 1136 qui
1067 1095 1118 1127 nti
1146 1093 1315 1126 beneficio
1342 1093 1461 1136 possit.
1506 1093 1601 1135 Apte
1624 1098 1678 1127 tu-

215 1139 294 1168 etur
322 1135 456 1169 Gudius
483 1136 571 1168 hanc
600 1136 784 1168 lectionem
815 1137 891 1169 loco
919 1137 1093 1170 Martialis
1120 1136 1181 1170 lib.
1210 1146 1251 1170 11.
1279 1137 1346 1178 Ep.
1376 1139 1429 1168 90.
1457 1136 1491 1167 in
1519 1146 1587 1178 quo
1616 1141 1682 1178 est,

214 1178 225 1196 ‘
239 1188 304 1211 nec
318 1178 447 1210 inutilis
463 1177 587 1220 annis:
601 1179 623 1211 i.
635 1188 666 1212 e.
689 1178 770 1211 dum
796 1181 894 1220 annis
916 1180 1001 1212 meis
1027 1180 1079 1212 uti
1102 1189 1251 1221 possum.
1294 1179 1448 1211 Eandem
1475 1183 1684 1221 receperunt
1712 1192 1715 1194 ’

215 1221 371 1254 Richter.
386 1221 422 1255 J.
439 1221 479 1253 F.
493 1222 645 1254 Gronov.
661 1221 806 1263 Hoogst.
821 1223 963 1255 Lallem.
987 1223 1164 1255 Maserier.
1181 1221 1333 1264 Philipp.
1359 1221 1510 1254 Brotier.
1537 1221 1683 1255 Desbill.

212 1265 260 1297 Et
275 1265 391 1306 placet
403 1263 601 1296 Schiracbio
617 1264 713 1296 clav.
727 1265 769 1297 P.
782 1274 809 1298 1.
827 1275 861 1307 p.
874 1267 950 1298 393.
967 1265 1090 1307 quibus
1104 1274 1171 1306 ego
1194 1264 1335 1297 accedo.
1379 1264 1552 1305 Displicet
1566 1269 1683 1298 tamen

215 1307 303 1348 aliis,
326 1306 417 1339 forte
442 1306 571 1339 frustra
590 1306 877 1349 existimantibus,
900 1317 968 1340 non
995 1307 1084 1340 bene
1105 1307 1229 1340 Latine
1249 1307 1318 1340 dici
1333 1306 1501 1339 bominem
1515 1307 1618 1340 alicui
1632 1307 1685 1340 rei

213 1349 343 1382 utilem.
388 1350 583 1391 Propterea
603 1349 835 1383 Desbillonius
861 1350 965 1383 verba
989 1350 1131 1383 Phaedri
1156 1350 1256 1382 aliter
1280 1349 1447 1391 explicat,
1473 1348 1629 1389 referens
1642 1349 1683 1382 τὸ

214 1392 301 1425 utilis
322 1391 366 1425 ad
379 1402 500 1434 vocem
515 1392 649 1433 bonitas,
664 1395 702 1424 ut
723 1402 842 1425 sensus
854 1393 916 1426 sit:
943 1393 1030 1426 Cum
1046 1393 1120 1435 jam
1135 1396 1196 1425 tua
1210 1393 1345 1425 bonitas
1360 1390 1543 1434 beneficio,
1557 1393 1683 1426 collato

213 1434 390 1477 videlicet,
405 1435 498 1468 utilis
520 1435 603 1467 mihi
628 1445 704 1468 esse
728 1436 882 1469 desierit.
926 1436 1107 1477 Heinsius,
1125 1435 1254 1468 desierit
1281 1445 1345 1467 esse
1372 1434 1516 1477 beneficio
1551 1436 1648 1474 locus,
1663 1444 1684 1468 e

215 1478 512 1520 conjectura—19
527 1477 708 1520 flagitabit.
753 1479 811 1511 Ita
832 1478 911 1511 libri
925 1479 1046 1521 scripti
1068 1483 1105 1511 et
1120 1478 1218 1511 editi.
1261 1478 1378 1510 Bentl.
1393 1482 1443 1518 et,
1457 1481 1549 1510 teste
1563 1478 1684 1520 Tollio,

213 1521 318 1554 etiam
355 1520 546 1562 Ouvering.
570 1521 741 1563 flagitarit
775 1521 973 1564 conjiciunt,
1000 1521 1093 1564 quod
1122 1521 1303 1562 praecessit
1328 1520 1483 1559 desieric3
1531 1520 1687 1563 [accedit

215 1562 362 1605 Autem]
384 1564 445 1595 sed
461 1564 648 1595 Burmann.
664 1567 700 1595 et
715 1563 844 1597 Harius
859 1568 1000 1597 tuentur
1005 1564 1186 1606 flagitabit,
1202 1563 1294 1607 quia,
1310 1564 1339 1596 si
1353 1562 1556 1596 admittatur
1569 1572 1685 1596 emen-

213 1607 308 1639 datio
326 1606 491 1647 Bentleii,
510 1606 676 1639 Phaedrus
696 1606 842 1648 diceret,
867 1616 944 1640 cum
960 1607 1033 1649 jam
1048 1610 1204 1640 mortuus
1224 1606 1341 1647 fuero;
1362 1605 1453 1649 quod
1467 1615 1536 1638 non
1551 1606 1684 1648 patitur

214 1659 282 1682 vox
295 1649 410 1682 vicina.
457 1648 515 1681 Ad
540 1649 626 1689 haec,
640 1649 709 1681 ista
729 1649 909 1683 diversitas
924 1653 1118 1692 temporum
1146 1654 1183 1682 et
1205 1649 1381 1682 modorum
1407 1658 1502 1691 saepe
1516 1649 1629 1682 studio
1643 1653 1682 1683 et

217 1692 399 1734 elegantiae
426 1702 530 1724 causa
553 1691 735 1725 adhibetur
752 1693 796 1726 ab
815 1692 955 1735 optimis
979 1692 1218 1734 scriptoribus,
1239 1692 1283 1724 de
1306 1701 1376 1735 quo
1401 1691 1558 1724 consules
1581 1695 1683 1725 notas

213 1735 415 1775 Burmanni,
435 1734 656 1767 memorantis
681 1739 810 1776 praeter
824 1736 891 1768 alia
915 1736 1026 1768 locum
1047 1737 1124 1768 Ter.
1141 1735 1250 1767 Andr.
1263 1743 1316 1768 lv.
1334 1738 1364 1768 1.
1376 1737 1431 1767 25.
1447 1737 1502 1767 26.
1526 1739 1567 1767 ut
1581 1735 1682 1768 omit·

214 1782 297 1820 tam,
311 1778 419 1819 ipsam
442 1787 514 1809 rem
529 1777 561 1809 h.
582 1779 604 1808 l.
627 1778 800 1818 postulare
821 1778 1063 1811 diversitatem
1087 1783 1294 1818 temporum.
1339 1777 1427 1810 Post
1439 1777 1531 1810 hune
1545 1786 1684 1810 venum

214 1820 381 1862 Rigaltius
396 1820 512 1852 mallet
523 1829 651 1861 ponere
667 1829 715 1852 vs.
729 1823 784 1853 26.
797 1824 834 1853 et
845 1823 899 1853 27.
909 1820 968 1853 sed
985 1824 1064 1862 post
1076 1830 1124 1853 vs.
1135 1823 1190 1853 27.
1201 1820 1302 1862 fingit
1312 1820 1478 1852 lacunam.
1522 1819 1682 1861 Frustra3

213 1862 301 1897 bene
326 1863 416 1895 enim
438 1863 614 1895 coliaerent
636 1862 845 1896 omnim—20
869 1864 981 1895 Preces
1005 1863 1162 1896 existimo.
1208 1863 1250 1895 In
1276 1863 1345 1895 Ms.
1369 1863 1467 1896 Rem.
1497 1867 1552 1894 est
1574 1873 1682 1905 preces

214 1910 308 1945 exes‚·
329 1905 364 1938 in
379 1905 472 1938 Pith.
490 1915 627 1948 praeceps
647 1905 728 1946 exis,
746 1905 838 1938 unde
853 1906 1009 1938 Pithoeus
1034 1906 1117 1938 fecit
1137 1915 1244 1947 preces
1268 1905 1427 1946 existima,
1451 1905 1544 1947 quod
1565 1906 1683 1941 multae

213 1949 344 1982 habent
363 1948 544 1989 editiones,
568 1952 608 1981 ut
625 1948 767 1990 Rigaltii
781 1951 814 1981 2.
831 1949 994 1982 Nevelet.
1017 1948 1100 1981 Fab.
1124 1949 1240 1981 Ursin.
1266 1946 1434 1981 Schefferi
1450 1950 1482 1981 3.
1500 1950 1565 1981 διο.
1609 1948 1680 1982 Sed

212 1991 362 2024 existima
384 1991 496 2024 nescit
512 2001 579 2034 quo
601 1989 734 2024 referat
753 1992 981 2034 Burmannus,
1007 1995 1044 2024 et
1059 1995 1255 2033 corruptam
1271 2000 1347 2023 esse
1363 2000 1481 2023 vocem
1496 1995 1593 2023 recte
1607 2000 1683 2025 cre-

214 2034 286 2075 dit;
308 2043 414 2077 quare
428 2034 610 2067 sententiae
625 2032 793 2067 Schefferi
808 2034 973 2075 adhaeret,
986 2034 1044 2077 qui
1058 2034 1145 2076 legit
1160 2034 1319 2075 existimo,
1335 2033 1503 2075 probante
1518 2032 1574 2066 Gn
1599 2037 1682 2074 eto;

215 2081 256 2111 ut
267 2078 312 2110 sit
327 2076 474 2110 formula
487 2076 684 2110 confitentis
700 2076 998 2119 importunitatem
1022 2081 1076 2110 tot
1090 2086 1225 2109 suarum
1241 2086 1393 2118 precum.
1440 2076 1559 2110 Secuti
1601 2086 1682 2109 ana-

215 2121 283 2154 don
299 2124 336 2152 et
351 2120 503 2162 Philipp.
547 2120 578 2152 E
592 2124 758 2162 corrupta
773 2120 932 2153 codicum
954 2121 1102 2153 lectione
1124 2120 1256 2152 Gudius
1269 2119 1441 2152 sexcenties
1451 2118 1548 2160 fecit,
1565 2123 1681 2161 acuta,

212 2168 252 2196 ut
264 2163 313 2195 ait
324 2163 553 2203 Burmannus,
566 2167 602 2195 et
611 2162 810 2196 blandiente
822 2163 1036 2206 conjectura,
1050 2163 1110 2195 sed
1127 2162 1231 2195 dubia
1242 2167 1280 2195 et
1291 2162 1427 2202 fallaci3
1450 2172 1554 2205 quare
1570 2162 1597 2195 is
1612 2171 1682 2195 non

217 2215 317 2239 ausus
340 2205 419 2246 fuit,
451 2206 605 2247 recipere
629 2205 664 2237 in
693 2210 905 2247 contextum,
933 2211 972 2238 ut
1000 2205 1157 2238 fecerunt
1182 2206 1335 2238 Gronov.
1364 2205 1521 2238 Maittar.
1549 2205 1680 2238 Walclr.

216 2249 369 2281 Richter.
383 2248 511 2280 Leonh.
538 2248 705 2289 Hoogstr.
727 2248 846 2282 Didot.
897 2247 1090 2282 Offendunt
1114 2253 1287 2291 praeterea
1312 2257 1409 2280 aures
1426 2248 1560 2290 jnnctoe
1576 2256 1679 2281 voces

212 2301 318 2333 preces
328 2291 500 2323 sexcenties
514 2291 653 2332 syllabis
670 2291 815 2333 asperis,
828 2302 847 2324 e
861 2295 914 2324 tot
926 2301 943 2323 s
953 2296 989 2324 et
1004 2302 1021 2324 e
1036 2291 1264 2333 confragosis:
1285 2301 1392 2333 preces
1402 2291 1573 2323 sexcenties
1585 2287 1681 2323 deni-

215 2343 282 2376 que
296 2340 388 2366 esset
405 2333 549 2365 hominis
564 2333 784 2375 indignantis,
799 2344 866 2366 non
889 2334 1093 2376 simpliciter
1108 2334 1273 2377 rogantis,
1290 2334 1495 2366 observante
1510 2333 1680 2375 Bentleio,

213 2378 270 2420 qui
290 2377 383 2418 hinc,
401 2385 596 2418 quanquam
622 2377 695 2409 sine
714 2377 783 2409 ulla
795 2377 869 2409 veri
893 2378 1024 2419 specie,
1049 2377 1244 2419 exsculpit:
1278 2376 1420 2410 Stultum
1440 2377 1602 2408 admovere
1620 2376 1682 2408 tibi

212 2429 320 2463 preces
329 2422 388 2461 est,
411 2419 568 2460 Eutyche,
591 2419 749 2451 Proclivis
763 2421 847 2452 ultro
870 2430 939 2452 cum
954 2420 998 2452 sis
1011 2420 1243 2453 misericordioe.
1269 2418 1315 2452 cf.
1338 2419 1429 2451 Gud-
1445 2423 1482 2451 et
1493 2418 1682 2451 Burmann.

212 2464 252 2496 it.
268 2463 311 2495 V.
322 2463 362 2496 L.
377 2461 419 2494 ad
432 2471 478 2494 vs.
494 2464 547 2494 21.
574 2462 660 2494 Cum
671 2462 706 2493 in
717 2462 803 2494 Cod.
819 2463 913 2495 Pith.
925 2463 1060 2505 legatur
1069 2462 1288 2505 proecepsexis,
1300 2460 1530 2494 Desbillonius
1544 2460 1677 2502 cre-dit,

214 2505 296 2539 inde
323 2504 511 2539 eruendum
537 2514 622 2542 esse,
646 2504 853 2546 perspexeris,
877 2505 943 2538 hoc
963 2515 1083 2538 sensu:
1118 2505 1202 2547 Ipse
1226 2504 1456 2547 perspexeris,
1485 2513 1540 2535 me
1570 2504 1679 2537 stulte

214 2547 346 2589 facere,
359 2548 449 2590 quod
475 2556 597 2589 preces
613 2547 679 2579 tibi
705 2547 920 2589 admoveam,
943 2558 1020 2581 cum
1036 2549 1081 2580 sis
1102 2552 1225 2589 sponte
1241 2547 1439 2580 misericors.
1485 2545 1680 2587 Cuninglia-

215 2601 292 2624 mus
306 2591 509 2632 suspicatur,
531 2590 718 2622 Pliaedrum
734 2590 930 2632 scripsisset
952 2590 1093 2623 Stultum
1106 2592 1267 2622 admovere
1281 2593 1326 2622 est
1346 2589 1406 2621 tibi
1427 2598 1532 2631 preces
1545 2589 1679 2622 enixius.

215 2634 285 2666 Sed
301 2637 446 2675 praestat
461 2633 610 2665 retinere
625 2633 808 2665 lectionem
822 2631 1096 2674 Schefferianam,
1112 2637 1289 2674 receptam
1301 2642 1321 2665 a
1335 2631 1585 2674 plurimis—21
1610 2631 1676 2664 Sit.

216 2677 420 2718 suspicatur
442 2673 646 2718 Schefferus,
668 2675 853 2714 Pbaedrum
874 2676 1066 2718 scripsisse,
1088 2676 1241 2708 Proclivis
1254 2685 1323 2711 cum
1335 2675 1381 2707 sis
1394 2674 1626 2716 misericordiae,
1639 2678 1681 2707 ut

216 2718 320 2751 Silius
334 2718 394 2751 lib.
410 2727 494 2751 1111.
509 2721 584 2751 685.
610 2718 712 2760 dixit,
732 2719 742 2738 ‘
756 2718 880 2751 sceleri
904 2719 1068 2761 proclivis
1092 2717 1247 2761 egestas?
1270 2717 1370 2751 Schw.
1382 2743 1394 2754 ,.
1415 2717 1496 2757 Non
1509 2726 1598 2759 opus
1612 2721 1682 2759 est,

216 2765 349 2795 mutare
363 2761 397 2794 in
408 2762 463 2802 sis,
474 2771 550 2794 cum
567 2761 734 2794 Phaedrus
746 2771 840 2794 more
854 2771 916 2794 suo
931 2761 1174 2794 misericordiam
1186 2760 1353 2802 proclivem
1367 2758 1506 2801 diierit,
1521 2769 1584 2801 pro
1600 2760 1675 2792 viro

216 2804 358 2848 proclivi
374 2813 437 2848 per
452 2804 719 2839 misericordiam
740 2804 776 2839 in
791 2804 1054 2849 benignitatem,
1070 2808 1109 2838 ut
1129 2804 1243 2847 modo,
1264 2804 1274 2823 ⁴
1287 2802 1424 2837 bonitas
1441 2803 1571 2836 nitetur
1593 2801 1679 2844 tua,'
