1806 3236
216 237 302 282 448

220 345 363 383 vetere;
385 342 422 374 in
436 339 583 382 vulgatis
599 343 651 372 est
665 340 829 372 rosarium.
873 339 924 372 Ut

220 405 304 428 vero
327 403 446 426 versus
469 392 532 424 sibi
558 394 705 432 constet,
727 389 924 432 legendnm,

220 444 460 478 Perambulante
488 443 556 474 alta
593 442 716 473 domino
756 441 921 473 viridaria.

221 497 300 529 Alta
313 493 480 536 viridaria,
493 497 532 526 ut
543 492 601 525 lib.
614 501 665 525 iv.
682 490 752 524 fab.
765 495 797 525 2.
817 491 827 509 ‘
839 490 923 523 Alta

222 545 342 579 vinea!
367 545 455 576 Gud.

262 596 400 630 Domino
409 606 420 628 .·
441 598 477 627 et
490 603 581 636 mox,
594 593 762 634 Dominus]
783 591 842 624 Sic
855 591 926 623 Im-

222 650 397 689 peratores
411 644 635 687 appellabant
651 654 661 684 ;
684 647 721 675 et
741 642 924 682 Augustas,

222 707 282 729 seu
298 705 421 728 uxores
431 704 563 736 eorum,
579 693 745 724 Dominus.
789 690 924 732 Oppia-

221 756 284 779 nus
310 746 479 787 Cyneget.
496 753 522 775 1.
565 742 625 775 Τὸν
650 741 775 783 μεγάλη
796 739 925 782 μεγάλῳ

221 796 401 839 portica-ro
412 794 518 835 Δόμνα
529 792 666 835 Σεβήρῳ.
692 791 858 825 Nonnulli
873 796 925 822 ta-

221 858 302 880 men
321 848 408 879 hanc
434 844 702 887 appellationem
726 842 791 875 sibi
818 841 925 873 tribui

223 901 419 931 vetuerunt.
443 895 531 927 Rite.

264 948 372 989 Laeta]
386 948 483 980 Istuc
498 947 572 978 loeta
586 948 685 978 extra
698 947 845 976 metrum
861 945 928 984 est,

223 1004 261 1033 et
294 997 579 1040 expungendum;
614 994 718 1037 idque
754 993 927 1026 neminem

222 1049 391 1082 monuisse
406 1047 522 1079 miror.
545 1045 660 1077 Faber.

264 1096 418 1137 Domino]
453 1096 607 1128 Annotat
633 1094 772 1127 doctiss.
797 1093 926 1125 Ritter-

225 1148 370 1189 shusius,
390 1147 624 1188 Imperatores
641 1144 721 1177 olim
745 1143 849 1185 vulgo
863 1143 928 1175 Do-

224 1201 324 1234 minus
351 1199 462 1230 dictos
499 1197 624 1237 fuisse;
662 1205 779 1229 eorum
813 1198 927 1227 autem

223 1261 350 1284 uxores
365 1250 532 1290 Dominae,
556 1248 646 1290 quod
661 1251 699 1279 ut
714 1255 832 1278 verum
853 1254 928 1277 esse

225 1311 325 1335 nemo
350 1304 404 1333 est
436 1299 494 1342 qui
520 1302 636 1340 neget,
670 1298 721 1330 ita
744 1296 828 1329 illud
851 1305 928 1338 per·

225 1361 326 1395 quam
341 1349 464 1382 falsum
480 1352 547 1390 est,
568 1347 658 1390 quod
679 1346 781 1379 affert
796 1356 839 1378 ex
856 1346 929 1387 Op-

224 1402 327 1445 piano
342 1410 422 1433 suo:
445 1398 505 1431 Τὸν
520 1397 647 1439 μεγάλη
667 1395 796 1438 μεγάλῳ
816 1394 929 1437 φυτεύ-

224 1450 304 1484 σατὸ
318 1450 423 1489 Δόμνα
436 1447 573 1490 Σεβήρῳ.
616 1447 765 1484 Falsum,
779 1446 931 1487 inquam,

225 1504 300 1533 est:
323 1509 403 1532 nam
417 1497 524 1538 Δόμνα
539 1507 580 1530 eo
599 1498 675 1529 loco
689 1505 813 1528 nomen
828 1494 931 1537 κύριον

224 1560 285 1583 seu
306 1549 481 1592 proprium
496 1553 571 1580 est:
595 1546 774 1579 dicebatur
799 1555 841 1577 ea
862 1554 932 1576 mu-

226 1602 290 1634 lier
304 1601 396 1632 Julia
409 1601 546 1633 Damna.
589 1599 714 1639 Neque
730 1605 812 1628 vero
826 1605 931 1637 nega-

226 1653 291 1685 rim
307 1661 425 1684 vocem
445 1652 533 1683 hanc
556 1650 679 1682 Domnn
701 1647 846 1690 reperiri
867 1656 931 1688 pro

226 1703 365 1735 Domina
379 1701 473 1744 (nam
490 1704 526 1732 et
541 1699 632 1741 apud
648 1698 854 1739 Gregorium
867 1697 933 1728 Tu-

227 1762 406 1786 ronensem
419 1753 526 1793 legas,
549 1751 559 1768 ‘
575 1751 722 1782 Domnae
735 1748 934 1780 Brunechil-

228 1805 279 1836 dis
289 1807 309 1844 ς’
319 1803 408 1835 uude
417 1806 453 1834 et
463 1801 623 1834 Italicum
631 1801 732 1831 donna
739 1798 765 1840 :)
776 1798 837 1830 sed
847 1798 932 1830 satis

229 1856 366 1887 constat
377 1861 420 1884 ex
433 1850 578 1883 nummis
591 1849 723 1882 Graecis
737 1853 774 1881 et
787 1848 931 1887 Latinis,

228 1906 264 1938 in
292 1906 369 1937 loco
396 1901 550 1943 Oppiani
577 1899 684 1940 Δόμνα
708 1909 783 1931 esse
807 1908 931 1933 nomeu

231 1954 410 1998 proprium
424 1951 663 1992 imperatricis,
678 1953 813 1982 10'1'A1A
828 1953 930 1981 ΔΟΜ-

230 2010 287 2039 NA
299 2006 490 2040 ΣΕΒΗΡΟΤ.
514 2003 573 2045 Et,
584 2009 686 2034 rvuA
697 2009 831 2034 nouus
844 2009 932 2033 AvG.

231 2057 347 2090 Faber.

284 2108 475 2149 Viridiaria]
498 2108 556 2141 Ita
577 2106 688 2139 Faber
703 2109 739 2138 et
755 2104 936 2146 Rigaltius.

230 2158 300 2193 Sed
314 2159 514 2190 viridiarium
539 2167 601 2199 pro
621 2155 771 2187 viridario
786 2164 853 2186 non
869 2163 935 2185 me-

231 2209 314 2242 mini
329 2218 383 2240 me
398 2209 525 2249 legere.
570 2205 707 2238 Festive
723 2204 858 2247 quidem
874 2204 934 2236 Fa-

231 2260 296 2292 ber
323 2258 367 2290 ad
391 2258 465 2289 haec
491 2256 597 2288 verba
622 2265 698 2286 mea
722 2255 757 2286 in
782 2254 934 2286 editione

231 2316 383 2350 nupera:
400 2308 494 2348 ‘Ego
508 2315 575 2337 non
590 2304 780 2337 meminisse
796 2303 934 2335 credam

231 2359 357 2391 facilest
389 2358 525 2398 Nempe
541 2364 640 2387 senes
654 2354 809 2386 obliviosi
822 2353 935 2385 Fabro

232 2419 358 2450 sumus,
378 2408 463 2440 licet
477 2417 530 2439 me
545 2415 668 2438 annum
694 2414 784 2436 nunc
804 2405 935 2445 ingres-

234 2469 307 2493 sum
317 2458 611 2502 quadragesimum
620 2459 656 2487 et
663 2455 817 2497 quintum
829 2458 934 2486 aetate

233 2520 302 2543 non
317 2519 437 2551 parum
455 2508 529 2549 ipse
552 2505 746 2538 antecedat.
790 2505 932 2545 Pergit:

235 2563 246 2581 ‘
263 2561 332 2593 Sed
359 2569 400 2591 an
426 2559 502 2591 ideo
528 2566 595 2589 non
622 2554 707 2588 est?
752 2554 836 2588 Quis
854 2564 935 2586 vero

235 2612 298 2643 hoc
325 2610 435 2642 dixit?
467 2608 476 2626 ‘
503 2608 584 2640 Non
609 2605 823 2638 meminisse'
854 2605 934 2637 dixi.

237 2662 295 2693 Ob
309 2660 399 2702 quod
416 2658 557 2691 verbum
579 2657 661 2689 satis
683 2659 853 2688 commote
876 2656 936 2687 Fa-

237 2713 318 2745 ber:
341 2713 350 2731 ‘
369 2713 462 2745 Quot
487 2720 541 2742 res
564 2710 618 2741 hic
635 2707 788 2740 dicendae
805 2707 886 2747 sint,
908 2706 936 2739 si

237 2762 351 2804 eloqui
367 2762 523 2803 incipiam
537 2759 559 2792 ?'
585 2759 634 2791 At
649 2768 710 2791 nos
725 2762 936 2799 optassemus

238 2813 353 2854 potius
380 2811 574 2854 praesidium
613 2809 785 2843 memoriae
813 2812 937 2842 nostrae

674 245 817 278 No'rAE
852 244 1117 277 VARIORUM
1150 244 1202 277 IN

972 339 1016 372 ab
1038 339 1098 372 illa
1116 338 1233 381 Fabri,
1254 341 1357 382 atque
1379 347 1503 372 nomen
1522 338 1673 381 noctem

971 390 1085 422 idonei
1107 390 1252 432 locique,
1274 389 1333 422 ubi
1354 386 1551 423 viridIarium
1564 381 1673 434 ipsius

972 449 1147 481 possemus
1161 440 1326 473 invenire.
1357 440 1490 474 Scimus
1502 436 1682 484 eduidem,

971 488 1087 521 afferri
1100 490 1203 532 vulgo
1225 489 1382 533 quaedam
1406 500 1450 524 ex
1473 489 1684 534 Ρθιιηιοίιίο,ἲ

973 540 1136 582 Ulpiano,
1167 540 1310 583 aliisque
1330 540 1587 587 jurisconsultis
1616 534 1675 575 v'e-

974 590 1118 636 teribus,
1132 590 1192 622 sed
1207 590 1322 623 inillis
1344 591 1430 624 locis
1454 590 1610 624 omnibns
1634 591 1675 624 li-

973 639 1215 685 bros'optimos
1238 640 1368 680 viridia,
1380 641 1603 674 veluntas-ia
1614 641 1676 675 lna

974 689 1070 730 bere,
1100 688 1136 720 id
1165 697 1299 733 quoque
1334 690 1477 731 pulchre
1501 691 1685 731 novimas.-

975 739 1051 772 Nee
1066 739 1268 780 permittere
1295 739 1471 780 analogias
1486 739 1576 774 rath
1601 733 1678 774 siri-

974 790 1080 822 diaria
1102 789 1250 822 videtur.
1296 788 1400 823 Quod
1423 784 1678 824 131ωυὶώωί-

976 844 1073 872 retur
1087 839 1213 880 Faber,
1240 849 1304 871 ceu
1329 848 1372 871 ex
1393 839 1517 872 mentis
1531 839 1678 884 quadem

976 889 1253 932 peregrinatione
1264 889 1406 931 dictum,
1418 886 1680 924 tamen‘desifflt

976 940 1104 982 mirari,
1125 944 1308 982 postquam
1330 940 1404 982 ipse
1423 939 1502 973 olim
1515 939 1559 973 ad
1575 938 1691 973 soff-³

977 992 1051 1024 dire
1065 991 1220 1033 incipiet.
1264 991 1438 1023 Nam‘non
1452 990 1501 1024 sic
1520 999 1542 1024 ι
1556 986 1682 1033 viridis,

976 1043 1187 1085 viridiarium,
1220 1045 1260 1075 ut
1289 1051 1325 1074 a
1343 1042 1451 1083 vestis,
1468 1055 1470 1058 >
1486 1041 1680 1084 vm,

976 1094 1067 1137 quod
1078 1094 1151 1126 vult
1162 1093 1250 1135 ipse,
1259 1093 1317 1125 vel
1329 1093 1374 1125 ab
1387 1093 1484 1134 ignia*
1497 1090 1682 1134 igniarium.

978 1146 1048 1178 Cur
1060 1144 1151 1177 enim
1165 1154 1234 1177 non
1248 1144 1406 1177 similiter
1420 1153 1441 1176 a
1452 1146 1556 1186 panio,
1567 1133 1681 1187 panid-

976 1196 1073 1237 rium,
1096 1195 1180 1236 apis
1304 1231 1307 1236 ¹
1326 1194 1334 1202 ’
1375 1195 1449 1237 ἀνι,
1469 1195 1498 1227 si
1521 1203 1564 1227 ea
1586 1193 1679 1228 Ana-

977 1245 1078 1287 logiae
1101 1245 1212 1277 ration
1320 1247 1391 1277 tum
1414 1244 1535 1277 isthac
1549 1244 1601 1277 ita
1613 1243 1680 1278 for·

977 1297 1175 1329 marentur?
1217 1296 1308 1328 Sane
1333 1299 1465 1337 contra,
1487 1305 1564 1338 quae
1589 1295 1681 1338 qius-

977 1347 1070 1379 modi
1084 1346 1366 1389 significationem
1381 1345 1522 1388 habent,
1544 1346 1680 1389 qualem

977 1396 1176 1438 viridarium,
1204 1397 1355 1429 vocalem
1378 1397 1392 1428 i
1414 1399 1495 1429 ante
1515 1396 1619 1428 arium
1643 1396 1680 1429 in

978 1448 1161 1489 postremis
1188 1457 1257 1479 non
1281 1450 1481 1489 agnoscunt,
1508 1451 1549 1480 ut
1572 1456 1682 1489 poma-

977 1499 1071 1539 rium,
1091 1498 1290 1539 granarium,
1311 1498 1480 1539 lanarium,
1496 1497 1680 1538 marium,

978 1549 1131 1590 boarium,
1162 1551 1199 1581 et
1227 1549 1261 1580 id
1290 1557 1408 1589 genus.
1461 1547 1580 1590 Atque
1603 1547 1681 1581 haec

980 1602 1034 1631 est
1049 1607 1180 1641 caussa,
1202 1607 1308 1640 quare
1334 1597 1493 1639 dixerim,
1518 1597 1682 1640 analogia

979 1648 1150 1681 rationem
1172 1657 1241 1680 non
1260 1646 1371 1680 videri
1389 1647 1589 1680 viridiarium
1603 1655 1682 1690 per-

978 1698 1130 1731 mittere.
1164 1697 1254 1739 Scio,
1267 1697 1415 1730 Fabrum
1429 1696 1485 1729 hic
1497 1696 1681 1739 dicturum,

979 1758 1033 1790 ea,
1062 1759 1138 1790 quae
1165 1752 1339 1789 postremo
1359 1748 1438 1779 loco
1460 1750 1540 1779 sunt
1566 1747 1683 1788 allata,

978 1808 1046 1830 non
1061 1798 1142 1830 oriri
1156 1798 1199 1830 ab
1214 1797 1380 1839 eJusmodi
1392 1796 1578 1838 vocabulis,
1599 1806 1682 1839 quo-

978 1858 1052 1881 rum
1076 1848 1205 1890 primus
1231 1857 1330 1880 casus
1356 1847 1491 1880 desinat
1518 1847 1554 1879 iu
1578 1847 1620 1888 is,
1640 1856 1681 1879 ac

978 1899 1122 1940 proinde
1132 1899 1204 1931 sine
1218 1898 1348 1931 ratione
1357 1897 1412 1930 hic
1423 1897 1559 1930 adduci.
1591 1897 1683 1931 Qua·
1740 1931 1743 1933 ,

980 1951 1007 1982 si
1035 1959 1117 1983 vero
1142 1950 1210 1982 ista
1234 1949 1479 1981 derivationem
1504 1957 1598 1981 suam
1623 1947 1682 1980 lm-

980 2001 1086 2034 beant
1111 2010 1132 2032 a
1160 2000 1272 2041 primo
1301 2009 1394 2033 casn.
1447 1999 1566 2040 Longe
1590 1997 1683 2031 aliud

981 2063 1043 2086 nos
1059 2052 1186 2085 docent
1200 2060 1303 2084 voces
1323 2050 1494 2093 plurimae,
1513 2054 1553 2082 ut
1573 2055 1684 2082 cama-

980 2105 1076 2145 rium,
1098 2103 1187 2146 quod
1201 2104 1371 2142 sarariam,
1384 2099 1569 2143 pultarium,
1591 2097 1684 2142 quod

979 2155 1147 2197 palariam,
1160 2153 1327 2192 nivarium,
1354 2150 1444 2194 quod
1459 2150 1608 2190 niarium,
1621 2149 1685 2181 cal·

982 2205 1112 2247 carium,
1134 2203 1224 2246 qnod
1245 2202 1394 2235 calatium
1416 2200 1516 2233 fieret
1537 2210 1557 2232 a
1573 2191 1690 2241 primo

984 2265 1075 2288 casu.
1117 2255 1197 2288 Jam
1213 2263 1288 2286 cum
1312 2262 1332 2284 a
1352 2250 1500 2283 secundo
1523 2259 1604 2282 casu
1619 2249 1683 2281 cal-

982 2307 1028 2338 cis
1042 2306 1097 2347 (ut
1118 2315 1209 2337 nunc
1225 2307 1353 2336 caetera
1367 2298 1538 2343 omittam)
1559 2299 1606 2332 sit
1619 2295 1682 2332 cal-

983 2357 1102 2390 carium
1128 2354 1294 2396 analogiae
1323 2353 1412 2385 bona
1435 2351 1579 2392 ratione,
1601 2348 1682 2392 quid

984 2412 1037 2441 est
1060 2417 1200 2448 caussae,
1231 2416 1293 2438 cur
1317 2405 1359 2438 ab
1389 2403 1508 2436 eodem
1536 2411 1616 2434 casu
1646 2400 1682 2432 in

983 2455 1150 2490 vocabulo
1178 2456 1304 2495 viridis,
1328 2455 1443 2487 malim
1469 2450 1682 2491 viridiarium,

985 2518 1085 2550 quam
1099 2504 1309 2538 viridarium?
1331 2503 1475 2536 maxime
1501 2510 1578 2534 cum
1603 2508 1684 2532 auc-

985 2558 1107 2590 toritas
1137 2557 1229 2588 illius
1258 2555 1352 2587 nulla
1379 2554 1436 2594 sit,
1456 2552 1524 2584 vel.
1541 2550 1684 2592 exigna;

984 2608 1084 2649 liujus
1112 2606 1236 2647 passim
1261 2604 1416 2646 plurima.
1462 2601 1540 2634 Non
1565 2600 1683 2642 itaque

985 2658 1040 2690 hic
1061 2666 1146 2698 opus
1168 2659 1243 2687 erat
1263 2653 1410 2686 Aristeae
1431 2647 1548 2683 fabula
1562 2656 1683 2691 parum

985 2707 1133 2740 civiliter
1149 2703 1306 2736 adornari
1325 2703 1437 2744 jocos,
1458 2699 1548 2742 quod
1574 2709 1595 2731 a
1615 2698 1681 2731 ‘Fa-

984 2756 1047 2789 bro
1061 2754 1199 2786 factum.
1233 2752 1309 2785 Nec
1324 2749 1433 2782 adhuc
1445 2747 1591 2790 probare
1606 2756 1683 2790 pos-

987 2815 1071 2846 sum,
1099 2802 1189 2846 quod
1223 2800 1400 2835 contendit
1424 2800 1511 2843 ipse,
1537 2797 1615 2841 ejici
1642 2795 1681 2829 τὸ
