1806 3236
209 231 296 275 738
524 240 783 274 nncnusus
817 241 1101 274 Em'momm
1144 242 1364 275 wainni.

266 362 320 371 -—
339 340 428 380 Lat.
445 346 486 381 et
505 338 612 381 Gall.
628 339 800 388 Parisiis,
825 352 892 394 ap.
918 339 1045 380 Didot
1062 347 1156 381 nutu
1175 342 1269 393 maj.
1304 347 1366 382 18.
1391 347 1415 383 2
1449 355 1521 382 voi.
1578 353 1672 382 cnm

222 411 311 446 110.
331 404 426 457 figg.

266 492 321 499 —
340 468 495 509 Phaedri
512 469 749 509 fabularum
768 470 902 521 AEsop.
925 469 1030 509 Libri
1061 479 1105 507 v.
1130 469 1180 508 ad
1213 469 1378 509 Codices
1396 469 1496 510 Mas.
1515 476 1555 509 et
1573 467 1675 521 opti-

212 547 293 574 mas
321 533 512 574 editiones
537 533 782 586 recognovit,
814 533 1039 574 varietatem
1071 533 1249 573 lectionis
1277 539 1318 573 et
1349 533 1668 581 commentarium

211 604 444 650 perpetuum
465 597 614 650 adjecit
630 599 694 638 Jo.
725 597 894 638 Gottlob
907 598 1013 639 Sam.
1039 598 1245 637 Schwabe.
1275 598 1486 638 Accedunt
1515 597 1673 638 Romuli

212 663 449 703 Fabularum
468 663 710 714 AEsopiarum
730 662 838 703 Libri
855 673 919 702 lv·
947 662 997 702 ad
1017 662 1201 702 codicem
1223 663 1496 702 Divionensem
1514 667 1556 701 et
1583 673 1674 714 per-

210 727 411 779 antiquam
432 727 642 768 editionem
674 729 899 768 Ulmensem
942 741 1047 768 nunc
1084 728 1248 779 primum
1276 726 1474 767 emendati
1503 731 1546 766 et
1570 724 1674 764 notis

212 791 406 832 illustrati.
451 793 553 839 Cum
570 793 713 833 tabulis
742 793 810 834 aeri
841 792 986 833 incisis.
1015 792 1267 843 Brunswigae,
1297 797 1429 830 sumtu
1457 787 1566 830 Frid.
1587 789 1675 829 vie-

212 856 339 909 wegii.
358 862 381 896 8
401 855 499 907 maj.
513 864 538 899 2
556 857 899 897 vollae—Praestans
929 856 1062 906 editio,
1082 869 1161 908 qua
1178 856 1323 909 linguae
1340 855 1490 895 Latine
1515 859 1569 907 et.
1587 854 1674 894 lite·

209 926 352 960 raturae
379 920 570 973 antiquae,
614 933 768 961 necnon
797 919 969 961 historiae
1004 919 1184 960 literariae
1214 919 1465 971 cupidorum,
1507 917 1674 958 maxime

212 985 487 1037 magistrorum
526 984 758 1033 scholarum,
789 984 1008 1026 rationibus
1034 984 1187 1038 optime
1206 984 1403 1024 consuluit
1429 981 1677 1023 doctissimus

211 1048 363 1089 Editor.
381 1049 589 1089 Praemiesa
601 1049 655 1090 T.
676 1060 708 1089 ε.
739 1051 774 1088 1.
787 1050 879 1091 vita
891 1049 1110 1100 Phaedrissex
1129 1048 1310 1088 Phaedro.
1327 1055 1365 1089 2.
1376 1047 1529 1088 Notitia
1545 1046 1675 1087 litera-

211 1113 269 1152 ria
287 1113 339 1152 de
355 1113 543 1161 Phaedro,-
557 1114 775 1154 Elenchum
795 1114 990 1154 Codicum
1009 1119 1049 1153 et
1081 1113 1256 1153 Iudicem
1276 1112 1494 1152 editionum
1523 1115 1572 1151 ac
1593 1122 1676 1150 ver-

210 1177 366 1217 sionum
396 1179 613 1225 continens,
645 1191 736 1217 cum
768 1178 956 1233 Catalogo
986 1178 1232 1230 Scriptorum
1251 1176 1461 1217 Phaedrum
1478 1175 1675 1216 illustran-

210 1241 323 1291 tium,
342 1247 422 1281 tam
447 1242 710 1294 antiquorum,
731 1256 851 1295 quam
867 1242 1154 1297 recentiorum.
1176 1247 1216 1281 3.
1239 1243 1300 1282 De
1318 1240 1486 1295 Phaedro
1501 1237 1673 1292 antiqui·

211 1305 304 1346 tatis
332 1306 521 1358 scriptore
550 1307 791 1360 Disputatio.
831 1314 870 1347 4.
893 1307 1070 1347 Jacobsii
1102 1306 1413 1347 Observationes
1452 1304 1674 1345 aesthetico-

211 1361 359 1410 criticae
378 1370 429 1410 de
448 1370 604 1419 Phaedri
622 1370 782 1419 sabulis,
800 1370 1034 1411 Germanice
1064 1370 1237 1422 scriptae.
1265 1369 1376 1409 Basis
1400 1367 1582 1409 editionis
1613 1373 1674 1408 est

213 1440 344 1474 textus
382 1434 606 1482 Burmanni,
631 1448 655 1474 a
683 1449 764 1487 quo
791 1441 922 1474 tamen
951 1447 1027 1474 non
1053 1434 1192 1486 paucis
1222 1433 1318 1472 locis
1349 1432 1507 1473 recessit
1534 1431 1674 1479 editor,

212 1499 425 1538 maximam
441 1505 596 1551 partem
614 1499 777 1539 Codicis
808 1499 956 1540 Perotti
974 1498 1208 1539 auctoritate
1232 1497 1369 1538 fultus.
1406 1497 1676 1538 Textui‘sub-

204 1562 315 1613 jecta
342 1563 517 1603 varietas
531 1563 724 1611 lectionis,
744 1576 834 1602 cum
865 1562 1157 1610 commentario,
1187 1561 1447 1614 exquisitioris
1486 1560 1676 1602 doetrinae

210 1627 346 1678 pleno,
365 1627 528 1667 fortasse
543 1634 675 1678 tamen
704 1628 944 1668 verbosiore.
971 1627 1139 1679 Singulis
1169 1627 1388 1666 fabularum
1417 1625 1523 1666 libris
1551 1624 1675 1667 additi

212 1692 422 1741 Excursus,
447 1693 488 1731 in
514 1692 659 1744 quibus
673 1693 724 1732 de
755 1693 874 1732 rebus
893 1693 942 1732 ad
975 1691 1188 1738 historiam,
1220 1692 1270 1731 ad
1306 1690 1571 1742 antiquitates,
1594 1702 1672 1729 ren

210 1755 441 1804 literarium,
466 1757 819 1810 interpretationem
838 1757 1007 1809 denique
1044 1757 1218 1796 locorum
1250 1754 1526 1803 difficilior-um,
1555 1755 1673 1807 perti-

211 1820 393 1860 nentibus
413 1820 571 1861 uberius
585 1821 825 1873 disputatur.
1342 1810 1344 1813 V

270 1890 372 1931 1807
400 1885 557 1925 Phaedri
577 1886 809 1926 Fabularum
829 1886 964 1936 AEsop.
984 1884 1093 1925 Libri
1111 1896 1155 1924 V.
1176 1898 1268 1924 cum
1294 1884 1396 1924 notis
1426 1890 1466 1923 et
1493 1882 1675 1924 emenda-

213 1948 384 1989 tionibus
405 1951 543 1991 Franc.
570 1951 654 1991 Jos.
676 1949 912 1997 Desbiuons‚
934 1962 982 1988 ex
1002 1948 1089 2000 ejus
1114 1948 1392 1989 commentario
1415 1947 1588 2000 pleniore
1608 1946 1676 1987 de-

213 2013 366 2055 sumtis.
392 2014 532 2054 Tertia
550 2014 686 2062 editio,
710 2014 775 2054 cui
790 2026 989 2053 accessere
1008 2013 1278 2053 annotationes
1300 2013 1470 2053 Gallicae
1487 2013 1526 2054 J.
1556 2012 1603 2053 F.
1623 2013 1674 2052 A.

213 2078 318 2117 —-Y.
338 2078 510 2127 Parisiis,
526 2091 591 2130 ap.
611 2079 658 2118 L.
677 2079 1063 2130 Duprat-Duverger.
1087 2083 1109 2118 8
1126 2077 1218 2116 min.

266 2165 321 2171 -
337 2142 494 2183 Phaedri
513 2143 748 2183 Fabularum
766 2142 874 2182 Libri
887 2152 929 2180 V.
950 2141 1092 2193 quibus
1122 2140 1320 2180 accedunt
1344 2140 1490 2180 fabulae
1506 2151 1675 2181 xxxlv.

214 2206 261 2245 In
287 2220 399 2246 usum
419 2208 643 2246 scholarum
672 2206 891 2253 adornavit,
920 2205 1144 2257 notulisque
1175 2205 1326 2256 ingenio
1358 2204 1565 2244 acuendo‘
1554 2216 1675 2247 inser·

215 2270 413 2310 vientibus
431 2271 614 2311 instruxit
632 2270 805 2311 Enchar.
830 2269 946 2310 Ferd.
981 2269 1126 2310 Christ.
1146 2269 1349 2310 OErtelius.
1372 2268 1535 2317 meldi,
1567 2269 1672 2322 apud

213 2334 276 2375 W.
297 2335 350 2374 G.
382 2336 597 2376 Gassert.8
1688 2338 1691 2345 ¹

266 2421 322 2428 ——
339 2398 498 2440 Phaedri
515 2399 675 2440 Fabulae
692 2399 826 2451 AEsop.
844 2397 1012 2439 Accedit
1025 2397 1234 2451 Appendix
1254 2397 1477 2438 fabularum
1496 2409 1521 2436 a
1538 2408 1673 2436 recen-

213 2461 380 2503 tioribus
398 2464 669 2517 Apologorum
688 2462 914 2503 auctoribus
945 2462 1267 2514 compositarum.
1295 2462 1470 2502 Darmst.
1496 2466 1538 2502 et
1556 2460 1675 2500 Gies·

217 2540 289 2576 sae,
303 2528 409 2580 apud
429 2529 571 2581 Heyer.
593 2534 632 2568 8.

278 2596 380 2633 1808
409 2591 744 2632 Grammatisches
764 2591 936 2632 Lexicon
955 2591 1055 2631 iiber
1079 2591 1155 2630 den
1174 2589 1378 2637 Phaedrus,
1405 2589 1571 2629 welches
1599 2587 1675 2640 bey

211 2657 328 2709 jeder
363 2657 485 2697 Fabel
521 2657 584 2696 die
603 2657 795 2706 Woerter,
828 2654 1096 2708 syntactische
1127 2654 1208 2694 und
1240 2652 1498 2706 prosodische
1525 2651 1673 2703 Regeln

217 2722 323 2762 nach
341 2721 411 2762 der
429 2734 631 2774 groessern
651 2719 899 2762 Grammatik
929 2731 1005 2760 von
1025 2718 1211 2765 Broeder,
1227 2717 1308 2758 und
1322 2715 1568 2757 erklaerende
1593 2717 1674 2756 An·-
