1806 3236
219 189 308 259 442'

262 319 415 360 Suspenso
422 314 516 357 pede]
539 312 619 346 Sic‘
633 311 805 353 Suspenso
817 309 926 351 gradu

218 368 378 412 placide
370 366 436 400 ire'
464 364 551 396 dixit
575 361 756 394 Terentius
775 358 927 391 Phormi-

221 430 301 461 one,
328 428 365 451 v.
389 420 423 450 6.
449 418 503 448 28.
539 412 642 445 Ovid.
668 413 764 445 Fast.
786 418 837 443 v1.
858 409 928 441 ‘Et

219 471 289 503 fert
301 475 482 509 suspensos
498 464 602 497 corde
614 463 765 495 micante
779 460 928 503 gradus?

151 516 155 519 ’
221 520 320 553 Idem
337 519 430 550 Fast.
447 525 474 548 1.
497 513 656 546 ‘Gradus
679 521 863 555 suspensus
879 510 930 542 di-

220 570 327 613 gitis!
371 568 492 609 Virgil.
518 566 613 599 Ciri:
638 565 744 597 ιἸἰιιιι
767 571 932 604 suspensa

221 624 339 653 levans
356 618 469 660 digitis
483 616 626 658 vestigia
641 614 769 656 primis.
772 611 932 645 ’Statius

223 672 349 713 Papin.
375 669 435 702 Sil.
460 668 519 700 lib.
535 676 571 699 v.
593 665 692 697 ‘Aut
715 664 841 696 leviter
865 671 935 694 sus-

223 731 331 764 penso
353 719 485 762 poplite
507 715 638 749 transi!
682 714 750 747 Sed
773 717 810 745 et
835 712 846 731 ‘
859 714 936 744 Sus-

224 781 331 814 peusa
346 769 465 802 manu’
491 767 580 800 dixit
594 763 750 798 Plinius
741 773 776 796 ιιι
800 762 936 805 Episto-

224 822 277 855 lis.
302 822 390 854 Rite.

272 872 425 913 Suspenso
458 867 551 910 pede]
613 865 743 898 Arnob.
787 863 936 896 Advers.

227 922 334 954 Gent.
358 929 394 953 v.
422 919 432 936 ‘
448 918 531 950 Ibat
560 924 688 958 pavens
715 924 756 946 ac
782 913 938 955 trepidus

229 971 384 1004 anhelitu
409 968 478 1000 oris
507 976 638 1008 presso,
667 964 839 1006 suspensis
876 972 939 1005 per

227 1020 446 1054 formidinem
469 1014 666 1059 gressibus!
711 1015 844 1056 Psyche
872 1013 940 1045 Mi-

228 1074 291 1105 les.
305 1081 341 1103 V.
364 1070 499 1102 ‘Thoro
515 1068 660 1109 delapsa
682 1066 844 1108 nudoque
866 1075 940 1097 ves-

229 1124 317 1166 tigio
333 1122 501 1164 pensilem
527 1120 670 1162 gradum
695 1118 858 1160 paulatim
879 1117 940 1149 mi-

231 1174 364 1208 nuens?
392 1175 545 1206 Pacatus
560 1173 693 1213 Paneg.
708 1171 770 1203 Th.
788 1169 831 1202 A.
855 1169 866 1188 ‘
881 1169 941 1201 Al-

231 1231 347 1259 torum
359 1225 539 1257 vulnerum
555 1222 748 1261 cicatrices,
760 1223 940 1262 postquam

233 1280 349 1308 cutem
366 1275 515 1307 sanitate
538 1270 725 1313 duxerunt,
741 1280 842 1302 mann
861 1279 941 1312 pen-

234 1326 339 1358 dente
357 1323 539 1356 tractabo:
563 1323 641 1362 Rig.

275 1378 320 1408 20
343 1374 518 1416 Prospiciat]
539 1373 647 1405 Velut
661 1376 698 1404 et
713 1371 788 1413 ipsa
803 1380 869 1402 non
886 1379 942 1402 au-

235 1426 336 1458 deret
346 1424 478 1466 egredi,
487 1434 526 1455 ae
537 1423 739 1455 observaret
751 1421 944 1453 molitiones

234 1475 403 1521 scropllae.
426 1472 607 1506 Absolute.
623 1471 730 1511 Sohes.
751 1471 832 1504 Vid.
848 1479 942 1512 supr.

237 1530 262 1559 ι.
278 1528 332 1558 17.

279 1580 322 1608 21
354 1575 513 1616 Ruinam]
550 1575 656 1606 Forte
684 1572 810 1605 Ruinae.
852 1569 946 1603 Vide

169 1657 176 1660 .
237 1627 281 1659 ad
296 1627 354 1660 lib.
370 1636 396 1659 1.
413 1627 485 1659 fab.
502 1629 555 1657 16.
580 1624 696 1657 Heius.

282 1676 430 1718 Desidet]
469 1676 542 1707 Pro
570 1674 728 1715 simplici,
755 1672 866 1712 sedet,
890 1670 947 1704 vel

240 1727 419 1766 considet;
451 1726 642 1767 eleganter,
673 1723 717 1755 ad
742 1723 949 1755 subinnuen-

240 1778 319 1809 dam
332 1776 502 1818 ignaviam
515 1784 558 1806 ex
570 1783 708 1816 pavore.
724 1774 806 1805 Ter.
820 1773 949 1814 Hecyr.

241 1831 309 1859 act.
325 1836 350 1858 1.
367 1836 414 1859 sc.
440 1828 472 1857 3.
506 1825 516 1842 ‘
533 1825 668 1856 Frustra
684 1823 743 1855 ubi
769 1826 879 1855 totum
891 1822 948 1854 de-

241 1878 315 1910 sedi
339 1876 455 1909 diemss
478 1875 585 1915 Schef.
618 1875 709 1907 Vide
722 1874 882 1907 Torrent.
905 1873 949 1905 ad

244 1930 345 1960 Suet.
363 1929 489 1960 Caesar.
506 1929 538 1959 4.

274 1982 317 2012 24
323 1976 545 2018 Proebuerunt]
554 1977 785 2009 Penultimam
794 1974 950 2016 corripit.

686 213 830 249 No'rAE
861 207 1131 246 VARmRUM
1165 213 1218 244 ΙΝ

978 312 1108 349 Sielib.
1124 324 1178 349 ιν.
1192 314 1261 349 fab.
1277 318 1330 348 15.
1338 303 1478 349 ‘Hirci
1501 299 1684 353 moerentes

980 366 1149 409 indignari
1176 367 1379 410 coeperuntf
1401 371 1439 400 ut
1465 372 1518 400 est
1541 366 1576 400 in
1597 354 1684 418 Mus.

984 417 1072 450 Gud.

1025 470 1066 500 25
1091 467 1268 510 Bilinguis]
1304 467 1500 510 Δι’·γλωσσος.
1530 466 1685 512 Hesych-

984 515 1168 557 Διχόθυμος.
1190 517 1315 560 Doppio
1329 519 1447 561 Italis.
1471 519 1532 552 sed
1545 523 1580 552 et
1591 519 1689 553 Gre-

986 567 1018 599 ci
1031 567 1156 598 διπλοῦς
1178 565 1264 609 ἀνήρ.
1300 567 1357 600 Sic
1373 558 1501 614 δῖψυχος
1515 569 1690 610 eleganter

988 615 1025 648 S.
1040 615 1174 649 Jacobo
1190 611 1262 657 Ep.
1280 624 1307 648 1.
1332 619 1365 648 8.
1393 619 1456 659 p'ro
1482 614 1692 660 dubitatae,

990 670 1030 698 ut
1045 666 1094 698 sic
1110 664 1258 707 dicam,‘
1275 665 1332 708 qni
1345 666 1497 701 mentem
1510 677 1600 701 nnnc
1606 667 1692 710 huc,

989 728 1081 751 nunc
1095 718 1220 750 dividit
1235 716 1338 750 illuc
1361 704 1501 752 PruseK.
1522 704 1637 752 Sumit
1649 728 1694 752 ex

991 768 1149 810 Virgilio,
1163 768 1220 811 qui
1236 763 1312 800 AEn.
1340 777 1367 800 ι.
1404 768 1415 787 ⁴
1429 758 1575 811 Tyrios
1603 778 1637 821 6
1638 762 1696 821 bi·

990 818 1146 860 lingues·,’
1179 818 1238 850 ubi
1282 817 1444 850 Servius:
1479 818 1492 838 ‘
1517 817 1565 852 Bi

991 868 1154 909 fallaces3
1184 876 1249 902 nec
1264 869 1355 901 enim
1371 863 1414 901 ad
1439 869 1592 910 linguam
1607 873 1698 904 retu·

991 919 1047 961 lit,
1071 920 1133 952 sed
1165 919 1207 952 ad
1238 919 1410 961 mentem!
1452 913 1698 966 Dubitato're‘pt

993 978 1162 1002 nonnemo
1177 969 1331 1017 exponit,
1349 969 1460 1002 minus
1475 972 1567 1011 apte.
1589 962 1697 1016 &Kes-

993 1021 1110 1054 Plaut.
1126 1021 1160 1053 in
1181 1021 1316 1054 Poenul.
1331 1030 1367 1054 v.
1382 1023 1414 1054 2.
1459 1012 1616 1074 ιΒίιιιῐιιί
1635 1018 1700 1055 lin-

995 1080 1074 1112 gua.
1077 1069 1228 1103 ’Heium

1041 1122 1228 1164 Concinnet]
1250 1122 1386 1155 Faber:
1406 1122 1432 1141 ‘
1448 1122 1476 1155 Ε
1488 1122 1620 1156 meliori
1625 1099 1699 1167 La-

995 1171 1058 1212 tio,
1093 1173 1278 1204 concinnare
1316 1173 1364 1204 nil
1399 1172 1490 1205 aliud
1520 1172 1586 1206 hoc
1624 1162 1700 1220 loco

995 1222 1108 1264 quam,
1137 1221 1264 1255 faeere.
1302 1222 1418 1255 Plaut.
1460 1221 1702 1264 Capt.111.4.

996 1273 1006 1290 ‘
1023 1273 1092 1307 Qui
1121 1282 1175 1305 me
1201 1273 1355 1305 insanum
1386 1273 1488 1306 dictis
1519 1274 1703 1307 concinnat

997 1322 1088 1355 suis.'
1131 1323 1176 1355 Et
1206 1323 1256 1355 sic
1286 1323 1418 1361 Nonius
1458 1323 1602 1366 exponit
1635 1323 1703 1357 aiio

996 1373 1072 1405 loco
1099 1372 1239 1406 Plauti!
1282 1372 1378 1406 Puta
1410 1377 1522 1406 tamen
1559 1373 1703 1417 amplius

998 1422 1078 1465 quid
1101 1422 1156 1455 hic
1183 1421 1372 1463 insinuare,
1390 1431 1516 1464 nempe
1536 1417 1628 1456 illuni
1652 1432 1706 1456 at-

997 1477 1068 1505 tem
1085 1471 1264 1504 subdolam
1278 1471 1465 1504 exornandi
1479 1463 1656 1510 mendacia
1668 1477 1706 1506 et

998 1521 1137 1555 fraudes
1157 1522 1272 1564 specie
1285 1522 1429 1564 egregia.
1452 1518 1556 1562 Schefi
1593 1525 1603 1542 ‘
1620 1519 1708 1558 Con-

1000 1573 1140 1605 cinnare
1156 1572 1272 1604 vinum
1284 1572 1294 1587 ’
1314 1571 1448 1604 Plinius
1464 1574 1540 1607 xiv,
1554 1568 1609 1607 20.
1642 1570 1707 1608 Ca-

1001 1627 1116 1655 tonem
1141 1622 1267 1654 dixisse
1294 1622 1470 1665 observat,
1497 1623 1588 1666 quod
1611 1620 1707 1659 varie

1001 1673 1173 1706 conditur.
1206 1673 1263 1705 Ita
1276 1672 1286 1690 ⁴
1301 1672 1513 1706 Concinnare
1525 1667 1707 1716 spoliatum

1002 1722 1153 1755 crinibus
1175 1719 1333 1762 vultum,’
1352 1725 1418 1763 est,
1429 1721 1559 1755 fictitiis
1574 1730 1708 1764 ornare,

1003 1773 1169 1805 Petronio
1185 1782 1262 1814 cap.
1281 1775 1357 1805 113.
1381 1773 1495 1806 Barm.

1045 1826 1087 1855 26
1111 1823 1237 1855 Habere
1261 1822 1378 1864 stulta]
1416 1824 1508 1866 Lege
1533 1821 1707 1856 Documen-

1002 1877 1069 1906 tum
1083 1873 1194 1906 habere
1208 1874 1263 1906 hoc
1276 1873 1349 1917 (vel
1363 1873 1422 1916 id)
1430 1875 1528 1907 stulta
1541 1874 1709 1907 credulitas

1001 1927 1115 1967 potest.
1139 1924 1260 1958 Heius.

1671 844 1697 861 2

807 2173 1067 2217 FABULA
1097 2174 1156 2216 V.

293 2312 374 2343 Item
399 2310 523 2351 Caesar]
546 2309 603 2342 Ita
615 2309 658 2342 V.
675 2309 715 2341 C.
738 2308 842 2340 Forte
865 2317 955 2349 prae-

250 2364 406 2394 cesserat
422 2359 551 2402 aliquid
564 2359 607 2391 de
624 2358 772 2390 Caesare.
795 2357 876 2397 Rig.

294 2414 312 2443 1
330 2411 392 2442 Est
406 2409 614 2450 ardelionum]
630 2407 801 2440 Martialis
819 2415 955 2449 quoque

250 2463 285 2493 in
303 2460 497 2506 ardeliones
512 2460 593 2492 lusit
605 2459 665 2492 lib.
682 2467 723 2491 ιι.
740 2462 778 2490 et
796 2466 847 2489 ιν.
862 2456 958 2488 Sido-

252 2512 328 2544 nius
343 2512 410 2552 Ep.
434 2510 496 2542 lib.
514 2520 549 2542 v.
572 2513 625 2542 20.
648 2509 657 2526 ‘
671 2508 776 2541 Multi
799 2506 959 2549 frequen-

255 2567 321 2601 ter,
337 2571 421 2604 quos
434 2560 636 2593 execrabilis
647 2557 857 2601 popularitas
873 2557 960 2598 agit,

255 2611 380 2643 civium
396 2610 559 2642 maximos
574 2619 676 2642 manu
686 2611 860 2650 prensant,
872 2615 961 2647 eque

256 2653 418 2693 consessu
446 2660 586 2702 publico
621 2658 811 2698 abducunt,
839 2666 881 2688 ac
909 2664 961 2687 se-

261 2711 446 2753 questratis
462 2711 579 2743 oscula
604 2709 807 2751 impingunt,
821 2714 962 2748 operam

260 2771 354 2793 suam
370 2760 554 2803 spondent,
570 2759 631 2793 sed
655 2768 721 2792 non
738 2757 854 2801 petiti.
898 2756 962 2789 Ut-

1010 2316 1076 2350 que
1096 2305 1286 2338 videantur
1309 2303 1345 2336 in
1375 2303 1506 2345 negotii
1526 2302 1714 2336 eommunis

1010 2356 1200 2390 assertione
1222 2355 1342 2396 legari,
1365 2353 1579 2386 evectionem
1602 2351 1715 2384 refun-

1011 2409 1107 2448 dunt,
1122 2407 1278 2448 ipsosque
1292 2409 1422 2437 sumtus
1437 2403 1528 2435 ultro
1542 2405 1715 2443 recusant,

1013 2464 1049 2492 et
1065 2459 1109 2491 ab
1133 2458 1265 2491 ambitu
1293 2457 1381 2488 clam
1407 2458 1531 2496 rogant
1554 2453 1715 2494 singulos,

1014 2514 1053 2542 ut
1068 2510 1111 2542 ab
1126 2508 1282 2541 omnibus
1308 2507 1421 2548 palam
1438 2507 1602 2545 rogentur
1612 2502 1636 2542 3'
1650 2505 1716 2536 ἁο.

1013 2560 1104 2592 Vide
1111 2556 1342 2599 Theophrasti
1355 2556 1514 2588 ctum-act.
1527 2550 1605 2595 Περὶ
1612 2556 1716 2599 Kolta·

1014 2610 1111 2650 ertias,
1122 2614 1159 2641 et
1175 2607 1249 2650 Περὶ
1264 2604 1451 2648 neaemias.
1474 2603 1552 2643 Rig-

1058 2658 1277 2699 Ardenonum]
1300 2657 1348 2689 Hi
1363 2659 1454 2696 sunt,
1476 2653 1534 2695 qui
1558 2662 1595 2684 se
1610 2652 1716 2684 omnl-

1015 2712 1080 2745 bus
1096 2710 1242 2752 negotiis
1266 2706 1480 2744 immiscent;
1514 2703 1557 2735 ab
1581 2702 1718 2734 ardendo

1018 2763 1114 2806 dicti,
1123 2760 1214 2805 quod
1224 2769 1298 2803 pro,
1307 2756 1500 2791 festinando
1510 2757 1718 2798 usurparunt
