1806 3236
193 205 278 247 1170

193 319 269 343 esse
285 314 425 352 possunt
437 315 536 353 grata
548 316 584 344 et
589 311 753 354 jucunda.
797 313 898 348 Quod

192 370 317 403 nempe
349 371 414 394 non
438 366 577 403 poterat
596 362 719 396 diebus
743 363 816 396 aliis
831 365 900 397 Eu-

193 412 324 454 tychus,
336 416 527 453 occupatus
543 413 690 453 negotiis
703 413 783 447 suis.
815 413 899 447 Gal-

192 463 234 495 lis
262 467 315 495 est
339 463 523 504 entretem‘r,
541 464 679 506 nostris,
700 464 900 508 auffwarten.

192 512 310 546 Schef.

240 563 342 596 Uxori
356 563 459 606 vaces]
484 563 601 607 Ἔργῳ,
617 565 672 598 vel
687 570 726 599 ut
744 566 899 609 loquitur

190 613 383 647 Martianus
410 614 507 647 Felix
535 615 597 648 lib.
626 625 652 648 ι.
686 617 899 650 ‘vacatione

191 664 367 698 maritali?
396 665 406 683 ‘
420 665 504 699 Rem
530 667 638 700 facias
664 668 788 702 mariti’
810 669 897 702 Fab.

191 716 350 749 Declam.
374 719 450 750 291.
472 717 623 751 ‘Officio
641 719 800 762 nuptiali'
829 721 898 754 Pe-

190 771 280 799 tron.
325 767 401 800 Nec
425 768 514 801 enim
529 769 664 803 nubunt
679 771 816 812 puellae,
832 772 900 804 nisi

190 822 230 850 ut
256 818 371 851 mariti
392 818 488 852 facto
511 821 672 854 mulieres
687 821 794 863 liant;
815 823 899 856 alias

191 879 318 902 vanum
349 870 511 903 connubii
548 881 686 914 nomen,
717 882 782 906 nec
818 874 903 906 ullae

190 921 336 962 nuptiae,
364 920 424 953 sed
447 921 646 964 nuptiarum
676 922 808 956 umbra.
838 924 899 956 Vi-

190 971 295 1006 dend.
329 971 478 1005 Achilles
514 973 641 1006 Tatius
665 983 697 1006 v.
727 975 897 1018 Leucipp.

189 1022 311 1055 Solent
333 1029 449 1056 autem
465 1024 580 1066 ignavi
596 1035 639 1057 ac
661 1025 820 1059 desidiosi
841 1027 900 1060 ho-

190 1073 298 1106 mines
309 1074 506 1117 conjugium
523 1076 620 1118 quasi
635 1077 824 1111 studiorum
837 1078 898 1111 im·

191 1124 426 1165 pedimentum
455 1126 650 1159 criminari:
679 1128 726 1160 Et
752 1129 828 1171 quis
857 1129 897 1162 li-

189 1174 342 1216 brorum,
355 1175 526 1218 inquiunt,
544 1177 628 1210 viles
638 1187 766 1211 naenias
780 1180 896 1222 legere

190 1221 300 1266 malit,
315 1237 417 1269 quam
427 1228 527 1260 uxori
536 1230 684 1261 vacare?
729 1230 804 1263 Imo
818 1241 896 1272 pro-

192 1277 247 1310 bae
262 1281 299 1310 et
313 1278 450 1319 pudicae
466 1288 590 1311 uxores
605 1279 650 1312 ad
672 1280 792 1313 Musas
811 1281 896 1314 inci-

191 1333 346 1362 tamenta
375 1333 477 1362 sunt.
501 1333 538 1362 et
566 1330 695 1373 lepide,
715 1331 795 1374 quia
815 1332 897 1364 stilo

191 1380 340 1413 maritali
366 1381 499 1414 exarari
529 1381 652 1423 solent,
672 1383 683 1400 ‘
699 1382 896 1424 pugillares?

190 1437 443 1475 nuncupantur.
487 1432 726 1467 Artemidorus
753 1435 898 1468 Oneiro-

193 1484 261 1516 erit
276 1493 318 1516 ιι.
355 1482 482 1517 Πινακὶς
512 1487 644 1525 γυναῖκα
678 1486 831 1529 σημαίνει,
849 1487 900 1520 διὰ

191 1534 230 1567 τὸ
242 1533 358 1569 τύπους
382 1537 596 1570 naun-odana&
618 1536 807 1579 γραμμάτων
835 1538 899 1570 ἐπι-

192 1585 350 1627 δέχεσθαι.
371 1586 501 1620 τούτους
520 1586 556 1620 δὲ
580 1588 614 1621 ἐν
639 1589 681 1631 τῇ
697 1587 844 1631 συνηθείᾳ
856 1588 900 1621 τὰ

191 1637 288 1671 τέκνα
316 1640 482 1680 καλοῦμεν.
524 1639 583 1672 Sic
618 1640 805 1682 Pompeius
838 1641 899 1673 Sa-

192 1690 362 1730 turninus,
392 1700 494 1732 quam
522 1691 701 1732 virginem,
735 1691 803 1724 hoc
833 1696 901 1733 est,

193 1750 328 1782 puram,
337 1742 538 1783 simplicem,
550 1742 762 1784 illiteratam,
773 1747 809 1775 et
818 1752 899 1784 qua-

194 1791 224 1823 si
240 1800 347 1823 novos
363 1791 545 1833 pugillares
568 1796 760 1833 acceperat,
785 1791 900 1824 erudi-

194 1845 266 1873 tam
279 1851 320 1873 ac
335 1841 510 1873 literatum
524 1840 623 1874 fecit.
683 1842 773 1876 Plin.
790 1843 856 1884 Ep.
872 1851 898 1875 ι.

193 1892 316 1925 Sidon..
342 1890 554 1934 Apollinaris
590 1893 657 1934 Ep.
690 1892 750 1925 lib.
771 1902 815 1925 ιι.
844 1895 898 1925 1⁰.

193 1943 391 1984 Hesperio:
414 1944 424 1961 ⁶
437 1942 535 1984 Opus
558 1947 625 1983 est,
646 1946 686 1974 ut
708 1943 782 1975 sine
802 1943 900 1976 dissi-

194 1995 378 2027 mulatione
393 1993 542 2035 lectites,
554 1993 626 2026 sine
637 1992 706 2026 fine
714 1994 898 2027 lecturias:

195 2054 306 2087 neque
320 2044 474 2086 patiaris,
489 2049 529 2077 ut
544 2049 579 2077 te
595 2044 638 2077 ab
659 2045 724 2077 hoc
747 2045 901 2088 proposi·

195 2100 232 2128 to
249 2094 451 2137 propediem
465 2094 590 2136 conjux
606 2094 744 2127 domum
752 2094 902 2128 feliciter

194 2145 352 2180 ducenda
387 2144 562 2178 deflectat.
613 2146 738 2188 Sisque
772 2145 901 2188 oppido

194 2198 396 2238 meminens,
411 2196 502 2239 quod
517 2196 596 2228 olim
608 2196 735 2228 Martia
749 2196 901 2229 Horten-

194 2249 256 2290 sio,
269 2247 432 2279 Terentia
441 2245 567 2287 Tullio,
579 2246 763 2288 Calpurnia
776 2247 902 2288 Plinio,

194 2297 395 2331 Pudentilla
407 2296 569 2339 Apuleio,
588 2296 792 2328 Rusticiana
804 2297 901 2338 Sym-

195 2348 314 2381 macho
354 2347 547 2390 legentibus
584 2346 900 2388 meditantibusque

196 2398 357 2431 candelas
396 2401 433 2430 et
469 2396 678 2430 candelabra
714 2397 901 2429 tenuerint.

197 2449 303 2482 Certe
318 2449 346 2480 si
359 2451 487 2490 praeter
507 2456 579 2479 rem
603 2447 798 2489 oratoriam,
821 2457 900 2480 con-

197 2499 356 2532 tubernio
380 2498 583 2531 feminarum
611 2497 784 2540 poeticum
806 2499 901 2540 inge-

195 2549 289 2581 nium
311 2556 348 2581 et
368 2548 436 2580 oris
450 2548 501 2580 tui
516 2548 643 2588 limam,
667 2546 899 2590 frequentium

195 2600 385 2632 studiorum
412 2598 547 2631 cotibus
565 2598 767 2640 expolitam,
782 2607 899 2641 quere-

196 2652 244 2683 ris
265 2649 422 2689 obtundi,
443 2649 677 2690 reminiscere,
699 2648 789 2691 quod
804 2657 898 2689 saepe

197 2710 331 2734 versum
366 2699 516 2742 Corinna
549 2709 627 2732 cum
663 2709 724 2732 suo
760 2699 899 2732 Nasone

197 2751 395 2793 complevit,
410 2751 537 2783 Lesbia
559 2759 637 2783 cum
660 2750 810 2792 Catullo,
833 2750 898 2782 Ce-

197 2803 315 2836 sennia
352 2812 431 2835 cnm
467 2802 654 2845 Gaetulico,
691 2801 898 2844 Argentaria

652 218 795 250 NOTAE
828 219 1090 252 vammum
1125 222 1194 255 ΙΝ,

949 324 1026 348 cum
1057 316 1207 359 Lucano,
1237 319 1385 361 Cynthia
1406 330 1482 354 cum
1501 321 1653 364 Propoe-

950 365 1009 406 tio,
1023 366 1125 400 Delia
1144 378 1220 402 cum
1241 371 1392 406 Tibullo.
1435 371 1589 405 Fruinde
1613 372 1653 405 li-

948 415 1050 458 quido
1066 417 1187 460 claret,
1196 420 1412 454 studentibus
1422 421 1575 455 discendi
1588 431 1652 465 per
1720 432 1727 435 ’

949 467 1084 508 nuptias
1114 470 1326 504 occasionem
1348 472 1463 514 tribui,
1477 467 1671 506 desidibus·

948 518 1226 554 excusationem?
1250 522 1328 562 Εἰς.

992 570 1032 600 13
1058 568 1169 601 Otium
1182 572 1236 603 des
1257 573 1392 615 corpori]
1421 575 1529 608 Cures
1555 575 1652 608 illud·

948 616 1118 652 Plinius‘
1134 621 1277 663 Corpori
1294 624 1427 656 vacare’
1453 624 1651 659 dixitinss-

948 668 1084 726 pistolis
1111 670 1176 704 hoc
1214 682 1330 715 sensu,
1352 675 1445 717 quod
1479 677 1652 719 Rigaltlnn

941 718 1014 760 jam
1030 720 1238 756 observavit.
1271 724 1441 758 Caeterum
1457 733 1496 759 ut
1506 726 1563 760 bic
1574 728 1652 760 duc

947 770 1046 803 otium
1069 773 1205 815 corpori,
1232 774 1282 807 sic
1305 775 1393 808 infra
1412 787 1445 811 c.
1459 780 1513 810 15.
1533 777 1650 812 ‘Dare

948 820 1061 853 lusum
1075 823 1211 856 animo?
1234 825 1340 865 Schef.
1387 831 1390 834 ⁴

994 871 1104 904 Otium
1128 874 1181 905 das
1202 876 1341 918 corpori]
1371 876 1414 910 Id
1439 882 1504 920 est,
1525 887 1651 922 corp-

948 930 1060 954 cures.
1083 923 1155 956 Rit.

993 972 1102 1004 ocium
1115 975 1170 1006 des
1183 985 1291 1017 corpor.-
1293 986 1316 1018 ι,
1324 980 1361 1009 ut
1371 978 1414 1010 ad
1426 987 1454 1011 ο.
1461 988 1496 1020 p.
1510 978 1557 1020 ra]
1580 978 1653 1012 Pu.-

948 1022 1023 1055 nius
1039 1024 1151 1066 Epist.
1167 1034 1193 1057 1.
1209 1029 1240 1059 9.
1252 1027 1418 1069 ‘Corpori
1433 1039 1532 1071 vaco,
1549 1030 1651 1073 enjus

947 1072 1087 1106 fulturis
1103 1075 1234 1109 animus
1247 1078 1455 1112 sustinetur!
1484 1081 1564 1122 mg.

992 1127 1032 1158 14
1058 1125 1406 1172 Ueadsuie‘tamJLeg.
1421 1130 1472 1172 ὑφ’
1486 1129 1532 1173 b,
1542 1130 1671 1165 M>

946 1178 1024 1208 tam.
1069 1177 1160 1210 Nam
1179 1182 1322 1220 perstare
1345 1181 1388 1213 cd
1407 1181 1652 1223 menum

947 1236 1068 1269 parum
1089 1229 1213 1262 Latine
1229 1230 1298 1262 dici
1312 1231 1476 1265 arbitror.
1513 1231 1566 1264 At
1576 1243 1650 1275 per·

945 1280 1031 1311 stare
1040 1279 1139 1311 vicem
1148 1280 1326 1322 eleganter
1338 1281 1482 1323 dictum,
1493 1285 1533 1315 ut
1541 1283 1553 1301 ⁴
1563 1282 1651 1315 Per-

947 1340 1105 1363 severate
1128 1332 1267 1375 aliquid’
1295 1333 1516 1375 Symmachus
1531 1338 1570 1368 et
1582 1335 1653 1368 alii.

947 1382 1101 1415 Pithoeus
1114 1387 1234 1416 tamen.
1245 1394 1288 1416 ex
1310 1385 1353 1418 V.
1369 1385 1408 1418 C.
1430 1385 1534 1421 aliam
1545 1395 1652 1419 anno-

948 1432 1036 1465 tavit
1060 1433 1256 1476 lectionem‚
1272 1438 1414 1476 praestet.
1456 1437 1521 1469 Est
1535 1441 1650 1470 autem

949 1486 1059 1516 totum
1089 1485 1153 1517 hoe
1178 1485 1391 1518 Prooemium
1405 1486 1656 1528 elegantiam

948 1534 1034 1566 satis
1061 1534 1218 1567 liberum.
1263 1536 1349 1570 Quis
1378 1536 1562 1578 Eutychu-
1584 1537 1653 1570 bie

948 1584 1066 1627 fuerit,
1092 1586 1239 1628 qualeve
1264 1585 1412 1619 officium
1437 1591 1496 1620 ant
1516 1588 1652 1630 qualem

948 1635 1058 1667 vicem
1072 1635 1107 1667 in
1122 1637 1200 1669 aula
1213 1637 1345 1671 Tiberii
1354 1637 1566 1680 sustinuerit,
1583 1647 1660 1684 non!

947 1686 1057 1718 habeo
1070 1691 1298 1729 compertum.
1336 1689 1497 1722 Fortasse
1507 1689 1652 1723 libertus

949 1736 1070 1778 aliquis
1087 1742 1210 1778 potens
1232 1737 1301 1770 fuit
1314 1739 1351 1771 in
1366 1740 1447 1771 aula¹
1458 1739 1548 1782 Imp.
1562 1745 1603 1773 ut
1614 1744 1669 1774 eta-1

948 1785 992 1818 de
1008 1786 1228 1819 Particulone
1244 1791 1281 1819 et
1305 1788 1351 1820 de
1365 1789 1474 1822 Filito
1485 1790 1653 1832 suspicari

947 1835 1047 1877 libet,
1077 1846 1162 1878 quos
1189 1836 1281 1869 infra
1310 1839 1508 1880 compellat.
1553 1841 1655 1874 Facit

949 1886 1085 1928 quidem
1094 1887 1265 1929 Josephus
1276 1888 1360 1921 Ant.
1373 1889 1454 1922 Jud.
1468 1890 1529 1923 lib.
1542 1899 1654 1925 xvru.

949 1937 1093 1970 duorum
1106 1938 1315 1971 mentionem
1327 1939 1531 1973 libertorum
1543 1944 1582 1974 et
1593 1950 1654 1977 au-

949 1988 1111 2030 rigarum,
1127 1988 1248 2031 quibus
1269 1990 1439 2032 Eutychis
1459 2000 1584 2024 nomen
1598 1990 1667 2024 fu-¹

949 2039 990 2072 it.
1034 2039 1101 2072 Sed
1123 2049 1238 2072 eorum
1260 2040 1421 2072 alterutri
1434 2041 1544 2074 baeea
1555 2041 1654 2075 Phe-

950 2089 1012 2121 dro
1028 2089 1157 2131 scripta
1182 2088 1301 2132 fuisse,
1323 2091 1379 2124 vix
1400 2091 1507 2124 mim
1523 2092 1653 2126 dicere·

950 2139 1022 2172 Rit.

992 2190 1144 2232 Praestee]
1170 2191 1280 2225 Vicera
1292 2192 1406 2234 posuit
1421 2202 1485 2235 pro
1499 2202 1653 2227 munere.

950 2241 1007 2274 Ita
1024 2242 1156 2275 Tacitus
1170 2242 1310 2285 Explere
1331 2244 1430 2275 vicen
1457 2243 1502 2276 de
1519 2243 1576 2286 iis,
1595 2245 1654 2287 qni

950 2298 1122 2335 peragunt
1145 2304 1198 2334 ea,
1219 2304 1295 2336 quae
1323 2298 1404 2326 sunt
1426 2295 1478 2327 sni
1504 2296 1654 2328 muneris

950 2342 1018 2376 An.
1032 2353 1080 2377 1v.
1096 2347 1128 2376 8.
1150 2345 1292 2378 Vestram
1309 2354 1466 2386 meamque
1486 2345 1587 2378 vicen
1597 2355 1653 2379 ex-

947 2396 1042 2436 plete.
1086 2396 1247 2427 Praeseare
1280 2399 1347 2436 est,
1371 2405 1551 2437 peragere.
1594 2396 1653 2429 Sic

951 2446 1074 2478 Cicero
1085 2445 1095 2463 ‘
1105 2446 1233 2478 Munus
1245 2456 1341 2478 suum
1352 2446 1530 2487 praestare
1543 2446 1578 2478 ln
1594 2447 1652 2479 De

952 2495 1052 2527 Orat.
1080 2494 1191 2527 Schef.
1234 2496 1328 2536 Lege
1348 2499 1489 2536 pressea.
1525 2496 1573 2527 Et
1601 2496 1651 2528 sie

950 2546 992 2578 V.
1005 2546 1045 2578 C.
1056 2546 1195 2579 Pithoei.
1205 2546 1273 2578 Vel
1287 2546 1378 2586 lege,
1385 2548 1515 2586 perstet.
1527 2545 1652 2585 Heius.

954 2595 1058 2627 Vicem
1082 2595 1138 2627 hic
1165 2596 1377 2636 interpretor
1402 2604 1590 2636 regressum
1606 2596 1651 2629 ab

949 2646 1019 2678 otio
1046 2645 1090 2677 ad
1117 2655 1259 2685 munus;
1300 2646 1364 2677 hoc
1394 2645 1483 2676 enim
1511 2647 1652 2688 proprie

948 2699 1045 2728 notat
1071 2705 1149 2736 vox,
1169 2705 1247 2727 cum
1268 2696 1475 2728 alternemus
1490 2699 1528 2728 et
1542 2701 1663 2730 πωπω..

948 2756 1022 2779 mus
1039 2756 1092 2779 res
1111 2751 1148 2779 et
1163 2745 1311 2787 negotia.
1340 2745 1410 2787 Ita,
1425 2746 1508 2778 licet
1523 2746 1568 2779 de
1585 2747 1651 2780 alia

949 2808 1000 2840 re,
1014 2797 1136 2843 Horat,
1159 2796 1228 2831 Od.
1255 2806 1311 2830 111.
1336 2799 1390 2829 29.
1416 2797 1528 2829 Grutoe
1542 2796 1651 2829 diuiti-
