1806 3236
199 190 318 234 440

229 295 344 330 enim?
367 295 519 329 nescisse
539 295 613 329 haec
634 296 932 338 grammaticorum

227 345 509 388 Agamemnona?
553 347 595 379 In
609 346 801 380 refellendo
817 351 932 380 autem

227 396 375 439 homine,
387 398 551 439 exemplis
565 407 715 440 parcam,
729 400 837 433 tribus
851 412 932 435 con·

227 451 358 489 tenum,
374 448 435 480 sed
450 448 501 480 ita
515 448 747 492 ἀναμφιβόλως,
766 458 804 483 ut
819 453 931 485 nullus

227 496 346 538 effugii
370 498 465 530 locus
490 499 535 531 sit
558 499 707 541 futurus,
737 511 873 544 quoquo
894 513 931 535 se

225 552 350 580 vertat.
393 548 471 582 Hoc
494 550 639 591 primum
660 550 787 593 fateor,
812 563 930 586 secun-

226 598 305 631 dam
333 600 497 640 syllabam
524 601 559 633 in
585 603 649 635 liae
680 613 764 635 voce
790 603 930 637 brevem

225 650 430 694 quaudoque
442 662 529 695 esse,
543 654 633 696 quod
644 658 681 687 et
691 655 788 696 pueri
799 656 930 697 sciunt,
921 668 929 676 ·

224 700 286 733 sed
303 702 385 744 quin
400 703 503 744 longa
518 714 653 747 quoque
668 705 728 746 sit,
751 716 864 748 nemo,
890 711 930 740 ut

224 750 360 794 opinor,
383 752 570 795 dubitabit,
585 756 652 787 nisi
667 757 721 788 vel
737 757 930 799 imperitus,

223 801 281 832 vel
301 802 337 833 in
354 802 498 844 legendo
518 805 718 847 negligens;
739 817 841 848 quam
857 809 929 850 opi-

221 851 359 884 nionem
386 854 488 896 longe
523 865 545 887 a
581 865 618 887 se
657 862 803 889 amotam
833 859 931 901 cupit

222 901 428 946 Schoppius.
486 905 545 938 Sic
583 906 690 947 igitur
727 909 927 942 Terentius.

222 948 234 971 ‘'
251 954 380 986 Verum
393 955 452 988 ubi
464 956 597 990 videbit
608 962 722 992 tantos
735 960 800 992 sibi
815 971 928 1002 sump-

222 1006 279 1036 tus
300 1004 391 1037 domi
407 1007 633 1041 Quotidiauos
648 1009 740 1052 fieri,
762 1020 828 1043 nec
851 1010 927 1043 fieri

222 1054 386 1086 modum.’
445 1057 537 1091 Quid
568 1062 683 1091 autern
722 1060 765 1094 P.
794 1061 925 1103 Syrus?

221 1104 231 1122 ‘
249 1106 412 1139 Quotidie
436 1107 618 1141 damnatur
644 1110 701 1152 qui
724 1120 861 1152 semper
884 1112 927 1144 ti-

222 1156 316 1189 met!
360 1158 453 1191 Quid
465 1159 556 1191 istud
570 1160 716 1193 alterum
727 1171 772 1193 ex
783 1161 926 1195 eodem?

221 1207 231 1225 ‘
245 1206 411 1240 Quotidie
423 1212 478 1240 est
489 1209 639 1247 deterior
648 1212 819 1252 posterior
830 1211 927 1245 dies.'

220 1256 312 1289 Haec
327 1257 509 1291 observare
523 1260 688 1293 decuerat
708 1262 928 1305 Schoppium,

219 1317 287 1340 non
303 1311 418 1340 autem
435 1318 476 1341 ea
500 1311 766 1353 reprehendere,
788 1323 865 1355 quae
878 1314 927 1355 ig-

219 1363 372 1391 noraret.
394 1359 509 1392 Faber.
554 1360 613 1393 Sic
626 1366 743 1394 noster
757 1363 816 1395 lib.
829 1373 880 1396 1v.
894 1367 925 1397 2.

220 1408 257 1441 in
283 1410 370 1451 prol.
413 1409 423 1426 ‘
440 1411 530 1442 Nam
556 1411 630 1443 vita
658 1412 760 1445 morti
785 1414 926 1455 propior

221 1463 276 1492 est
290 1459 468 1502 quotidie)
486 1496 491 1503 ,
512 1460 602 1494 Vide
613 1462 667 1495 hic
679 1463 925 1505 Hoogstratani

216 1514 333 1543 notas.

261 1563 284 1593 9
307 1561 510 1604 Insidiosum]
539 1564 720 1598 Quomodo
743 1565 925 1599 insidiosam

218 1621 344 1653 aprum,
359 1622 438 1645 cum
452 1623 566 1648 sermo
581 1615 626 1647 sit
641 1615 683 1648 de
697 1626 751 1648 sue
764 1615 924 1649 foemina?

220 1662 315 1695 Puto
330 1672 442 1704 aprum
457 1673 532 1696 esse
545 1674 587 1696 ex
602 1675 642 1698 eo
667 1675 809 1708 genere,
832 1667 923 1709 quod

219 1717 347 1745 vocant
361 1714 564 1756 epicoenum,
577 1715 666 1748 sicut
680 1718 791 1758 mulus,
804 1727 925 1759 corvus,

219 1766 257 1795 et
270 1763 485 1804 hujusmodi3
508 1769 612 1806 atque
628 1766 707 1798 ideo
723 1765 825 1798 effert
838 1776 924 1798 mas-

220 1813 347 1854 culine,
387 1814 470 1846 licet
494 1813 668 1848 foeminine
698 1816 922 1858 intelligatur.

219 1863 278 1895 Ita
291 1863 456 1905 Virgilius
471 1864 531 1898 lib.
547 1875 588 1897 11.
610 1866 728 1908 lupum
742 1868 922 1910 usurpavit

217 1913 398 1947 foemiuino
412 1925 551 1958 genere,
565 1917 667 1949 Ennii
682 1919 852 1960 exemplo,
878 1919 921 1951 de

221 1973 288 2006 quo
303 1963 350 1997 ibi
364 1964 515 1998 Servius.
549 1967 596 1999 Et
611 1966 743 1999 Plinius
760 1967 803 1999 de
815 1968 921 2001 vitulo

218 2014 350 2048 marino
363 2015 506 2057 loquens
521 2015 581 2048 lib.
597 2025 649 2050 IX.
663 2020 694 2048 3.
717 2017 728 2035 ‘
745 2017 815 2050 Hie
830 2018 922 2060 parit

219 2064 257 2096 in
273 2068 367 2096 terra
379 2067 399 2096 ι’
431 2068 469 2096 et
489 2064 549 2098 lib.
564 2073 600 2097 x.
624 2068 678 2098 51.
703 2066 713 2084 ‘
732 2067 810 2099 Mus
823 2068 922 2101 mari-

219 2124 284 2146 nus
304 2115 395 2156 parit
410 2114 497 2147 ova-⁹
540 2116 784 2158 Fragmentum
799 2118 923 2151 Petro-

218 2165 270 2197 nii
284 2166 558 2207 Tragurianum:
583 2167 593 2185 ‘
610 2167 771 2200 Secutum
792 2170 922 2210 reposi-

219 2215 360 2256 torium,
385 2215 420 2248 in
435 2225 503 2258 quo
530 2217 661 2258 positus
687 2222 764 2250 erat
788 2228 872 2260 aper
886 2223 922 2252 et

220 2266 359 2308 quidem
389 2267 559 2307 pileatus:
596 2267 689 2299 circa
718 2272 834 2301 autem
860 2269 921 2301 mi-

218 2325 320 2348 nores
335 2317 480 2358 porcelli
493 2317 670 2358 scropham
683 2326 760 2350 esse
774 2319 922 2360 positam

219 2366 483 2409 significabant!
504 2367 611 2407 Schefi
655 2368 709 2400 De
718 2368 771 2400 his
785 2370 919 2410 plenius

221 2418 351 2459 agimus
378 2417 423 2450 ad
446 2418 564 2450 Valer.
597 2417 692 2450 Flac.
721 2426 772 2451 v1.
803 2421 856 2452 70.
881 2424 920 2453 et

219 2472 296 2503 84⁷.

265 2519 435 2560 Quercum]
458 2518 620 2560 Elliptica
633 2518 756 2560 oratio,
781 2528 824 2551 ex
839 2529 918 2552 con-

219 2561 402 2603 suetudine
424 2569 658 2601 metuentium.
702 2569 845 2610 Integra
868 2569 918 2602 sic

221 2629 258 2652 se
274 2619 440 2651 haberet:
463 2618 535 2650 Per
558 2618 604 2658 id,
632 2618 722 2660 quod
749 2618 844 2650 vides
868 2618 918 2651 fo-

221 2669 317 2710 dere,
328 2670 402 2701 vult
415 2673 586 2709 evertere,
612 2669 635 2701 i.
647 2678 678 2702 e.
691 2669 757 2701 hoc
771 2673 825 2701 est
841 2679 918 2710 pro·

221 2721 369 2761 positum
382 2720 454 2762 ejus
468 2719 614 2761 negocii,
629 2719 719 2762 quod
734 2719 826 2752 vides
841 2729 917 2753 eam

220 2772 428 2812 suscepisse.
471 2771 543 2804 Per
555 2779 631 2802 eam
641 2769 822 2803 fossionem
833 2771 918 2812 vult,

221 2822 286 2854 &c.
307 2822 445 2854 Terent.
459 2821 546 2855 Eun.
560 2829 611 2854 ιν.
633 2823 665 2854 2.
687 2819 697 2838 ‘
712 2820 812 2864 Sane,
827 2821 917 2863 quod

692 202 835 235 No'rAE
868 203 1091 238 VARIORU
1100 206 1134 237 M
1167 207 1219 239 ΙΝ

982 298 1047 332 tibi
1063 298 1154 333 nuuc
1167 299 1221 333 vir
1235 301 1395 336 videatur
1407 312 1482 338 esse
1496 305 1564 350 luc,
1578 306 1686 342 nehu-

981 348 1016 381 lo
1030 358 1174 391 magnus
1189 351 1266 384 est.¹
1287 352 1393 394 Scires.

1025 402 1066 432 10
1089 400 1130 432 In
1149 401 1259 443 plano]
1289 403 1411 445 Epigr.
1436 405 1495 439 lib.
1515 415 1542 439 1.
1568 410 1602 440 5.
1625 410 1682 441 ⁸⁸.

981 449 991 467 ‘
1006 449 1050 482 In
1075 451 1178 491 plano
1204 455 1264 484 tua
1287 453 1333 485 sit
1357 463 1492 496 semper
1517 456 1682 490 fortuna!

980 499 1113 531 Seneca
1141 500 1224 533 Nat.
1252 503 1384 536 Quaest.
1408 514 1460 536 vr.
1489 508 1523 539 2.
1558 505 1682 539 ‘Mors

979 549 1089 582 levior
1107 549 1143 580 in
1166 550 1267 592 plano
1287 556 1341 585 est
1349 553 1372 585 ?'
1398 553 1559 596 Planum,
1578 555 1682 589 erlve-

980 601 1044 640 δον,
1059 599 1187 640 ὁμαλόν.
1209 601 1220 618 ‘
1238 601 1386 646 Planata
1399 604 1566 648 aedifieia;
1589 606 1681 651 min.

979 652 989 670 ‘
1004 652 1115 684 Plano
1124 651 1214 693 pede
1226 652 1409 695 instituta,’
1421 655 1590 696 Vitruvio.
1599 655 1683 692 vid.

979 702 1026 759 Β.
1057 702 1210 735 Brisson.
1255 702 1300 735 de
1342 703 1450 738 V.erb
1492 705 1563 749 Εἰς.
1596 715 1679 743 xlv.

1025 802 1210 844 Opprimat]
1229 802 1378 846 Appone
1397 782 1584 841 mamacas
1593 817 1680 850 my-

977 852 1050 893 μήν.
1083 853 1155 886 Rit.

1022 907 1061 938 11
1089 891 1219 937 Terrore
1233 904 1348 947 effuso]
1372 906 1409 938 F.
1423 906 1536 950 offiano,
1546 897 1586 942 ut
1597 908 1682 943 dicia

976 965 1064 997 mus,
1088 956 1272 990 ‘’nebulas
1289 957 1345 989 vel
1365 957 1375 975 ‘
1391 958 1594 1000 caliginem'
1621 961 1679 994 vel

977 1009 987 1026 ‘
1004 1006 1166 1040 tenebras
1182 1006 1387 1040 offundere.'
1412 1008 1484 1042 Rie.
1666 1029 1669 1044 1

1020 1048 1149 1099 Effusa]
1171 1058 1275 1099 Lege,
1296 1057 1409 1099 offuso,
1431 1062 1472 1092 ut
1487 1059 1678 1106 Bithershu—

975 1106 1043 1138 sius
1059 1110 1095 1138 et
1110 1106 1314 1140 Gronovius.
1342 1107 1428 1142 Gud.
1664 1136 1669 1143 .

1019 1155 1150 1197 Effusa]
1172 1151 1431 1190 Pei-tractatum
1455 1158 1520 1191 hoc
1535 1164 1601 1202 est,
1625 1170 1678 1196 ιο,-

975 1207 1048 1239 lere
1070 1208 1195 1240 multas
1220 1218 1241 1240 a
1265 1208 1440 1251 quadrigis
1462 1210 1506 1243 ad
1521 1210 1677 1245 adfectus

975 1257 1079 1289 animi
1106 1258 1310 1291 tralationes
1337 1258 1432 1302 fingi.
1497 1261 1676 1295 Dicuntur

975 1307 987 1326 ‘
1003 1306 1120 1341 effusae
1157 1309 1356 1351 quadrigae,’
1400 1320 1479 1342 cum
1519 1310 1678 1345 feruntur

975 1368 1082 1400 prono
1106 1359 1235 1402 impete
1253 1360 1505 1404 quadrupedes,
1523 1371 1590 1400 ,nec
1615 1373 1675 1396 au-

974 1408 1027 1441 dit
1054 1419 1176 1445 currus
1208 1410 1371 1444 habenas.
1427 1412 1498 1453 Sic,
1531 1414 1541 1430 ‘
1542 1411 1677 1449 Effusa

974 1459 1119 1501 laetitia‚’
1144 1460 1208 1492 nisi
1225 1461 1306 1503 quid
1331 1460 1447 1503 fallor,
1472 1463 1564 1504 apud
1578 1462 1675 1505 Apu,

975 1510 1093 1543 leium:
1133 1511 1144 1529 ⁴
1160 1510 1297 1545 Effusas
1326 1511 1437 1554 risus,'
1473 1516 1511 1545 et
1540 1513 1676 1553 similia,

975 1560 1094 1594 Quare
1117 1561 1390 1595 emendationem
1413 1566 1521 1603 tuam,
1546 1562 1677 1602 mtter-

972 1611 1078 1653 shusi,
1104 1621 1238 1653 vereor,
1262 1616 1301 1644 ut
1315 1612 1472 1655 cuiqnam
1497 1613 1582 1646 satis
1596 1623 1676 1656 pro-

974 1661 1056 1694 bare
1080 1662 1219 1703 possim.
1253 1662 1381 1704 Schiop.
1426 1660 1674 1699 Rittershusius

975 1715 1011 1744 et
1039 1711 1210 1743 Meursius
1235 1711 1337 1753 offuso
1364 1713 1498 1754 legunt,
1532 1723 1675 1756 quorum

973 1763 1183 1795 senteutiam
1196 1772 1258 1795 suo
1273 1761 1435 1805 suffragio
1448 1763 1564 1796 firmat
1585 1758 1674 1806 opti]-

973 1821 1047 1844 mus
1076 1811 1271 1844 Gronovius
1301 1812 1427 1845 Obser.
1453 1813 1514 1846 lib.
1540 1823 1592 1846 w.
1616 1817 1673 1857 al.

971 1861 1101 1894 frustra
1115 1866 1327 1903 repugnante
1341 1863 1524 1905 schoppio.
1556 1864 1674 1897 Verba

973 1911 1063 1942 enim
1076 1910 1151 1943 haec
1166 1920 1233 1943 non
1256 1910 1359 1944 felem
1382 1913 1587 1957 respiciunt,
1610 1913 1673 1957 sed

973 1961 1133 2003 aquilam,
1155 1965 1194 1993 ut
1207 1961 1252 1994 sit
1264 1971 1401 1995 sensus:
1425 1962 1609 2006 Postquam
1623 1963 1674 1997 its

973 2010 1061 2043 feles
1074 2011 1196 2053 aquilae
1206 2010 1387 2044 offudisset
1399 2015 1578 2057 terrorem,
1587 2013 1674 2054 qius-

974 2071 1040 2103 que
1066 2061 1305 2103 perturbasset
1327 2071 1455 2095 sensus.
1501 2061 1676 2104 Offindere

972 2115 1123 2145 terrorem
1143 2111 1394 2154 elegantissime
1416 2111 1591 2154 dicuntur,
1608 2113 1674 2155 qui

974 2172 1017 2194 ex
1041 2162 1226 2204 improviso
1243 2166 1409 2195 terrorem
1434 2162 1608 2204 ingentem
1623 2162 1673 2196 af-

972 2211 1100 2245 ferunt.
1145 2213 1220 2247 Liv.
1245 2212 1306 2244 lib.
1333 2220 1466 2245 xxvm.
1500 2211 1512 2230 ⁶
1528 2209 1672 2247 Offusus

972 2268 1085 2296 terror
1098 2263 1206 2295 oculis
1219 2261 1446 2304 auribusque!
1473 2261 1587 2304 Atque
1595 2262 1673 2298 haee
1690 2286 1699 2292 .

972 2318 1025 2346 est
1071 2313 1175 2346 etiam
1219 2311 1442 2344 Freinshemii
1484 2311 1672 2349 sententia.

971 2361 1076 2401 Schef.
1119 2363 1212 2404 Lege
1234 2361 1346 2403 offuso.
1378 2361 1494 2394 Valet.
1510 2361 1600 2394 Flac.
1616 2369 1669 2394 w.

969 2414 1044 2445 482.
1066 2412 1076 2430 ‘
1092 2413 1139 2445 Et
1168 2411 1287 2445 offusae
1314 2411 1428 2444 media
1452 2412 1545 2444 inter
1573 2410 1671 2444 dicta

968 2462 1148 2496 tenebrae!
1204 2461 1405 2495 Tollendum
1431 2464 1602 2503 praeterea
1627 2459 1669 2492 τὸ

966 2516 1011 2553 et,
1033 2517 1070 2545 et
1081 2512 1278 2554 legendum,
1293 2511 1421 2544 Terrore
1433 2510 1533 2552 ρθὶωιι
1542 2513 1669 2560 pertur-

967 2562 1049 2595 batis
1061 2562 1206 2597 sensibus.
1249 2560 1407 2601 Sensibus,
1431 2569 1555 2601 nempe
1571 2560 1668 2602 aqui-

967 2612 1011 2653 lae
1028 2611 1137 2644 offuso
1154 2611 1298 2643 terrore.
1321 2610 1436 2645 Heius.
1458 2608 1667 2651 Vid.Ampl.

968 2663 1094 2703 Cuper.
1116 2661 1201 2694 Obs.
1223 2671 1267 2694 11.
1288 2664 1320 2693 6.
1362 2660 1420 2693 Sic
1436 2659 1527 2701 apud
1548 2660 1669 2694 Front.

966 2713 1120 2754 Strateg.
1136 2721 1178 2745 ιι.
1200 2715 1232 2744 4.
1257 2714 1290 2744 3.
1323 2711 1334 2729 ‘
1349 2711 1490 2752 Species
1515 2711 1667 2753 ingentis

967 2762 1194 2796 multitudinis
1210 2761 1316 2794 offusa
1330 2767 1385 2794 est
1398 2761 1552 2793 hostibus
1561 2761 1584 2794 :'
1606 2761 1668 2797 ubi

968 2816 1004 2846 et
1027 2813 1062 2846 iu
1077 2812 1152 2846 aliis
1163 2811 1340 2846 codicibus
1354 2815 1411 2844 est
1423 2810 1542 2853 effusa.-
1564 2810 1615 2845 sic
1628 2814 1667 2844 et
