1806 3236
230 226 317 270 392

230 333 344 375 paullo
368 335 458 374 post,
482 332 492 350 ‘
508 331 604 364 Jecit
627 331 743 364 humi!
787 330 867 364 Vid.
889 331 934 364 ud

229 383 372 415 Metam.
400 391 452 414 1v.
476 385 551 415 121.
579 386 615 414 et
638 381 758 414 Heius.
781 381 826 414 ad
854 383 933 415 Vel.

227 435 322 468 Flac.
339 444 366 467 1.
381 437 457 466 ⁷10.
473 434 594 466 'Bur-m.

270 483 394 524 Humo]
417 484 487 515 Pro
503 484 617 517 Humi.
654 484 741 518 Ritt.
778 522 782 524 μ

270 535 405 568 Flebiles
426 535 564 576 gemitus
578 534 678 576 ciens]
712 536 829 568 Venus
841 535 934 578 apud

228 586 432 619 Coluthum:
456 585 625 624 ψιλότητος
645 586 720 626 ἐμῆς
732 586 805 627 ἐμὸν
815 585 936 628 οἶστρον

227 636 354 668 &navem
377 635 534 669 Πολλάκις
554 635 703 680 ὠδίνουσι,
724 636 775 670 καὶ
790 636 826 670 οὐ
845 636 935 676 θνήσ-

225 699 311 719 κουσι
324 689 480 728 γυναῖκες.
509 688 590 729 Rig.

271 738 416 771 Gemitus
431 738 530 781 ciens]
552 739 618 772 Ms.
635 739 758 780 gemitu
782 740 934 773 venciens-

228 788 321 821 Gud.

268 843 288 872 4
317 840 390 882 Vir]
418 840 478 874 Vir
498 851 560 883 pro
575 842 714 882 marito,
741 841 934 874 absolutum

224 900 287 932 pro
303 891 462 932 relativo,
477 901 544 934 quo
563 892 637 924 fere
652 892 734 925 nihil
751 893 934 935 quicquam

225 942 316 983 apud
330 942 493 974 Plautum
506 941 735 986 frequentius.
781 943 840 976 Sic
854 943 936 976 Am-

223 991 331 1033 phitr.
353 992 364 1010 ‘
377 993 468 1024 Tuus
484 1002 548 1035 ego
564 994 616 1025 vir
631 1003 703 1026 sum
717 993 739 1026 ?'
768 993 937 1026 Similiter

225 1043 318 1085 apud
347 1043 494 1076 eundem
529 1045 640 1077 mulier
679 1045 837 1087 alicujus,
873 1055 937 1087 pro

223 1103 344 1134 uxore,
357 1094 494 1135 saepius.
527 1095 585 1128 Sic
601 1095 779 1138 Penelope
794 1096 837 1128 ad
850 1097 935 1128 Pro·
962 1129 964 1131 ,

225 1154 283 1177 cos
298 1145 341 1177 de
358 1145 462 1177 Ulixe
479 1155 552 1186 suo,
579 1147 612 1178 in
635 1146 744 1178 libero
760 1148 910 1179 carmine
924 1158 932 1179 ε

225 1197 235 1213 ‘
251 1196 318 1230 Qui
343 1197 503 1238 quoniam
526 1197 645 1238 periit,
672 1197 771 1229 modo
803 1207 860 1230 vos
885 1199 934 1230 in-

224 1247 356 1280 tendite
371 1248 544 1290 :.qualem
566 1248 653 1279 Esse
675 1247 786 1279 virum
809 1248 933 1289 sciero,

223 1299 277 1330 vir
300 1298 346 1330 sit
369 1302 407 1330 ut
429 1298 488 1330 ille
520 1298 636 1331 meus!
670 1298 816 1340 Schiopp.
861 1299 932 1331 Sae-

224 1348 363 1391 pissime
373 1358 415 1380 ea
426 1347 675 1390 significatione
685 1349 829 1382 Ovidius
841 1359 934 1382 usur-

224 1403 299 1441 pat.

267 1452 388 1493 Corpus
399 1451 565 1493 reciperet]
587 1453 672 1492 Pro,
687 1455 726 1484 ut
742 1452 930 1493 reciperet.

174 1503 179 1509 “
222 1502 374 1544 Recipere
387 1513 497 1544 corpus
509 1504 599 1543 lecto,
620 1506 659 1534 ut
674 1503 684 1520 ‘
702 1502 856 1544 recipere
871 1503 931 1534 ali-

223 1562 324 1595 quem
339 1553 463 1595 domo‚'
487 1554 498 1571 ‘
513 1553 607 1592 lare,'
625 1557 661 1585 et
678 1553 812 1586 similia.
852 1554 932 1585 Cor-

218 1613 280 1645 pus
295 1603 385 1636 lassa
399 1608 435 1636 et
449 1602 640 1646 defatigata
661 1603 816 1636 membra
830 1603 932 1645 signi-

221 1652 314 1686 ficat.
338 1654 384 1686 Et
399 1654 447 1686 sic
461 1654 586 1686 Seuec.
603 1654 710 1687 Herc.
725 1655 799 1687 OEt.
815 1654 825 1673 ‘
838 1654 930 1690 Red-

220 1704 304 1737 dere
317 1715 442 1747 corpus
455 1705 594 1738 morbo!
616 1705 720 1743 Scires.
764 1706 929 1747 Propert.

220 1755 320 1797 Eleg.
334 1765 376 1788 11.
392 1759 446 1789 24.
469 1757 479 1774 ⁶
494 1757 599 1788 Nulla
621 1760 737 1788 tamen
764 1757 856 1788 lecto
874 1766 929 1788 re-

219 1806 307 1847 cipit
321 1816 358 1838 se
371 1807 442 1838 sola
453 1806 622 1839 libenter!
667 1807 760 1847 Nep.
776 1807 928 1840 Hannib.

220 1859 273 1889 11.
293 1856 305 1874 ‘
315 1857 462 1898 Eodem,
482 1857 569 1890 unde
594 1857 696 1898 ierat,
714 1866 751 1889 se
766 1857 927 1899 recepit!

181 1943 184 1946 Δ
220 1907 334 1939 Burm.

262 1961 282 1990 5
308 1958 396 1990 Onus
416 1958 553 1999 παίω-ιε]
585 1958 595 1977 ‘
609 1958 751 1991 Pondus
773 1959 928 1992 naturae'

218 2007 309 2040 dixit
333 2007 538 2049 Propertius
566 2008 664 2051 Eleg.
696 2018 748 2041 lv.
773 2011 806 2042 7.
843 2010 926 2042 Nev.

218 2058 391 2091 Arnobius
402 2059 412 2078 ‘
423 2059 629 2091 Intestinum
641 2060 773 2101 pondus
781 2060 790 2074 ’
804 2064 925 2093 vocat:

218 2110 274 2142 alii
285 2110 397 2151 aliter,
409 2120 474 2142 ceu
489 2110 605 2142 videre
615 2110 699 2143 licet
710 2111 802 2153 apud
815 2112 925 2145 Henr.

191 2191 194 2193 ,
216 2161 382 2194 Salmuth.
397 2161 441 2193 de
455 2162 536 2195 Vet.
549 2167 621 2195 nat.
638 2163 707 2194 ritu
723 2172 756 2204 p.
771 2165 804 2195 8.
832 2162 928 2196 Infra

218 2222 352 2254 quoque
367 2212 377 2230 ‘
391 2212 504 2245 Onus’
527 2217 564 2245 et
586 2216 595 2232 ⁴
609 2213 772 2246 Sarcina’
790 2213 928 2257 dicitur,

217 2261 287 2295 fab.
297 2265 351 2295 54.
374 2263 509 2295 Pru-sch.
555 2263 648 2295 Num
675 2263 840 2305 intelligit
865 2264 926 2296 im-

217 2314 368 2356 positum
393 2324 413 2346 a
439 2319 573 2354 natura,
599 2324 644 2346 an
670 2314 784 2356 potius
808 2319 925 2356 partes

216 2364 401 2398 muliebres
416 2374 480 2406 per
493 2368 639 2397 naturum
649 2364 785 2397 innuit?
806 2365 926 2398 Poste-

216 2414 300 2447 riori
314 2415 414 2447 modo
430 2415 560 2458 dictum
578 2419 671 2447 esset
688 2416 775 2447 Onus
787 2419 926 2457 natum,

216 2465 307 2497 sicut
329 2466 338 2483 ‘
351 2465 449 2497 Onus
461 2465 613 2506 ventris,¹
627 2474 664 2498 et
679 2466 688 2484 ‘
703 2465 799 2498 Onus
817 2466 923 2499 uteri’

219 2515 309 2557 apud
328 2515 431 2548 Ovid.
486 2516 555 2548 Sed
590 2516 682 2549 forte
712 2517 842 2549 rectior
871 2522 925 2550 est

217 2567 419 2608 conjectura
434 2567 512 2599 nob.
534 2568 680 2606 Heinsii,
695 2571 853 2600 maturum
867 2568 923 2600 hic

216 2617 377 2667 legentis,
392 2621 429 2649 ut
450 2617 540 2658 apud
559 2616 662 2650 Ovid.
678 2618 770 2649 Faut.
785 2626 827 2650 11.
843 2620 921 2649 453.

216 2668 225 2684 ‘
242 2667 483 2710 Maturumque
514 2672 611 2699 utero
640 2667 790 2700 molliter
825 2667 923 2700 aufer

217 2717 325 2754 onus!
349 2717 455 2757 Sches.
499 2718 582 2759 Leg.
610 2721 775 2750 maturum.
817 2718 922 2751 Solin.

216 2770 226 2787 ⁴
241 2769 404 2804 Decimus
421 2770 545 2803 mensis
560 2773 732 2804 maturum
746 2768 831 2803 facit
845 2779 923 2812 par-

693 238 836 270 No'rAE
869 237 1141 271 vARloRUM
1176 238 1228 270 IN

985 332 1093 366 tum!
1105 333 1219 365 Heius.
1267 333 1421 366 Firmare
1435 337 1576 376 possent
1586 332 1696 369 Heni·-

984 383 1026 415 sii
1042 383 1276 425 conjecturam
1305 385 1415 418 Focas
1442 385 1477 417 in
1494 385 1565 418 vitu
1583 384 1695 428 vmi-

984 433 1042 466 lii:
1067 434 1177 467 ‘Haec
1202 444 1280 467 cum
1309 439 1444 467 maturo
1475 440 1692 477 premeretur

984 484 1136 525 pondere
1147 485 1276 518 ventris
1285 485 1307 518 ε’
1332 491 1369 519 et
1380 487 1484 520 Mart.
1493 487 1612 528 Spect.
1620 494 1697 520 xxv.

983 531 993 546 ‘
1006 535 1139 567 Maturi
1151 535 1296 577 pignora
1309 537 1463 570 ventris?
1485 537 1590 570 Ovid.
1602 537 1694 570 Met.

983 589 1126 619 1x.282.
1150 586 1271 619 ‘Tunc
1297 596 1373 620 cum
1397 593 1531 621 matura
1554 588 1691 621 vocabis

984 637 1214 680 Praepositam
1240 637 1378 670 timidis*
1392 639 1606 681 perientibus
1633 638 1692 671 lli-

985 688 1138 730 thyiam!
1181 688 1273 722 Just.
1289 697 1373 721 xm.
1400 691 1432 722 2.
1460 689 1511 723 de*
1538 690 1695 732 Roxane,

984 750 1060 783 quae
1088 741 1097 757 ‘
1110 743 1235 772 exacto
1261 749 1379 772 meuse
1393 745 1521 772 octavo
1533 740 1607 782 jum
1621 749 1692 773 mu-

984 795 1062 824 tura
1087 800 1131 823 ex
1160 789 1359 823 Alexandro
1383 789 1493 823 erat:'
1528 790 1691 833 Et=sape

984 841 1148 875 confundi
1162 845 1310 874 naturam
1325 846 1362 875 et
1377 845 1534 875 maturam
1548 851 1568 875 a
1590 842 1695 875 libn-

985 893 1043 926 riis
1073 891 1227 925 offendi:
1265 896 1306 925 ut
1335 892 1428 934 apud
1459 891 1584 925 Horat.
1612 891 1692 925 Art.

984 943 1085 976 Poet.
1110 946 1185 976 15⁷.
1229 942 1332 986 Apud
1357 942 1532 977 ,lustinum
1555 951 1691 986 quoque

985 993 1044 1026 lib.
1060 1003 1130 1027 vn.
1145 997 1177 1027 2.
1192 992 1371 1026 offendunt
1382 993 1460 1025 illa:
1481 994 1492 1013 ⁴
1506 993 1571 1026 Cui
1585 992 1693 1027 Alex·

986 1045 1092 1078 andro
1109 1050 1205 1078 tanta
1220 1045 1371 1077 omnium
1386 1044 1552 1078 virtutum
1569 1049 1692 1078 nutum

986 1101 1188 1128 ornamenta
1204 1095 1366 1136 extitere,
1392 1099 1431 1127 ut
1451 1095 1556 1127 etiam
1572 1094 1692 1137 Olym-

985 1147 1043 1189 pio
1070 1147 1257 1179 certamine
1281 1146 1378 1179 vario
1403 1146 1608 1179 ludicrorum
1634 1157 1693 1190 ge·

984 1209 1069 1231 nere
1094 1198 1333 1232 contenderit!
1389 1199 1504 1233 Quare
1529 1199 1692 1240 legerem,

984 1254 1049 1282 tum
1062 1253 1187 1282 matura
1201 1249 1336 1282 omnium
1354 1250 1507 1281 virtutum
1521 1249 1689 1282 incretum-

982 1305 1037 1347 tg:
1062 1301 1151 1343 quod
1168 1300 1322 1333 firmatur
1337 1310 1381 1332 ex
1396 1299 1455 1334 lib.
1471 1310 1506 1333 v.
1521 1304 1554 1334 5.
1568 1300 1628 1333 ubi
1643 1301 1688 1333 de

982 1352 1177 1393 Iphicrate:
1201 1353 1211 1370 ‘
1225 1352 1300 1384 Nec
1325 1360 1486 1394 umquam
1507 1355 1589 1384 ante
1609 1360 1688 1384 eum

981 1402 1209 1436 Athenienses
1233 1402 1324 1434 inter
1350 1406 1404 1435 tot
1428 1405 1612 1444 tantosque
1627 1401 1690 1435 du-

982 1463 1053 1493 ces,
1064 1458 1124 1486 aut
1139 1452 1214 1495 spei
1229 1452 1382 1494 majoris,
1396 1457 1457 1485 aut
1479 1451 1604 1484 indolis
1617 1461 1688 1484 ma-

982 1505 1133 1544 turioris,
1147 1504 1391 1546 imperatorem
1405 1502 1635 1536 habueruntz·
1650 1507 1689 1537 et

981 1554 1055 1588 Liv.
1071 1562 1132 1587 ιιι.
1146 1557 1199 1586 12.
1223 1553 1233 1572 ‘
1247 1553 1369 1596 Neque
1385 1557 1516 1586 tantum
1534 1553 1688 1586 indolem

981 1609 1051 1636 tam
1077 1608 1221 1643 maturus
1244 1604 1383 1637 virtutis
1405 1614 1567 1647 umquam
1582 1605 1688 1638 exsti·

981 1655 1087 1688 tisse.’
1129 1654 1218 1687 Vide
1234 1654 1359 1688 Heius.
1370 1654 1414 1687 ad
1426 1655 1551 1689 Vellei.
1566 1655 1686 1689 Pater.

979 1715 1022 1739 11.
1039 1709 1112 1738 116.
1127 1705 1218 1738 curis
1231 1705 1398 1737 secundis.
1421 1705 1535 1738 But-m.

1023 1757 1112 1788 Onus
1124 1755 1262 1796 natum]
1290 1757 1379 1787 Onus
1390 1759 1514 1788 natum
1523 1757 1686 1798 deponere,

977 1807 1060 1838 nihil
1074 1806 1167 1838 aliud
1194 1815 1268 1838 esse
1291 1806 1440 1847 videtur,
1453 1816 1555 1849 quam
1570 1806 1685 1839 alvum

977 1866 1177 1889 exonerare.
1203 1856 1305 1888 Unde
1322 1856 1486 1888 Heinsius
1497 1857 1584 1899 legit
1597 1858 1686 1890 Onus

977 1912 1143 1940 maturum.
1203 1907 1272 1940 Sed
1301 1908 1432 1940 Natum
1460 1907 1515 1940 hic
1544 1908 1685 1950 ponitur

977 1969 1040 2000 pro
1069 1958 1224 2001 partibus
1262 1957 1480 2000 genitalibus.
1535 1958 1592 1991 Sic
1621 1958 1685 1992 inf.

977 2010 1036 2043 lib.
1064 2019 1115 2042 ιν.
1146 2009 1218 2041 fab.
1249 2012 1303 2041 14.
1341 2009 1514 2042 ‘Natura
1543 2009 1685 2052 partes?

978 2062 988 2079 ‘
1003 2060 1156 2094 Natura'
1183 2069 1247 2102 pro
1275 2064 1375 2092 utero
1395 2059 1529 2102 Cicero,
1550 2065 1589 2093 et
1611 2060 1685 2094 Pli-

976 2111 1064 2152 nius,
1080 2117 1117 2144 et
1140 2111 1150 2130 ‘
1164 2110 1338 2144 Faecunda
1357 2113 1498 2143 natura’
1522 2116 1577 2144 est
1590 2111 1683 2154 apud

977 2161 1191 2194 Lucretium.
1215 2161 1320 2194 Ovid.
1336 2162 1404 2203 Ep.
1422 2169 1477 2194 ιι.
1501 2161 1511 2180 ‘
1525 2162 1573 2194 Et
1593 2161 1686 2203 posi-

977 2216 1048 2244 tum
1073 2215 1127 2243 est
1149 2211 1240 2244 uteri
1265 2211 1396 2257 crimen
1419 2221 1573 2254 onusque
1592 2211 1684 2244 mei-³

975 2261 1107 2294 Arnob.
1132 2266 1236 2294 vocat
1256 2262 1266 2280 ‘
1288 2262 1496 2295 Intestinum
1525 2262 1684 2305 pondus-⁹

977 2312 1080 2345 Ovid.
1103 2312 1112 2330 ‘
1124 2312 1250 2345 Tendit
1261 2323 1346 2345 onus
1357 2318 1502 2346 matrem
1513 2313 1537 2354 ς’
1561 2314 1603 2346 In
1614 2314 1682 2347 Ma.

976 2367 1030 2395 est
1043 2366 1194 2395 ventrem.
1223 2363 1257 2395 N
1261 2372 1304 2395 on
1319 2363 1518 2405 recipienda
1532 2374 1616 2407 ergo
1625 2369 1689 2398 est-

975 2412 1111 2446 Heinsii
1125 2413 1336 2455 conjectura.
1359 2413 1444 2447 Gna.

1017 2464 1213 2505 Deponeret]
1234 2464 1417 2505 Proprium
1442 2464 1478 2496 in
1492 2465 1555 2496 hac
1569 2474 1607 2496 re
1621 2474 1679 2497 vo-

975 2514 1142 2548 cabulum.
1201 2515 1325 2547 Catull.
1350 2517 1407 2547 ³5.
1438 2514 1449 2532 ‘
1463 2514 1496 2546 0
1522 2514 1679 2556 Latonia,

973 2565 1111 2597 maximi
1121 2565 1250 2606 Magna
1257 2564 1437 2607 progenies
1443 2565 1554 2605 Jovis,
1565 2565 1678 2599 Quam

973 2621 1084 2648 mater
1106 2626 1214 2657 prope
1242 2616 1379 2648 Delium
1407 2615 1594 2656 Deposivit
1615 2616 1685 2648 oli--

974 2666 1074 2699 vum?
1118 2666 1165 2698 Et
1178 2666 1228 2698 ita
1243 2667 1253 2684 ‘
1266 2666 1400 2698 Foetum
1415 2665 1609 2707 deponere’
1625 2665 1677 2699 fa-

973 2715 1052 2748 bula
1066 2716 1234 2758 sequenti.
1277 2716 1287 2734 ‘
1301 2715 1454 2748 Ponere'
1476 2715 1581 2749 ovid.
1606 2716 1675 2758 Ep.

972 2775 1025 2800 xi.
1039 2769 1091 2800 64.
1114 2766 1125 2784 ⁴
1139 2767 1185 2800 Et
1201 2765 1349 2809 positum
1364 2769 1417 2799 est
1439 2766 1528 2799 uteri
1544 2766 1681 2801 crimen,
