1806 3236
742 226 960 262 pun-mm.
1529 207 1593 263 ⁵19

115 327 217 369 tore
245 322 444 378 Tacito,¹‘
475 328 490 348 ‘
507 326 791 370 contumeliae
822 327 867 370 in
899 316 1004 370 eum
1031 316 1189 377 dictem
1233 330 1278 370 et
1313 326 1438 371 fluxa
1471 325 1594 372 senio

123 406 251 437 mens
264 397 309 437 et
325 387 533 438 continuo
561 395 778 438 abscessu
806 396 928 439 velut
954 395 1140 438 exilium
1172 395 1404 451 aliquanto
1434 401 1539 452 post
1568 411 1596 440 a

126 460 331 506 Fulcinio
358 463 526 506 Trione
558 462 766 519 objecta.'
824 462 933 507 Non
972 466 1118 506 tamen
1151 462 1427 516 crediderim,
1462 465 1597 515 Phoe-

122 529 271 583 dmm,
286 530 453 574 omissa
471 531 745 585 crudelitate,
760 532 903 575 solum
923 533 1146 588 ignaviam
1163 535 1298 588 atque
1311 533 1598 576 inutilitatem

124 592 312 642 'riberii
326 597 487 642 ‘fabula
521 603 768 643 memorata
804 599 1003 643 deridere
1042 600 1257 662 voluisse,
1287 600 1408 656 quod
1426 623 1427 626 =
1445 602 1600 645 volunt

127 664 434 710 Besbillonius
471 670 518 712 et
545 667 780 711 Tristanus
809 666 1029 725 (Histoir.
1065 667 1146 711 des
1176 668 1462 729 Enipei-curs,
1496 670 1599 714 loco

125 744 236 778 mox
253 733 468 788 citando).
526 734 732 778 Crudelis
751 735 872 778 enim
891 748 992 778 esse
1017 748 1110 779 non
1128 735 1322 780 destitit:
1351 750 1442 780 non
1466 737 1601 792 igitur

127 801 269 845 allum
285 814 366 859 per
390 803 578 860 hydrum
614 803 844 847 notavisse
876 798 1057 846 videtur
1087 802 1238 860 poeta,
1268 816 1402 866 quarn
1430 805 1602 848 huncce

128 868 477 927 Inpemtorem)
501 873 590 916 nisi
619 873 721 929 quis
753 871 882 915 malit
908 872 1153 927 intelligere
1181 872 1409 928 SeJanum‚
1443 873 1603 916 instru-

128 943 326 982 mtum
343 939 617 984 crudelitatis
637 952 746 983 suae.
801 938 964 995 Neque
982 939 1121 995 objici
1135 943 1289 994 potest
1309 952 1338 981 a
1356 939 1414 982 cl'.
1433 939 1604 983 Jacobs

124 998 370 1052 inerudita
387 1008 700 1052 dissertatione
718 1007 774 1050 de
795 1007 1140 1051 Fabulatoribus
1160 1007 1347 1060 Latinis,
1367 1007 1434 1065 (v.
1455 1008 1607 1053 Nach-

128 1073 254 1131 trige
278 1089 338 1119 zu
365 1076 542 1120 Sulzers
559 1076 754 1120 Theoi-ie
772 1077 831 1120 T.
855 1072 923 1118 vl.
944 1076 1002 1119 P.
1026 1087 1057 1118 1.
1076 1089 1122 1132 p.
1142 1075 1238 1131 34.)
1259 1076 1451 1131 hydrum
1471 1078 1606 1120 istum

130 1143 188 1187 de
209 1142 416 1200 Caligula
432 1157 524 1188 non
541 1141 683 1200 posse
699 1145 905 1200 intelligi,
925 1145 1035 1200 quia
1052 1144 1208 1187 sabula
1227 1144 1282 1187 de
1298 1145 1415 1187 ranis
1432 1145 1607 1188 Graecae

131 1211 192 1256 sit
210 1212 411 1269 originis.
470 1213 590 1266 Quae
611 1210 730 1256 enim
751 1214 792 1256 si
820 1209 929 1257 vera
961 1216 1130 1265 essent,
1151 1214 1228 1255 vix
1246 1213 1399 1256 liceret
1426 1218 1608 1256 conten-

133 1279 251 1333 dero,
269 1281 499 1325 Tiberium
518 1294 550 1324 a
563 1281 754 1325 Phaedro
781 1294 860 1338 per
875 1280 1063 1338 hydrum
1082 1285 1285 1324 notatum
1303 1281 1458 1324 fuisse.
1518 1281 1610 1324 Sed

134 1349 240 1406 quis
267 1350 417 1406 possit
439 1347 656 1403 dubitare,
675 1349 857 1404 poetam
890 1348 1087 1401 fabulas,
1109 1349 1167 1392 ab
1186 1349 1362 1405 AEsopo
1392 1350 1609 1400 inventas,

134 1422 234 1461 eta
249 1430 303 1461 se
318 1419 525 1463 versibus
545 1418 933 1474 senariis‘politas,
955 1418 1087 1472 genio
1118 1417 1275 1460 saeculi
1301 1408 1612 1460 accommoda-

134 1486 275 1539 visse,
293 1486 571 1542 eundemque
592 1488 679 1530 sub
698 1487 893 1543 antiquis
910 1487 1000 1530 illis
1018 1486 1188 1529 fabulis
1206 1478 1279 1528 res
1299 1499 1382 1528 sua
1400 1486 1614 1529 memoria

137 1557 287 1610 gestas
321 1554 521 1598 voluisse
553 1555 849 1598 adumbrare?
896 1550 1012 1598 cum'
1037 1555 1081 1599 ei
1099 1567 1225 1597 mens
1260 1559 1395 1606 esset,
1433 1558 1482 1596 ut
1514 1555 1615 1610 ipse

136 1621 321 1667 testatur
339 1622 461 1666 Prol.
482 1633 558 1665 111.
576 1623 652 1666 50.
674 1626 688 1645 ‘
704 1624 845 1666 vitam
863 1627 911 1666 et
927 1635 1078 1666 mores
1099 1614 1332 1665 hominum
1351 1621 1615 1664 ostendere.’·

195 1689 366 1734 Praeter
399 1690 616 1747 Sejanum
646 1691 941 1746 subsequenti
964 1694 1164 1746 tempore
1197 1701 1286 1732 non
1318 1688 1456 1745 pauci
1491 1693 1617 1732 erant

140 1760 364 1814 potentes,
383 1759 465 1815 qui
495 1758 678 1803 Phaedri
704 1757 874 1804 sabulis
904 1772 956 1802 se
983 1759 1126 1802 laesos
1161 1761 1382 1813 putarent,
1415 1757 1617 1820 iramque

141 1830 407 1871 evomerent
432 1828 482 1871 in
519 1830 785 1880 auctorem,‘¹
825 1841 941 1884 quos
974 1828 1049 1871 hic
1081 1831 1232 1870 tamen
1270 1826 1498 1867 nominare
1530 1836 1618 1866 non

141 1894 303 1950 auden
331 1894 381 1939 id
414 1894 538 1951 quod
565 1894 812 1938 luculenter
840 1899 1032 1952 apparet
1064 1908 1125 1939 ex
1154 1894 1275 1950 Epil.
1307 1893 1409 1936 Lib.
1442 1903 1521 1935 111.
1546 1891 1616 1934 29.

156 2059 163 2063 -
317 2031 410 2076 Sed
428 2031 660 2075 difficulter
678 2032 928 2075 continetur
947 2031 1154 2087 spiritus,

320 2098 592 2154 Integritatis
611 2098 694 2154 qui
710 2099 893 2141 sincerae
914 2094 1135 2141 conscius

319 2166 366 2210 A
383 2167 622 2210 noxiorum
641 2167 851 2223 premitur
868 2165 1132 2209 insolentiis

321 2234 415 2287 Qui
434 2234 522 2277 sint
539 2236 764 2291 requires:
794 2236 1072 2292 apparebunt
1091 2238 1302 2288 tempore.

322 2302 421 2358 Ego
439 2302 664 2359 quondam
683 2303 769 2359 legi
790 2316 925 2359 quam
941 2315 1052 2360 puer
1072 2302 1363 2352 sententiam„

812 2523 956 2559 NOTAE

197 2641 215 2664 Β
237 2635 363 2670 kunal.
378 2643 429 2670 iv.
441 2637 496 2669 42.
512 2639 550 2669 et
563 2644 615 2669 vr.
629 2638 684 2669 88.
918 2633 979 2667 lib.
992 2641 1018 2666 1.
1031 2631 1103 2665 fab.
1118 2634 1149 2667 2.
1163 2632 1218 2664 24.

200 2693 215 2723 τ
237 2687 326 2722 Jam.
340 2685 420 2720 olim
441 2687 682 2729 Heusinger-us
697 2684 797 2728 vidit,
809 2684 865 2718 ‘ri-
938 2721 942 2723 ,
961 2689 978 2712 ⁴³
1000 2683 1189 2717 Desbillon.
1219 2680 1243 2712 l.
1269 2688 1299 2712 c.
1330 2687 1366 2720 p.
1380 2685 1433 2710 ix.
1462 2675 1556 2710 Ptol.
1572 2684 1632 2709 m.

155 2738 302 2780 barium,
313 2747 381 2771 non
392 2735 788 2780 Caligulam,signiti‹·.nri
803 2745 866 2778 per
918 2737 1033 2768 45-47.
1048 2733 1125 2766 con.
1142 2730 1234 2773 Epil.
1251 2737 1308 2762 tn.
1324 2731 1378 2760 29.
1395 2737 1471 2770 sqq.

156 2789 315 2833 hydrum.
370 2789 463 2823 Vide
494 2788 667 2823 Addenda
693 2788 737 2821 ad
770 2788 866 2820 Edit.
965 2789 978 2806 ¹
1001 2784 1096 2818 Alias
1114 2783 1172 2816 lib.
1188 2790 1239 2814 lv.
1257 2780 1329 2813 fab.
1344 2783 1397 2812 25.
1411 2781 1465 2812 2⁹.
1481 2788 1556 2822 ης.

158 2841 365 2884 Heusinger.
381 2851 460 2875 ann.
479 2842 575 2875 1772.
608 2840 691 2875 Not.
707 2840 753 2873 K.
769 2844 806 2873 et
823 2838 876 2871 ad
