<?xml version="1.0" encoding="UTF-8"?>
<!DOCTYPE html PUBLIC "-//W3C//DTD XHTML 1.0 Transitional//EN"
    "http://www.w3.org/TR/xhtml1/DTD/xhtml1-transitional.dtd">
<html xmlns="http://www.w3.org/1999/xhtml" xml:lang="en" lang="en">
 <head>
  <title>
</title>
<meta http-equiv="Content-Type" content="text/html;charset=utf-8" />
  <meta name='ocr-system' content='tesseract 3.04.00' />
  <meta name='ocr-capabilities' content='ocr_page ocr_carea ocr_par ocr_line ocrx_word'/>
</head>
<body>
  <div class='ocr_page' id='page_1' title='image "./fabualeaesopiae00phaeuoft_0556.png"; bbox 0 0 1806 3236; ppageno 0'>
   <div class='ocr_carea' id='block_1_1' title="bbox 221 210 308 252">
    <p class='ocr_par' dir='ltr' id='par_1_1' title="bbox 221 210 308 252">
     <span class='ocr_line' id='line_1_1' title="bbox 221 210 308 252; baseline 0 0"><span class='ocrx_word' id='word_1_1' title='bbox 221 210 308 252; x_wconf 85' lang='lat'>544</span> 
     </span>
    </p>
   </div>
   <div class='ocr_carea' id='block_1_2' title="bbox 217 318 928 1022">
    <p class='ocr_par' dir='ltr' id='par_1_2' title="bbox 219 318 928 460">
     <span class='ocr_line' id='line_1_2' title="bbox 220 318 928 362; baseline 0 -10"><span class='ocrx_word' id='word_1_2' title='bbox 220 319 406 353; x_wconf 77' lang='lat' dir='ltr'>observare</span> <span class='ocrx_word' id='word_1_3' title='bbox 420 329 465 353; x_wconf 89' lang='lat' dir='ltr'>ex</span> <span class='ocrx_word' id='word_1_4' title='bbox 480 319 630 362; x_wconf 79' lang='lat' dir='ltr'><strong>antiquis</strong></span> <span class='ocrx_word' id='word_1_5' title='bbox 643 318 787 352; x_wconf 86' lang='lat' dir='ltr'>Seneeae</span> <span class='ocrx_word' id='word_1_6' title='bbox 803 319 928 353; x_wconf 83' lang='lat' dir='ltr'>codici-</span> 
     </span>
     <span class='ocr_line' id='line_1_3' title="bbox 219 370 927 413; baseline 0.001 -10"><span class='ocrx_word' id='word_1_7' title='bbox 219 370 284 403; x_wconf 86' lang='lat' dir='ltr'>bus</span> <span class='ocrx_word' id='word_1_8' title='bbox 312 371 460 404; x_wconf 78' lang='lat' dir='ltr'>Fabi-um</span> <span class='ocrx_word' id='word_1_9' title='bbox 488 379 624 413; x_wconf 87' lang='lat' dir='ltr'>quoque</span> <span class='ocrx_word' id='word_1_10' title='bbox 653 379 744 403; x_wconf 89' lang='lat' dir='ltr'>nunc</span> <span class='ocrx_word' id='word_1_11' title='bbox 773 371 927 404; x_wconf 86' lang='lat' dir='ltr'>animad-</span> 
     </span>
     <span class='ocr_line' id='line_1_4' title="bbox 219 420 455 460; baseline 0 -7"><span class='ocrx_word' id='word_1_12' title='bbox 219 424 330 454; x_wconf 84' lang='lat' dir='ltr'>verto.</span> <span class='ocrx_word' id='word_1_13' title='bbox 348 420 455 460; x_wconf 77' lang='lat' dir='ltr'>Schef.</span> 
     </span>
    </p>

    <p class='ocr_par' dir='ltr' id='par_1_3' title="bbox 219 471 927 656">
     <span class='ocr_line' id='line_1_5' title="bbox 261 471 927 514; baseline 0.003 -10"><span class='ocrx_word' id='word_1_14' title='bbox 261 472 417 514; x_wconf 75' lang='lat' dir='ltr'>Luscinii]</span> <span class='ocrx_word' id='word_1_15' title='bbox 461 472 574 505; x_wconf 77' lang='lat' dir='ltr'>Nota=</span> <span class='ocrx_word' id='word_1_16' title='bbox 606 471 772 505; x_wconf 59' lang='lat' dir='ltr'>lucinius</span> <span class='ocrx_word' id='word_1_17' title='bbox 799 472 927 506; x_wconf 87' lang='lat' dir='ltr'>dicitur</span> 
     </span>
     <span class='ocr_line' id='line_1_6' title="bbox 219 522 926 565; baseline 0.003 -10"><span class='ocrx_word' id='word_1_18' title='bbox 219 522 288 564; x_wconf 87' lang='lat' dir='ltr'>hic,</span> <span class='ocrx_word' id='word_1_19' title='bbox 302 532 381 565; x_wconf 87' lang='lat' dir='ltr'>quae</span> <span class='ocrx_word' id='word_1_20' title='bbox 395 523 498 564; x_wconf 83' lang='lat' dir='ltr'>vulgo</span> <span class='ocrx_word' id='word_1_21' title='bbox 515 526 649 555; x_wconf 83' lang='lat' dir='ltr'>tantum</span> <span class='ocrx_word' id='word_1_22' title='bbox 663 523 824 556; x_wconf 68' lang='lat' dir='ltr'>Luscinia.</span> <span class='ocrx_word' id='word_1_23' title='bbox 847 524 926 557; x_wconf 90' lang='lat' dir='ltr'>Hoc</span> 
     </span>
     <span class='ocr_line' id='line_1_7' title="bbox 219 574 925 616; baseline 0.004 -11"><span class='ocrx_word' id='word_1_24' title='bbox 219 583 358 616; x_wconf 88' lang='lat' dir='ltr'>quoque</span> <span class='ocrx_word' id='word_1_25' title='bbox 393 574 566 616; x_wconf 80' lang='lat' dir='ltr'>singulare</span> <span class='ocrx_word' id='word_1_26' title='bbox 602 574 773 607; x_wconf 86' lang='lat' dir='ltr'>Phaedrus</span> <span class='ocrx_word' id='word_1_27' title='bbox 808 574 925 608; x_wconf 88' lang='lat' dir='ltr'>babet.</span> 
     </span>
     <span class='ocr_line' id='line_1_8' title="bbox 220 623 310 656; baseline 0 0"><span class='ocrx_word' id='word_1_28' title='bbox 220 623 310 656; x_wconf 68' lang='grc' dir='ltr'>Βία.</span> 
     </span>
    </p>

    <p class='ocr_par' dir='ltr' id='par_1_4' title="bbox 217 674 925 1022">
     <span class='ocr_line' id='line_1_9' title="bbox 262 674 923 717; baseline 0.002 -10"><span class='ocrx_word' id='word_1_29' title='bbox 262 674 419 717; x_wconf 73' lang='lat' dir='ltr'>Luscinia]</span> <span class='ocrx_word' id='word_1_30' title='bbox 440 675 510 708; x_wconf 90' lang='lat' dir='ltr'>Ms.</span> <span class='ocrx_word' id='word_1_31' title='bbox 525 676 624 708; x_wconf 91' lang='lat' dir='ltr'>Rem.</span> <span class='ocrx_word' id='word_1_32' title='bbox 641 675 793 713; x_wconf 76' lang='lat' dir='ltr'>Luscini,-</span> <span class='ocrx_word' id='word_1_33' title='bbox 814 676 923 708; x_wconf 83' lang='lat' dir='ltr'>male·</span> 
     </span>
     <span class='ocr_line' id='line_1_10' title="bbox 219 725 923 760; baseline 0.001 -2"><span class='ocrx_word' id='word_1_34' title='bbox 219 736 299 758; x_wconf 86' lang='lat' dir='ltr'>nam</span> <span class='ocrx_word' id='word_1_35' title='bbox 315 725 464 758; x_wconf 83' lang='lat' dir='ltr'>secunda</span> <span class='ocrx_word' id='word_1_36' title='bbox 478 726 513 758; x_wconf 90' lang='lat' dir='ltr'>in</span> <span class='ocrx_word' id='word_1_37' title='bbox 533 726 690 759; x_wconf 67' lang='lat' dir='ltr'>Luscinus</span> <span class='ocrx_word' id='word_1_38' title='bbox 713 733 769 760; x_wconf 85' lang='lat' dir='ltr'>est</span> <span class='ocrx_word' id='word_1_39' title='bbox 795 726 923 759; x_wconf 87' lang='lat' dir='ltr'>brevis.</span> 
     </span>
     <span class='ocr_line' id='line_1_11' title="bbox 218 777 924 810; baseline 0 -1"><span class='ocrx_word' id='word_1_40' title='bbox 218 777 409 809; x_wconf 79' lang='lat' dir='ltr'>Martialis:</span> <span class='ocrx_word' id='word_1_41' title='bbox 431 777 441 794; x_wconf 92' lang='lat'>‘</span> <span class='ocrx_word' id='word_1_42' title='bbox 455 777 626 810; x_wconf 86' lang='lat' dir='ltr'>Lusciniae</span> <span class='ocrx_word' id='word_1_43' title='bbox 641 778 805 810; x_wconf 82' lang='lat' dir='ltr'>tumulum</span> <span class='ocrx_word' id='word_1_44' title='bbox 818 777 847 809; x_wconf 86' lang='lat' dir='ltr'>si</span> <span class='ocrx_word' id='word_1_45' title='bbox 860 778 924 810; x_wconf 88' lang='lat' dir='ltr'>Te-</span> 
     </span>
     <span class='ocr_line' id='line_1_12' title="bbox 217 827 925 861; baseline 0 -1"><span class='ocrx_word' id='word_1_46' title='bbox 217 828 327 860; x_wconf 82' lang='lat' dir='ltr'>lesina</span> <span class='ocrx_word' id='word_1_47' title='bbox 340 827 462 860; x_wconf 69' lang='lat' dir='ltr'>dedit:</span> <span class='ocrx_word' id='word_1_48' title='bbox 506 828 629 860; x_wconf 85' lang='lat' dir='ltr'><strong>Latine</strong></span> <span class='ocrx_word' id='word_1_49' title='bbox 655 833 772 860; x_wconf 83' lang='lat' dir='ltr'>tamen</span> <span class='ocrx_word' id='word_1_50' title='bbox 798 827 925 861; x_wconf 86' lang='lat' dir='ltr'>dicitur</span> 
     </span>
     <span class='ocr_line' id='line_1_13' title="bbox 217 878 923 920; baseline 0 -9"><span class='ocrx_word' id='word_1_51' title='bbox 217 878 564 920; x_wconf 67' lang='lat' dir='ltr'>Luscinm‚hoecinius‚</span> <span class='ocrx_word' id='word_1_52' title='bbox 579 882 616 911; x_wconf 86' lang='lat' dir='ltr'>et</span> <span class='ocrx_word' id='word_1_53' title='bbox 632 878 793 911; x_wconf 76' lang='lat' dir='ltr'>Luscinia.</span> <span class='ocrx_word' id='word_1_54' title='bbox 808 878 923 913; x_wconf 82' lang='lat' dir='ltr'>Gloss.</span> 
     </span>
     <span class='ocr_line' id='line_1_14' title="bbox 218 928 924 970; baseline 0.001 -9"><span class='ocrx_word' id='word_1_55' title='bbox 218 929 229 948; x_wconf 81' lang='lat'><em>⁴</em></span> <span class='ocrx_word' id='word_1_56' title='bbox 242 928 423 970; x_wconf 81' lang='lat' dir='ltr'>Luscinus,</span> <span class='ocrx_word' id='word_1_57' title='bbox 452 928 573 970; x_wconf 79' lang='grc' dir='ltr'><em>ἀηδὼν,’</em></span> <span class='ocrx_word' id='word_1_58' title='bbox 604 934 643 962; x_wconf 87' lang='lat' dir='ltr'>ut</span> <span class='ocrx_word' id='word_1_59' title='bbox 668 930 850 962; x_wconf 80' lang='lat' dir='ltr'>Salmasius</span> <span class='ocrx_word' id='word_1_60' title='bbox 880 929 924 961; x_wconf 81' lang='lat' dir='ltr'>ad</span> 
     </span>
     <span class='ocr_line' id='line_1_15' title="bbox 220 977 925 1022; baseline 0.004 -11"><span class='ocrx_word' id='word_1_61' title='bbox 220 978 353 1013; x_wconf 75' lang='lat' dir='ltr'>Histor-</span> <span class='ocrx_word' id='word_1_62' title='bbox 367 977 456 1022; x_wconf 84' lang='lat' dir='ltr'>Aug.</span> <span class='ocrx_word' id='word_1_63' title='bbox 472 989 508 1022; x_wconf 85' lang='lat' dir='ltr'>p.</span> <span class='ocrx_word' id='word_1_64' title='bbox 525 982 599 1013; x_wconf 84' lang='lat'>118.</span> <span class='ocrx_word' id='word_1_65' title='bbox 613 980 741 1013; x_wconf 86' lang='lat' dir='ltr'>dudum</span> <span class='ocrx_word' id='word_1_66' title='bbox 763 981 925 1014; x_wconf 81' lang='lat' dir='ltr'>observa-</span> 
     </span>
    </p>
   </div>
   <div class='ocr_carea' id='block_1_3' title="bbox 692 222 1220 255">
    <p class='ocr_par' dir='ltr' id='par_1_5' title="bbox 692 222 1220 255">
     <span class='ocr_line' id='line_1_16' title="bbox 692 222 1220 255; baseline 0.002 -1"><span class='ocrx_word' id='word_1_67' title='bbox 692 222 836 254; x_wconf 82' lang='lat' dir='ltr'>No&#39;rAE</span> <span class='ocrx_word' id='word_1_68' title='bbox 871 222 1134 255; x_wconf 81' lang='lat' dir='ltr'>VARIORUM</span> <span class='ocrx_word' id='word_1_69' title='bbox 1167 223 1220 255; x_wconf 81' lang='lat' dir='ltr'>IN</span> 
     </span>
    </p>
   </div>
   <div class='ocr_carea' id='block_1_4' title="bbox 977 320 1686 1023">
    <p class='ocr_par' dir='ltr' id='par_1_6' title="bbox 977 320 1686 1023">
     <span class='ocr_line' id='line_1_17' title="bbox 980 320 1684 364; baseline 0.006 -11"><span class='ocrx_word' id='word_1_70' title='bbox 980 320 1042 354; x_wconf 81' lang='lat' dir='ltr'>vit.</span> <span class='ocrx_word' id='word_1_71' title='bbox 1071 321 1251 363; x_wconf 58' lang='lat' dir='ltr'>Sicdm,</span> <span class='ocrx_word' id='word_1_72' title='bbox 1264 321 1387 363; x_wconf 74' lang='lat' dir='ltr'>simiae,</span> <span class='ocrx_word' id='word_1_73' title='bbox 1403 325 1440 355; x_wconf 89' lang='lat' dir='ltr'>et</span> <span class='ocrx_word' id='word_1_74' title='bbox 1450 322 1555 364; x_wconf 61' lang='lat' dir='ltr'>dmin,</span> <span class='ocrx_word' id='word_1_75' title='bbox 1567 320 1684 357; x_wconf 67' lang='lat' dir='ltr'>aba.</span> 
     </span>
     <span class='ocr_line' id='line_1_18' title="bbox 980 372 1685 408; baseline 0.007 -5"><span class='ocrx_word' id='word_1_76' title='bbox 980 375 1127 405; x_wconf 83' lang='lat' dir='ltr'>veteres.</span> <span class='ocrx_word' id='word_1_77' title='bbox 1170 373 1217 406; x_wconf 88' lang='lat' dir='ltr'>Et</span> <span class='ocrx_word' id='word_1_78' title='bbox 1244 372 1342 404; x_wconf 66' lang='lat' dir='ltr'>simus</span> <span class='ocrx_word' id='word_1_79' title='bbox 1369 377 1424 406; x_wconf 82' lang='lat' dir='ltr'>est</span> <span class='ocrx_word' id='word_1_80' title='bbox 1455 372 1491 405; x_wconf 91' lang='lat' dir='ltr'>in</span> <span class='ocrx_word' id='word_1_81' title='bbox 1524 374 1685 408; x_wconf 66' lang='lat' dir='ltr'>lemmate</span> 
     </span>
     <span class='ocr_line' id='line_1_19' title="bbox 979 422 1686 467; baseline 0.007 -14"><span class='ocrx_word' id='word_1_82' title='bbox 979 422 1234 464; x_wconf 75' lang='lat' dir='ltr'>epigrammatis</span> <span class='ocrx_word' id='word_1_83' title='bbox 1246 423 1336 465; x_wconf 82' lang='lat' dir='ltr'>apud</span> <span class='ocrx_word' id='word_1_84' title='bbox 1345 424 1557 466; x_wconf 77' lang='lat' dir='ltr'>Martialem,</span> <span class='ocrx_word' id='word_1_85' title='bbox 1567 430 1686 467; x_wconf 55' lang='lat' dir='ltr'>quemf-</span> 
     </span>
     <span class='ocr_line' id='line_1_20' title="bbox 981 472 1684 515; baseline 0.007 -11"><span class='ocrx_word' id='word_1_86' title='bbox 981 472 1163 505; x_wconf 82' lang='lat' dir='ltr'>admodum</span> <span class='ocrx_word' id='word_1_87' title='bbox 1188 473 1321 515; x_wconf 80' lang='lat' dir='ltr'>legitur</span> <span class='ocrx_word' id='word_1_88' title='bbox 1340 473 1376 506; x_wconf 86' lang='lat' dir='ltr'>iu</span> <span class='ocrx_word' id='word_1_89' title='bbox 1402 479 1540 507; x_wconf 79' lang='lat' dir='ltr'>vetusto</span> <span class='ocrx_word' id='word_1_90' title='bbox 1565 475 1684 509; x_wconf 72' lang='lat' dir='ltr'>codiee</span> 
     </span>
     <span class='ocr_line' id='line_1_21' title="bbox 979 522 1684 570; baseline 0.007 -15"><span class='ocrx_word' id='word_1_91' title='bbox 979 522 1227 557; x_wconf 84' lang='lat' dir='ltr'>Puteanorum.</span> <span class='ocrx_word' id='word_1_92' title='bbox 1281 524 1351 558; x_wconf 85' lang='lat' dir='ltr'>Sed</span> <span class='ocrx_word' id='word_1_93' title='bbox 1375 526 1525 559; x_wconf 82' lang='lat' dir='ltr'>omnium</span> <span class='ocrx_word' id='word_1_94' title='bbox 1553 526 1684 570; x_wconf 84' lang='lat' dir='ltr'>optime</span> 
     </span>
     <span class='ocr_line' id='line_1_22' title="bbox 978 573 1685 620; baseline 0.008 -15"><span class='ocrx_word' id='word_1_95' title='bbox 978 573 1062 606; x_wconf 82' lang='lat' dir='ltr'>haec·</span> <span class='ocrx_word' id='word_1_96' title='bbox 1078 573 1272 607; x_wconf 82' lang='lat' dir='ltr'>confirmari</span> <span class='ocrx_word' id='word_1_97' title='bbox 1300 581 1446 618; x_wconf 84' lang='lat' dir='ltr'>possunt</span> <span class='ocrx_word' id='word_1_98' title='bbox 1470 586 1515 610; x_wconf 85' lang='lat' dir='ltr'>ex</span> <span class='ocrx_word' id='word_1_99' title='bbox 1537 573 1685 620; x_wconf 75' lang='lat' dir='ltr'>insctip·</span> 
     </span>
     <span class='ocr_line' id='line_1_23' title="bbox 979 623 1684 667; baseline 0.009 -11"><span class='ocrx_word' id='word_1_100' title='bbox 979 623 1087 666; x_wconf 89' lang='lat' dir='ltr'>tione,</span> <span class='ocrx_word' id='word_1_101' title='bbox 1100 634 1202 667; x_wconf 76' lang='lat' dir='ltr'>quam</span> <span class='ocrx_word' id='word_1_102' title='bbox 1215 625 1334 659; x_wconf 70' lang='lat' dir='ltr'>Romae</span> <span class='ocrx_word' id='word_1_103' title='bbox 1348 635 1392 659; x_wconf 84' lang='lat' dir='ltr'>ex</span> <span class='ocrx_word' id='word_1_104' title='bbox 1406 627 1475 660; x_wconf 79' lang='lat' dir='ltr'>olla</span> <span class='ocrx_word' id='word_1_105' title='bbox 1493 636 1684 662; x_wconf 70' lang='lat' dir='ltr'>marmorea</span> 
     </span>
     <span class='ocr_line' id='line_1_24' title="bbox 979 676 1683 721; baseline 0.01 -13"><span class='ocrx_word' id='word_1_106' title='bbox 979 676 1255 719; x_wconf 84' lang='lat' dir='ltr'>descripsimus‚&#39;</span> <span class='ocrx_word' id='word_1_107' title='bbox 1246 687 1279 710; x_wconf 85' lang='lat' dir='ltr'>m</span> <span class='ocrx_word' id='word_1_108' title='bbox 1292 688 1360 721; x_wconf 78' lang='lat' dir='ltr'>qna</span> <span class='ocrx_word' id='word_1_109' title='bbox 1375 679 1532 713; x_wconf 62' lang='lat' dir='ltr'>lasciuae</span> <span class='ocrx_word' id='word_1_110' title='bbox 1545 684 1583 714; x_wconf 83' lang='lat' dir='ltr'>et</span> <span class='ocrx_word' id='word_1_111' title='bbox 1600 681 1683 714; x_wconf 63' lang='lat' dir='ltr'>Ias-</span> 
     </span>
     <span class='ocr_line' id='line_1_25' title="bbox 977 727 1682 778; baseline 0.01 -19"><span class='ocrx_word' id='word_1_112' title='bbox 977 727 1063 759; x_wconf 81' lang='lat' dir='ltr'>cinia</span> <span class='ocrx_word' id='word_1_113' title='bbox 1085 731 1166 760; x_wconf 89' lang='lat' dir='ltr'>sunt</span> <span class='ocrx_word' id='word_1_114' title='bbox 1189 728 1314 761; x_wconf 85' lang='lat' dir='ltr'>Gentis</span> <span class='ocrx_word' id='word_1_115' title='bbox 1331 728 1478 763; x_wconf 69' lang='lat' dir='ltr'>AEmilim</span> <span class='ocrx_word' id='word_1_116' title='bbox 1504 733 1682 778; x_wconf 58' lang='lat' dir='ltr'>cognomi-</span> 
     </span>
     <span class='ocr_line' id='line_1_26' title="bbox 977 777 1682 822; baseline 0.009 -12"><span class='ocrx_word' id='word_1_117' title='bbox 977 787 1034 818; x_wconf 84' lang='lat' dir='ltr'>na,</span> <span class='ocrx_word' id='word_1_118' title='bbox 1058 782 1098 810; x_wconf 87' lang='lat' dir='ltr'>ut</span> <span class='ocrx_word' id='word_1_119' title='bbox 1123 777 1215 820; x_wconf 83' lang='lat' dir='ltr'>apud</span> <span class='ocrx_word' id='word_1_120' title='bbox 1243 779 1414 812; x_wconf 81' lang='lat' dir='ltr'>Romanos</span> <span class='ocrx_word' id='word_1_121' title='bbox 1438 782 1628 822; x_wconf 69' lang='lat' dir='ltr'>pemnln</span> <span class='ocrx_word' id='word_1_122' title='bbox 1623 782 1682 816; x_wconf 68' lang='grc' dir='ltr'>ιδ</span> 
     </span>
     <span class='ocr_line' id='line_1_27' title="bbox 978 828 1684 873; baseline 0.007 -13"><span class='ocrx_word' id='word_1_123' title='bbox 978 828 1180 861; x_wconf 79' lang='lat' dir='ltr'>animalibus</span> <span class='ocrx_word' id='word_1_124' title='bbox 1215 833 1295 862; x_wconf 87' lang='lat' dir='ltr'>sunt</span> <span class='ocrx_word' id='word_1_125' title='bbox 1331 829 1444 871; x_wconf 78' lang='lat' dir='ltr'>petita</span> <span class='ocrx_word' id='word_1_126' title='bbox 1471 831 1684 873; x_wconf 54' lang='lat' dir='ltr'>cognonit.</span> 
     </span>
     <span class='ocr_line' id='line_1_28' title="bbox 977 878 1684 924; baseline 0.004 -13"><span class='ocrx_word' id='word_1_127' title='bbox 977 878 1080 912; x_wconf 83' lang='lat' dir='ltr'><strong>Unde</strong></span> <span class='ocrx_word' id='word_1_128' title='bbox 1093 879 1169 920; x_wconf 75' lang='lat' dir='ltr'>Leo,</span> <span class='ocrx_word' id='word_1_129' title='bbox 1181 879 1300 921; x_wconf 74' lang='lat' dir='ltr'>Lupus,</span> <span class='ocrx_word' id='word_1_130' title='bbox 1314 880 1430 921; x_wconf 82' lang='lat' dir='ltr'><strong><em>Caper,</em></strong></span> <span class='ocrx_word' id='word_1_131' title='bbox 1442 880 1582 924; x_wconf 75' lang='lat' dir='ltr'>capella,</span> <span class='ocrx_word' id='word_1_132' title='bbox 1591 882 1684 923; x_wconf 66' lang='lat' dir='ltr'>Mu,</span> 
     </span>
     <span class='ocr_line' id='line_1_29' title="bbox 979 929 1682 1001; baseline 0.007 -40"><span class='ocrx_word' id='word_1_133' title='bbox 979 930 1111 971; x_wconf 74' lang='lat' dir='ltr'>Corvus,</span> <span class='ocrx_word' id='word_1_134' title='bbox 1134 929 1187 973; x_wconf 90' lang='lat' dir='ltr'>(in</span> <span class='ocrx_word' id='word_1_135' title='bbox 1201 929 1330 963; x_wconf 83' lang='lat' dir='ltr'>familia</span> <span class='ocrx_word' id='word_1_136' title='bbox 1345 930 1504 964; x_wconf 80' lang='lat' dir='ltr'>Cornelia</span> <span class='ocrx_word' id='word_1_137' title='bbox 1516 935 1554 964; x_wconf 90' lang='lat' dir='ltr'>et</span> <span class='ocrx_word' id='word_1_138' title='bbox 1566 931 1682 1001; x_wconf 77' lang='lat' dir='ltr'>Septi·</span> 
     </span>
     <span class='ocr_line' id='line_1_30' title="bbox 977 980 1264 1023; baseline -0.004 -9"><span class='ocrx_word' id='word_1_139' title='bbox 977 980 1063 1023; x_wconf 88' lang='lat' dir='ltr'>mia)</span> <span class='ocrx_word' id='word_1_140' title='bbox 1077 984 1115 1013; x_wconf 87' lang='lat' dir='ltr'>et</span> <span class='ocrx_word' id='word_1_141' title='bbox 1128 980 1264 1013; x_wconf 83' lang='lat' dir='ltr'>similia.</span> 
     </span>
    </p>
   </div>
   <div class='ocr_carea' id='block_1_5' title="bbox 756 1575 1166 1724">
    <p class='ocr_par' dir='ltr' id='par_1_7' title="bbox 756 1575 1166 1724">
     <span class='ocr_line' id='line_1_31' title="bbox 756 1575 1166 1610; baseline -0.01 0"><span class='ocrx_word' id='word_1_142' title='bbox 756 1579 798 1610; x_wconf 79' lang='lat' dir='ltr'>G·</span> <span class='ocrx_word' id='word_1_143' title='bbox 829 1576 1060 1610; x_wconf 77' lang='lat' dir='ltr'><strong>AEMILIO.</strong></span> <span class='ocrx_word' id='word_1_144' title='bbox 1092 1575 1166 1606; x_wconf 74' lang='lat' dir='ltr'>CF.</span> 
     </span>
     <span class='ocr_line' id='line_1_32' title="bbox 824 1633 1100 1666; baseline -0.011 0"><span class='ocrx_word' id='word_1_145' title='bbox 824 1633 1100 1666; x_wconf 80' lang='lat' dir='ltr'>PALATINA.</span> 
     </span>
     <span class='ocr_line' id='line_1_33' title="bbox 781 1688 1147 1724; baseline -0.016 0"><span class='ocrx_word' id='word_1_146' title='bbox 781 1691 1008 1724; x_wconf 78' lang='lat' dir='ltr'><strong>LVSGINO.</strong></span> <span class='ocrx_word' id='word_1_147' title='bbox 1040 1688 1147 1719; x_wconf 83' lang='lat' dir='ltr'>le.</span> 
     </span>
    </p>
   </div>
   <div class='ocr_carea' id='block_1_6' title="bbox 827 1748 947 1780">
    <p class='ocr_par' dir='ltr' id='par_1_8' title="bbox 827 1748 947 1780">
     <span class='ocr_line' id='line_1_34' title="bbox 827 1748 947 1780; baseline -0.017 0"><span class='ocrx_word' id='word_1_148' title='bbox 827 1748 947 1780; x_wconf 74' lang='lat' dir='ltr'><strong>ANN.</strong></span> 
     </span>
    </p>
   </div>
   <div class='ocr_carea' id='block_1_7' title="bbox 981 1746 1108 1776">
    <p class='ocr_par' dir='ltr' id='par_1_9' title="bbox 981 1746 1108 1776">
     <span class='ocr_line' id='line_1_35' title="bbox 981 1746 1108 1776; baseline 0 0"><span class='ocrx_word' id='word_1_149' title='bbox 981 1746 1108 1776; x_wconf 72' lang='lat' dir='ltr'><strong>Lxx.</strong></span> 
     </span>
    </p>
   </div>
   <div class='ocr_carea' id='block_1_8' title="bbox 671 1802 1181 1951">
    <p class='ocr_par' dir='ltr' id='par_1_10' title="bbox 671 1802 1181 1951">
     <span class='ocr_line' id='line_1_36' title="bbox 671 1802 1181 1838; baseline -0.012 0"><span class='ocrx_word' id='word_1_150' title='bbox 671 1814 673 1816; x_wconf 75' lang='grc'><strong><em>’</em></strong></span> <span class='ocrx_word' id='word_1_151' title='bbox 743 1804 974 1838; x_wconf 83' lang='lat' dir='ltr'>AEMILIA.</span> <span class='ocrx_word' id='word_1_152' title='bbox 1018 1802 1181 1833; x_wconf 76' lang='lat' dir='ltr'>Lvscl-</span> 
     </span>
     <span class='ocr_line' id='line_1_37' title="bbox 810 1859 1114 1893; baseline -0.016 0"><span class='ocrx_word' id='word_1_153' title='bbox 810 1862 915 1893; x_wconf 86' lang='lat' dir='ltr'>NIA.</span> <span class='ocrx_word' id='word_1_154' title='bbox 947 1859 1114 1890; x_wconf 85' lang='lat' dir='ltr'>PATRI.</span> 
     </span>
     <span class='ocr_line' id='line_1_38' title="bbox 802 1915 1123 1951; baseline -0.016 -1"><span class='ocrx_word' id='word_1_155' title='bbox 802 1919 911 1951; x_wconf 80' lang='lat' dir='ltr'>oP&#39;r.</span> <span class='ocrx_word' id='word_1_156' title='bbox 963 1915 1123 1948; x_wconf 78' lang='lat' dir='ltr'>FECIT.</span> 
     </span>
    </p>
   </div>
   <div class='ocr_carea' id='block_1_9' title="bbox 216 2434 924 2836">
    <p class='ocr_par' dir='ltr' id='par_1_11' title="bbox 216 2434 924 2836">
     <span class='ocr_line' id='line_1_39' title="bbox 218 2434 924 2478; baseline -0.007 -4"><span class='ocrx_word' id='word_1_157' title='bbox 218 2439 371 2473; x_wconf 71' lang='lat' dir='ltr'>Luscinus</span> <span class='ocrx_word' id='word_1_158' title='bbox 397 2438 503 2471; x_wconf 90' lang='lat' dir='ltr'>etiam</span> <span class='ocrx_word' id='word_1_159' title='bbox 533 2446 655 2469; x_wconf 89' lang='lat' dir='ltr'>nomen</span> <span class='ocrx_word' id='word_1_160' title='bbox 692 2434 759 2468; x_wconf 88' lang='lat' dir='ltr'>fuit</span> <span class='ocrx_word' id='word_1_161' title='bbox 791 2436 924 2478; x_wconf 85' lang='lat' dir='ltr'>Regulo</span> 
     </span>
     <span class='ocr_line' id='line_1_40' title="bbox 218 2487 924 2531; baseline -0.003 -9"><span class='ocrx_word' id='word_1_162' title='bbox 218 2490 396 2531; x_wconf 69' lang='lat' dir='ltr'>Hispaniae</span> <span class='ocrx_word' id='word_1_163' title='bbox 409 2487 498 2530; x_wconf 88' lang='lat' dir='ltr'>apud</span> <span class='ocrx_word' id='word_1_164' title='bbox 515 2488 589 2531; x_wconf 70' lang='lat' dir='ltr'>Liv,</span> <span class='ocrx_word' id='word_1_165' title='bbox 604 2487 664 2519; x_wconf 91' lang='lat' dir='ltr'>lib.</span> <span class='ocrx_word' id='word_1_166' title='bbox 680 2495 816 2520; x_wconf 76' lang='lat' dir='ltr'>xxxin.</span> <span class='ocrx_word' id='word_1_167' title='bbox 845 2487 924 2520; x_wconf 89' lang='lat' dir='ltr'>Fuit</span> 
     </span>
     <span class='ocr_line' id='line_1_41' title="bbox 218 2537 922 2580; baseline -0.007 -7"><span class='ocrx_word' id='word_1_168' title='bbox 218 2545 257 2573; x_wconf 90' lang='lat' dir='ltr'>et</span> <span class='ocrx_word' id='word_1_169' title='bbox 279 2541 431 2573; x_wconf 70' lang='lat' dir='ltr'>Luscinus</span> <span class='ocrx_word' id='word_1_170' title='bbox 455 2547 643 2580; x_wconf 88' lang='lat' dir='ltr'><strong>cognomen</strong></span> <span class='ocrx_word' id='word_1_171' title='bbox 663 2537 844 2569; x_wconf 83' lang='lat' dir='ltr'>Fabriciis:</span> <span class='ocrx_word' id='word_1_172' title='bbox 873 2537 922 2569; x_wconf 92' lang='lat' dir='ltr'>sic</span> 
     </span>
     <span class='ocr_line' id='line_1_42' title="bbox 218 2588 924 2634; baseline -0.007 -10"><span class='ocrx_word' id='word_1_173' title='bbox 218 2593 309 2634; x_wconf 83' lang='lat' dir='ltr'>apud</span> <span class='ocrx_word' id='word_1_174' title='bbox 325 2592 401 2624; x_wconf 87' lang='lat' dir='ltr'>Liv.</span> <span class='ocrx_word' id='word_1_175' title='bbox 417 2590 476 2623; x_wconf 89' lang='lat' dir='ltr'>lib.</span> <span class='ocrx_word' id='word_1_176' title='bbox 488 2598 624 2622; x_wconf 85' lang='lat' dir='ltr'>xxxm.</span> <span class='ocrx_word' id='word_1_177' title='bbox 641 2598 674 2621; x_wconf 87' lang='lat' dir='ltr'>c.</span> <span class='ocrx_word' id='word_1_178' title='bbox 688 2591 742 2621; x_wconf 79' lang='lat'>42.</span> <span class='ocrx_word' id='word_1_179' title='bbox 762 2588 772 2605; x_wconf 88' lang='lat'>‘</span> <span class='ocrx_word' id='word_1_180' title='bbox 786 2588 924 2620; x_wconf 77' lang='lat' dir='ltr'>Praetor</span> 
     </span>
     <span class='ocr_line' id='line_1_43' title="bbox 216 2638 892 2675; baseline -0.007 0"><span class='ocrx_word' id='word_1_181' title='bbox 216 2642 329 2675; x_wconf 85' lang='lat' dir='ltr'>factus</span> <span class='ocrx_word' id='word_1_182' title='bbox 342 2643 381 2675; x_wconf 91' lang='lat' dir='ltr'>C.</span> <span class='ocrx_word' id='word_1_183' title='bbox 397 2642 571 2674; x_wconf 83' lang='lat' dir='ltr'>Fabricius</span> <span class='ocrx_word' id='word_1_184' title='bbox 587 2638 780 2673; x_wconf 64' lang='lat' dir='ltr'>Luscinus!</span> <span class='ocrx_word' id='word_1_185' title='bbox 806 2639 892 2671; x_wconf 81' lang='lat' dir='ltr'>Gud.</span> 
     </span>
     <span class='ocr_line' id='line_1_44' title="bbox 261 2690 920 2732; baseline -0.006 -7"><span class='ocrx_word' id='word_1_186' title='bbox 261 2696 281 2725; x_wconf 75' lang='lat'><strong>3</strong></span> <span class='ocrx_word' id='word_1_187' title='bbox 307 2692 437 2725; x_wconf 77' lang='lat' dir='ltr'>cunctis</span> <span class='ocrx_word' id='word_1_188' title='bbox 460 2691 568 2724; x_wconf 83' lang='lat' dir='ltr'>avibus</span> <span class='ocrx_word' id='word_1_189' title='bbox 587 2690 814 2732; x_wconf 77' lang='lat' dir='ltr'>admirabilem]</span> <span class='ocrx_word' id='word_1_190' title='bbox 835 2690 920 2722; x_wconf 88' lang='lat' dir='ltr'>Mss.</span> 
     </span>
     <span class='ocr_line' id='line_1_45' title="bbox 218 2740 922 2783; baseline -0.004 -9"><span class='ocrx_word' id='word_1_191' title='bbox 218 2743 317 2776; x_wconf 89' lang='lat' dir='ltr'>Rem.</span> <span class='ocrx_word' id='word_1_192' title='bbox 342 2747 379 2775; x_wconf 90' lang='lat' dir='ltr'>et</span> <span class='ocrx_word' id='word_1_193' title='bbox 404 2742 498 2774; x_wconf 86' lang='lat' dir='ltr'>Pith.</span> <span class='ocrx_word' id='word_1_194' title='bbox 524 2742 672 2780; x_wconf 62' lang='lat' dir='ltr'>auribzm</span> <span class='ocrx_word' id='word_1_195' title='bbox 700 2740 790 2783; x_wconf 84' lang='lat' dir='ltr'>quod</span> <span class='ocrx_word' id='word_1_196' title='bbox 817 2741 922 2772; x_wconf 88' lang='lat' dir='ltr'>miror</span> 
     </span>
     <span class='ocr_line' id='line_1_46' title="bbox 218 2791 921 2836; baseline -0.003 -10"><span class='ocrx_word' id='word_1_197' title='bbox 218 2793 391 2827; x_wconf 86' lang='lat' dir='ltr'>Pithoeum</span> <span class='ocrx_word' id='word_1_198' title='bbox 417 2794 631 2836; x_wconf 85' lang='lat' dir='ltr'>neglexisse:</span> <span class='ocrx_word' id='word_1_199' title='bbox 655 2796 710 2826; x_wconf 90' lang='lat' dir='ltr'>est</span> <span class='ocrx_word' id='word_1_200' title='bbox 724 2791 813 2825; x_wconf 82' lang='lat' dir='ltr'>enim</span> <span class='ocrx_word' id='word_1_201' title='bbox 835 2791 921 2825; x_wconf 83' lang='lat' dir='ltr'>anti-</span> 
     </span>
    </p>
   </div>
   <div class='ocr_carea' id='block_1_10' title="bbox 592 1090 1326 2362">
    <p class='ocr_par' dir='ltr' id='par_1_12' title="bbox 592 1090 1326 2362">
     <span class='ocr_line' id='line_1_47' title="bbox 592 1090 1326 2362; baseline 0 0"><span class='ocrx_word' id='word_1_202' title='bbox 592 1090 1326 2362; x_wconf 95' lang='lat' dir='ltr'> </span> 
     </span>
    </p>
   </div>
   <div class='ocr_carea' id='block_1_11' title="bbox 974 2437 1679 2681">
    <p class='ocr_par' dir='ltr' id='par_1_13' title="bbox 974 2437 1679 2681">
     <span class='ocr_line' id='line_1_48' title="bbox 977 2437 1678 2482; baseline 0.006 -14"><span class='ocrx_word' id='word_1_203' title='bbox 977 2446 1042 2480; x_wconf 89' lang='lat' dir='ltr'>qua</span> <span class='ocrx_word' id='word_1_204' title='bbox 1057 2440 1094 2469; x_wconf 92' lang='lat' dir='ltr'>et</span> <span class='ocrx_word' id='word_1_205' title='bbox 1108 2437 1248 2479; x_wconf 84' lang='lat' dir='ltr'>elegans</span> <span class='ocrx_word' id='word_1_206' title='bbox 1264 2437 1381 2480; x_wconf 86' lang='lat' dir='ltr'>lectio,</span> <span class='ocrx_word' id='word_1_207' title='bbox 1397 2448 1469 2481; x_wconf 85' lang='lat' dir='ltr'>prae</span> <span class='ocrx_word' id='word_1_208' title='bbox 1481 2438 1678 2482; x_wconf 76' lang='lat' dir='ltr'>qua-sordet</span> 
     </span>
     <span class='ocr_line' id='line_1_49' title="bbox 976 2487 1679 2530; baseline 0.001 -11"><span class='ocrx_word' id='word_1_209' title='bbox 976 2492 1014 2520; x_wconf 91' lang='lat' dir='ltr'>et</span> <span class='ocrx_word' id='word_1_210' title='bbox 1043 2487 1143 2520; x_wconf 89' lang='lat' dir='ltr'>nauci</span> <span class='ocrx_word' id='word_1_211' title='bbox 1169 2492 1224 2520; x_wconf 87' lang='lat' dir='ltr'>est</span> <span class='ocrx_word' id='word_1_212' title='bbox 1253 2489 1387 2530; x_wconf 80' lang='lat' dir='ltr'>vulgata</span> <span class='ocrx_word' id='word_1_213' title='bbox 1414 2489 1535 2521; x_wconf 69' lang='lat' dir='ltr'>avibus.</span> <span class='ocrx_word' id='word_1_214' title='bbox 1579 2488 1679 2522; x_wconf 84' lang='lat' dir='ltr'>Inter</span> 
     </span>
     <span class='ocr_line' id='line_1_50' title="bbox 976 2538 1678 2581; baseline 0.003 -11"><span class='ocrx_word' id='word_1_215' title='bbox 976 2539 1148 2571; x_wconf 82' lang='lat' dir='ltr'>catalecta</span> <span class='ocrx_word' id='word_1_216' title='bbox 1162 2538 1296 2581; x_wconf 81' lang='lat' dir='ltr'>Virgilii</span> <span class='ocrx_word' id='word_1_217' title='bbox 1322 2540 1366 2572; x_wconf 87' lang='lat' dir='ltr'>de</span> <span class='ocrx_word' id='word_1_218' title='bbox 1387 2539 1562 2572; x_wconf 77' lang='lat' dir='ltr'>Laudibus</span> <span class='ocrx_word' id='word_1_219' title='bbox 1587 2539 1678 2572; x_wconf 85' lang='lat' dir='ltr'>Hor-</span> 
     </span>
     <span class='ocr_line' id='line_1_51' title="bbox 974 2588 1678 2631; baseline 0.001 -10"><span class='ocrx_word' id='word_1_220' title='bbox 974 2589 1039 2621; x_wconf 84' lang='lat' dir='ltr'>tuli</span> <span class='ocrx_word' id='word_1_221' title='bbox 1054 2599 1133 2631; x_wconf 85' lang='lat' dir='ltr'>pag.</span> <span class='ocrx_word' id='word_1_222' title='bbox 1150 2592 1224 2621; x_wconf 80' lang='lat'><strong>176.</strong></span> <span class='ocrx_word' id='word_1_223' title='bbox 1248 2590 1257 2607; x_wconf 92' lang='lat'>‘</span> <span class='ocrx_word' id='word_1_224' title='bbox 1270 2588 1362 2628; x_wconf 81' lang='lat' dir='ltr'>Aves</span> <span class='ocrx_word' id='word_1_225' title='bbox 1375 2596 1517 2622; x_wconf 83' lang='lat' dir='ltr'>canoros</span> <span class='ocrx_word' id='word_1_226' title='bbox 1529 2590 1678 2630; x_wconf 81' lang='lat' dir='ltr'>garrulae</span> 
     </span>
     <span class='ocr_line' id='line_1_52' title="bbox 975 2638 1677 2681; baseline 0.001 -10"><span class='ocrx_word' id='word_1_227' title='bbox 975 2638 1123 2672; x_wconf 87' lang='lat' dir='ltr'>fundunt</span> <span class='ocrx_word' id='word_1_228' title='bbox 1137 2649 1248 2681; x_wconf 85' lang='lat' dir='ltr'>sonos,</span> <span class='ocrx_word' id='word_1_229' title='bbox 1270 2640 1317 2672; x_wconf 91' lang='lat' dir='ltr'>Et</span> <span class='ocrx_word' id='word_1_230' title='bbox 1336 2648 1471 2681; x_wconf 83' lang='lat' dir='ltr'>semper</span> <span class='ocrx_word' id='word_1_231' title='bbox 1486 2648 1584 2671; x_wconf 82' lang='lat' dir='ltr'>aures</span> <span class='ocrx_word' id='word_1_232' title='bbox 1599 2649 1677 2672; x_wconf 85' lang='lat' dir='ltr'>can-</span> 
     </span>
    </p>
   </div>
   <div class='ocr_carea' id='block_1_12' title="bbox 976 2689 1678 2732">
    <p class='ocr_par' dir='ltr' id='par_1_14' title="bbox 976 2689 1678 2732">
     <span class='ocr_line' id='line_1_53' title="bbox 976 2689 1678 2732; baseline 0.001 -10"><span class='ocrx_word' id='word_1_233' title='bbox 976 2690 1068 2722; x_wconf 90' lang='lat' dir='ltr'>tibus</span> <span class='ocrx_word' id='word_1_234' title='bbox 1083 2689 1235 2722; x_wconf 86' lang='lat' dir='ltr'>mulcent</span> <span class='ocrx_word' id='word_1_235' title='bbox 1248 2690 1329 2722; x_wconf 89' lang='lat' dir='ltr'>suis.</span> <span class='ocrx_word' id='word_1_236' title='bbox 1364 2689 1531 2723; x_wconf 85' lang='lat' dir='ltr'>oblectat</span> <span class='ocrx_word' id='word_1_237' title='bbox 1545 2690 1678 2732; x_wconf 84' lang='lat' dir='ltr'>hortus,</span> 
     </span>
    </p>
   </div>
   <div class='ocr_carea' id='block_1_13' title="bbox 976 2740 1733 2784">
    <p class='ocr_par' dir='ltr' id='par_1_15' title="bbox 976 2740 1733 2784">
     <span class='ocr_line' id='line_1_54' title="bbox 976 2740 1733 2784; baseline 0 -11"><span class='ocrx_word' id='word_1_238' title='bbox 976 2741 1135 2782; x_wconf 85' lang='lat' dir='ltr'>advocat,</span> <span class='ocrx_word' id='word_1_239' title='bbox 1150 2741 1274 2781; x_wconf 86' lang='lat' dir='ltr'>pascit,</span> <span class='ocrx_word' id='word_1_240' title='bbox 1290 2740 1410 2773; x_wconf 73' lang='lat' dir='ltr'>tenet!</span> <span class='ocrx_word' id='word_1_241' title='bbox 1454 2741 1523 2773; x_wconf 88' lang='lat' dir='ltr'>Ubi</span> <span class='ocrx_word' id='word_1_242' title='bbox 1543 2751 1607 2784; x_wconf 88' lang='lat' dir='ltr'>pro</span> <span class='ocrx_word' id='word_1_243' title='bbox 1621 2742 1678 2773; x_wconf 77' lang='lat' dir='ltr'>ad·</span> <span class='ocrx_word' id='word_1_244' title='bbox 1728 2747 1733 2750; x_wconf 86' lang='lat'>·</span> 
     </span>
    </p>
   </div>
   <div class='ocr_carea' id='block_1_14' title="bbox 975 2791 1678 2832">
    <p class='ocr_par' dir='ltr' id='par_1_16' title="bbox 975 2791 1678 2832">
     <span class='ocr_line' id='line_1_55' title="bbox 975 2791 1678 2832; baseline 0.001 -9"><span class='ocrx_word' id='word_1_245' title='bbox 975 2795 1063 2824; x_wconf 80' lang='lat' dir='ltr'>vocat</span> <span class='ocrx_word' id='word_1_246' title='bbox 1093 2792 1170 2832; x_wconf 84' lang='lat' dir='ltr'>lege</span> <span class='ocrx_word' id='word_1_247' title='bbox 1198 2794 1318 2824; x_wconf 83' lang='lat' dir='ltr'>avocat.</span> <span class='ocrx_word' id='word_1_248' title='bbox 1363 2791 1569 2824; x_wconf 81' lang='lat' dir='ltr'>Petronius:</span> <span class='ocrx_word' id='word_1_249' title='bbox 1603 2793 1613 2811; x_wconf 88' lang='lat'>‘</span> <span class='ocrx_word' id='word_1_250' title='bbox 1632 2792 1678 2824; x_wconf 84' lang='lat' dir='ltr'>Et</span> 
     </span>
    </p>
   </div>
  </div>
 </body>
</html>
