1806 3236
383 222 587 257 PflAEmu
622 222 732 254 nn.
765 220 1068 253 AEsopmnum
1102 219 1201 251 mn.
1236 218 1304 250 ιν.
1334 207 1376 250 5.

144 332 209 368 pro
243 325 435 363 moretm
471 322 538 355 hoc
573 330 642 354 non
680 318 854 352 intellexit

143 371 351 414 seneffia-ns,
374 377 412 406 et
434 372 564 405 frustra
578 371 729 404 tentavit
745 370 854 403 Hein-

143 425 226 460 ulus.
250 425 336 458 Gna.

186 475 340 510 muria
364 473 503 516 dmm]
547 474 669 506 Domus
703 472 851 514 luxurie,

142 536 207 572 pro
219 536 274 569 ea,
288 536 366 570 quae
390 526 562 560 instructa
589 529 642 557 est
658 524 702 557 ad
722 524 852 565 luxum,

141 589 220 623 «με
249 579 371 612 dedita
397 582 435 611 et
459 581 666 610 consecrata
688 576 784 608 velut
799 579 853 608 est

141 630 301 664 luxuriae.
346 628 529 664 Quomodo
555 629 696 660 Plautus
724 627 759 659 in
788 627 853 659 Ca-

141 681 205 716 sin.
230 689 272 714 11.
300 690 350 714 sc.
379 682 411 713 1.
433 679 636 712 ‘Stabulum
658 677 821 721 nequitiae
833 681 855 710 :⁹

139 733 176 766 in
187 732 288 766 Trin.
303 741 347 764 ιι.
359 739 407 765 sc.
416 733 450 764 2.
472 730 483 749 ‘
500 729 703 773 Hospitium
715 729 854 763 calami-

140 783 224 819 tatis
237 785 260 816 ε’
282 783 408 816 Cicero
423 783 458 815 iu
474 782 533 814 De
550 783 633 824 Leg.
648 780 735 824 Agr.
758 782 852 815 ‘Do-

140 834 307 880 mieilinm
321 833 494 877 superbias
507 833 529 867 ε’
549 838 586 866 et
604 833 751 866 vCoi-nel.
780 833 853 866 Ne-

141 895 206 929 pos
219 885 305 923 Vita
317 884 431 919 Attie-
444 894 524 928 cap.
547 888 579 918 3.
601 885 612 904 ‘
627 884 851 918 Domioilium

139 937 287 982 imperii’
315 942 497 981 usurpant.
539 936 598 970 Ad
621 936 768 970 eundem
782 946 852 969 mo-

141 993 224 1029 dnm
249 993 420 1027 ‘Domum
433 991 569 1032 luctns‚'
591 991 602 1010 ‘
615 991 763 1024 Domum
774 999 851 1033 pre·

139 1044 295 1080 cationis'
308 1044 398 1077 dixit
411 1046 513 1077 vetus
527 1041 851 1076 Bibliorum'lnter-

139 1105 232 1138 pres.
285 1095 375 1129 Hae
403 1094 624 1137 scripseram,
660 1102 739 1126 cum
766 1092 849 1126 nob.

137 1147 208 1180 Dn-
221 1145 383 1180 Heinsius
397 1144 572 1189 signifieat
585 1145 770 1187 legendum
784 1144 850 1178 sibi

137 1197 250 1235 videri
263 1196 533 1232 mamam
543 1207 556 1230 .·
576 1197 761 1239 lices-iesse,
772 1206 850 1239 pre-

137 1248 224 1295 tinm
236 1258 299 1292 pro
312 1257 351 1282 re
367 1249 481 1282 venali
500 1247 639 1290 offerre,
653 1249 758 1292 idque
773 1259 849 1282 ver-

138 1302 232 1344 bum,
255 1305 296 1335 ut
326 1310 447 1344 parum
469 1300 698 1343 intellectum,
721 1301 849 1344 passim

137 1353 334 1395 corrupisse
367 1351 494 1386 inscios
526 1352 700 1386 librarios.
745 1351 849 1387 Quod

137 1408 194 1438 est
217 1402 320 1438 valde
342 1403 552 1444 verisimile3
582 1404 648 1436 nisi
674 1408 849 1447 putemus,

135 1456 222 1491 illud
245 1455 383 1490 mna
413 1465 484 1488 non
512 1455 731 1497 mutandum,
768 1456 850 1499 quia

139 1506 235 1540 velut
249 1515 388 1539 causam
403 1506 574 1547 continet,
596 1516 671 1547 cur,
686 1516 765 1540 cnm
781 1515 851 1539 om-

139 1557 222 1590 nino
249 1556 344 1590 odes
366 1556 502 1600 aliquas
525 1557 686 1590 debuerit
709 1557 851 1599 habere,

137 1608 215 1642 illas
239 1608 393 1642 vendere
420 1607 584 1650 voluerit,
615 1617 741 1650 nempe
767 1608 851 1650 quia

138 1658 239 1701 vidit,
254 1659 352 1692 luxui
363 1658 496 1693 servire
502 1659 630 1702 potius,
641 1669 743 1702 quam
754 1658 851 1691 habi-

137 1709 274 1743 tationi.
296 1708 407 1749 Sem.
463 1709 724 1751 Gonia-turam,
745 1719 848 1752 quam

134 1760 214 1804 curn
235 1759 415 1794 seheffero
441 1760 559 1794 Nobil.
583 1754 746 1793 Heinsius
763 1759 847 1793 olim

135 1811 508 1854 communicaveram
520 1811 608 1844 libro
623 1820 685 1844 suo
699 1810 847 1854 induxit,

134 1863 186 1897 ita
213 1867 262 1896 ut.
283 1863 446 1896 videatur
485 1866 608 1905 postea
636 1863 846 1896 sententiam

135 1918 311 1955 mmm„
336 1914 524 1956 adscripsit
546 1923 630 1946 vero
643 1914 756 1946 locum
773 1913 847 1946 Cic.

134 1965 263 2008 Agl-ar.
290 1974 332 1999 11.
352 1965 363 1984 ‘
377 1965 508 2007 capum
533 1964 570 1996 in
594 1963 772 1996 domicilio
795 1973 849 1996 su-

135 2015 281 2059 perbiae,
292 2020 400 2059 atque
415 2015 452 2048 in
465 2014 606 2047 sedibus
621 2014 765 2046 luxuriae
782 2014 850 2047 col-

135 2065 266 2108 locati‚'
286 2071 324 2100 et
349 2066 424 2100 Liv.
447 2074 559 2099 xxm.
575 2068 610 2098 8.
631 2066 642 2084 ⁴
657 2065 849 2098 Luxuriosa

135 2119 284 2160 domus!
326 2119 408 2153 Non
434 2122 532 2152 recte
559 2121 677 2150 autem
710 2117 850 2151 videtur

135 2170 270 2204 Gudins
285 2179 407 2204 vocem
421 2169 558 2203 lunaria
580 2169 636 2202 hic
659 2168 776 2201 dativo
793 2178 849 2201 ca-

134 2230 176 2254 sn
187 2221 362 2264 accipere,
387 2225 426 2254 et
448 2221 625 2264 explicare
650 2229 727 2262 per,
749 2219 848 2252 luxu-

135 2273 264 2314 riosos3
292 2281 371 2305 nam
403 2273 512 2305 domus
533 2271 683 2313 luxui-im,
712 2275 766 2304 est
793 2280 848 2312 ea,

132 2327 177 2357 ut
209 2327 308 2357 reete
350 2322 547 2357 Sebefferus
584 2322 851 2365 interpretatur,

136 2383 215 2418 qum
229 2373 274 2407 ad
289 2374 407 2407 luxum
421 2378 460 2407 et
477 2373 768 2416 magnificentiam
792 2377 850 2406 est

134 2425 331 2467 instructu
357 2425 407 2458 sic
438 2425 483 2458 de
506 2426 609 2458 domo
631 2424 786 2467 Agesilai
806 2425 847 2458 C.

135 2476 258 2518 Nepos
273 2486 305 2510 c.
319 2479 351 2510 7.
378 2476 389 2495 ‘
404 2476 516 2510 Quam
532 2475 590 2519 qui
602 2475 762 2516 intrarat,
772 2476 845 2509 nul-

135 2521 207 2560 lum
223 2527 355 2571 signum
371 2526 535 2570 libidinis,
558 2528 688 2560 nullum
701 2527 845 2561 luxuria!

1528 203 1616 248 589

906 317 1026 350 videre
1039 315 1202 360 poterat!
1236 315 1286 349 Et
1314 312 1421 349 Ovid.
1445 313 1541 347 Fast-
1563 322 1616 347 vr.

905 371 982 403 643.
997 368 1042 401 de
1057 368 1159 402 domo
1180 366 1305 400 Vedii:
1329 366 1340 385 ‘
1356 365 1446 398 Haec
1477 368 1618 408 aequata

905 421 978 453 solo
1008 424 1076 461 est,
1113 419 1209 452 nullo
1243 418 1308 451 sub
1331 417 1476 450 crimine
1506 416 1617 458 regni,

905 472 975 505 Sed
1008 472 1091 515 quia
1119 471 1255 503 luxuria
1277 469 1351 502 visa
1378 478 1505 502 nocere
1535 470 1619 501 sual

905 524 953 572 ljjt
980 523 1029 556 ita
1056 522 1195 556 Curtius
1225 530 1286 554 111.
1313 524 1366 554 11.
1390 523 1444 554 2⁰.
1465 520 1617 562 ‘Ingens

907 575 980 608 auri
1004 574 1211 617 argentique
1227 571 1384 616 pondus‚’
1408 572 1508 604 ‘Non
1523 570 1618 611 belli,

907 626 970 659 sed
995 626 1140 658 luxuriae
1171 626 1400 667 apparatum,'
1426 626 1546 655 vocat:
1580 625 1618 654 et

906 678 1035 712 Justin.
1052 686 1096 710 11.
1110 679 1163 710 14.
1186 677 1196 695 ⁴
1213 676 1370 716 Graecos,
1389 673 1499 707 diviso
1525 674 1618 706 inter

906 739 943 762 se
958 739 1043 762 auro
1058 727 1215 771 Persico,
1237 727 1436 760 divitiarum
1463 725 1618 759 Luxuria

905 779 1026 822 cepit!
1071 780 1125 812 Ex
1155 778 1278 822 quibus
1313 773 1469 811 omnibus
1505 781 1617 820 patet,

903 831 1083 865 Luxuriam
1105 830 1238 864 Latinis
1264 830 1407 873 proprie
1427 828 1619 870 dicifuimi-

906 893 963 916 um
976 886 1014 916 et
1023 881 1202 925 profusum
1217 885 1404 924 sumptum,
1419 883 1467 921 et,
1492 883 1534 912 ut
1545 879 1618 912 No·

905 935 983 968 nius
1009 934 1174 977 explicat,
1211 933 1358 970 ficontra
1384 932 1552 975 pudorem
1576 935 1618 965 et

905 986 1160 1030 supramodum
1176 985 1357 1029 profusio!
1401 984 1506 1020 Quod
1522 987 1560 1016 et
1571 992 1616 1016 ex

903 1039 963 1073 lib.
978 1048 1032 1073 rx.
1046 1048 1078 1072 c.
1092 1042 1123 1072 1.
1140 1037 1274 1071 Valerii
1289 1036 1436 1070 Maximi
1454 1039 1616 1080 apparet,

904 1091 964 1134 qui
975 1090 1009 1123 ei
1024 1089 1203 1124 libidinem
1223 1089 1383 1122 comitem
1399 1087 1499 1128 facit,
1523 1091 1563 1120 ut
1579 1090 1617 1119 et

903 1143 1044 1176 Terent.
1073 1141 1268 1175 Heaut.<v.
1293 1144 1323 1174 1.
1346 1141 1356 1159 ‘
1373 1140 1424 1173 Ut
1437 1139 1529 1172 illius
1544 1137 1616 1171 ani-

902 1204 1009 1234 mum,
1036 1194 1094 1238 qui
1130 1203 1222 1226 nune
1254 1193 1392 1226 luxuria
1414 1195 1452 1224 et
1476 1189 1618 1223 lascivia

902 1244 1056 1287 Diffinit,
1086 1243 1293 1278 retundam!
1328 1244 1394 1276 -Et
1432 1251 1539 1284 supra
1574 1241 1616 1275 C.

904 1298 999 1341 Nep.
1015 1299 1092 1331 loco
1107 1298 1260 1331 laudato.
1303 1297 1437 1331 Eadem
1452 1305 1535 1329 vero
1546 1295 1616 1328 for-

902 1359 960 1382 ma
986 1350 997 1369 ‘
1011 1350 1175 1382 Luxuriae
1212 1347 1338 1382 castra'
1374 1348 1464 1381 dixit
1501 1347 1614 1380 Cicer.

880 1408 883 1411 ’
902 1400 1004 1433 Vei-r.
1032 1408 1066 1433 v.
1081 1402 1135 1433 3⁷.
1159 1403 1196 1433 et
1218 1398 1464 1441 Carthaginem
1491 1399 1617 1431 ‘Frau-

902 1451 986 1484 dum
1001 1450 1149 1484 domum’
1163 1450 1269 1483 Silius
1279 1459 1331 1483 vl.
1341 1453 1418 1483 479.
1454 1450 1615 1482 Lucanus

902 1512 987 1536 vero
1007 1511 1044 1536 x.
1058 1505 1136 1536 488.
1157 1503 1168 1520 ⁴
1185 1502 1411 1535 Luxuriosam
1440 1501 1581 1534 domum
1595 1501 1617 1533 ι’

903 1564 983 1597 quae
995 1554 1110 1587 omnia
1123 1558 1275 1593 nostram
1286 1553 1615 1596 interpretationem

903 1604 1120 1638 confirmant.
1153 1605 1270 1637 Burm.

945 1660 990 1690 46
1013 1658 1060 1690 Et
1073 1656 1207 1698 dictam]
1244 1656 1505 1698 Praeseriptam,
1534 1665 1615 1688 oon-

901 1708 1060 1741 stitutam
1076 1718 1253 1742 summam.
1297 1709 1438 1741 Terent.
1465 1708 1614 1740 ‘Dotem

900 1759 1030 1793 dicere’
1060 1761 1121 1803 ait,
1147 1760 1279 1794 Heaut.
1305 1770 1340 1793 v.
1367 1764 1399 1793 1.
1422 1762 1476 1794 64.
1499 1764 1536 1793 et
1560 1763 1614 1793 69.

900 1812 1037 1845 Pmsch.

945 1864 992 1896 Et
1007 1863 1142 1905 dictam]
1164 1864 1235 1897 Ms.
1251 1864 1414 1896 Edictum.
1438 1863 1532 1896 Gud.

906 1943 908 1946 ,
942 1917 987 1948 48
1011 1916 1104 1953 Quod
1117 1914 1382 1957 multer-amm]
1409 1914 1615 1956 Non'igitur

900 1975 1038 2008 semper
1051 1966 1094 1999 ad
1107 1966 1364 1999 multitudinem
1377 1965 1506 2007 respici
1514 1974 1615 2007 opor-

902 2021 968 2059 tet,
981 2017 1043 2050 sed
1055 2017 1102 2049 ad
1118 2026 1190 2058 eos,
1205 2016 1331 2060 quibus
1346 2016 1462 2058 potins
1484 2017 1543 2048 lux
1558 2024 1616 2048 ve-

902 2067 1016 2100 ritatis
1039 2068 1202 2101 adsistit:
1240 2071 1280 2099 ut
1305 2067 1460 2109 graviter
1480 2068 1616 2101 monuit

903 2118 1074 2151 Arcadius
1090 2118 1125 2150 in
1140 2119 1163 2150 l.
1178 2127 1258 2151 xxi.
1271 2119 1315 2151 ob
1329 2119 1490 2151 Carmen.
1505 2119 1535 2161 ς.
1548 2119 1613 2152 ult.

903 2170 948 2203 D.
965 2169 1010 2202 de
1034 2170 1193 2203 testibus.
1215 2171 1227 2188 ‘
1240 2171 1366 2213 Neque
1394 2179 1438 2203 ex
1460 2169 1615 2203 multitu-

902 2221 983 2253 dine
995 2226 1176 2254 auctorum
1185 2221 1423 2263 judicandum,
1435 2221 1529 2264 quod
1543 2231 1614 2255 me-

903 2271 968 2304 lius
990 2278 1027 2304 et
1050 2272 1182 2315 aequius
1197 2276 1272 2305 estz
1295 2281 1372 2304 cum
1390 2273 1499 2314 possit
1515 2271 1615 2305 forsi-

899 2327 964 2356 tan
987 2328 1023 2356 et
1038 2323 1221 2355 deterioris
1247 2322 1424 2355 sententia
1436 2327 1474 2356 et
1486 2324 1613 2356 multas

901 2380 939 2409 et
951 2376 1097 2418 majores
1113 2375 1148 2407 in
1168 2375 1283 2418 aliqua
1298 2379 1400 2417 parte
1414 2385 1576 2418 superare
1591 2375 1613 2410 :'

901 2430 941 2459 ut
974 2425 1192 2460 ,lastinianus
1232 2425 1283 2457 ait
1313 2425 1350 2457 in
1391 2426 1532 2467 praefat.
1556 2426 1610 2459 De

897 2477 1140 2520 Conceptione
1156 2475 1391 2518 Digestorum.
1415 2475 1502 2509 Rite.
