1806 3236
240 218 330 270 130
528 236 739 270 PnAEnm»
764 235 1081 269 FABULARUM
1115 234 1415 270 AEsoPmRUM

244 334 345 378 Nec
365 320 510 389 generi
529 334 682 385 tribui,
703 332 784 376 sed
802 333 975 385 virtuti,
996 334 1195 388 gloriam.

243 400 472 454 Quoniam
493 406 735 458 occuparat
754 401 880 454 alter,
900 415 954 444 ne
972 402 1142 458 primus
1161 402 1314 453 forem,
1676 401 1706 450 5

242 469 319 514 Ne
339 471 463 512 solus
482 476 615 521 esset,
637 471 809 526 studui;
841 470 960 526 quod
981 471 1216 526 superfuit.

241 537 345 580 Nec
364 538 462 580 haec
481 538 661 589 invidia,
682 552 835 582 verum
852 543 921 582 est
941 539 1183 583 aemulatio.

243 604 421 657 Quodsi
440 606 581 648 labori
601 606 760 649 faverit
781 607 960 650 Latium
978 620 1099 658 mee,

242 671 402 716 Plures
422 674 616 726 habebit,
638 687 751 730 quos
771 678 975 731 opponat
993 674 1199 718 Graeciae.

241 740 293 783 Si
310 742 426 785 livor
445 743 694 785 obtrectare
712 756 862 786 curam
882 743 1083 795 voluerit,
1574 772 1576 774 ·
1651 736 1708 787 10

237 884 366 918 honores
387 885 560 927 nobilitati,
575 887 629 919 sed
642 886 769 920 virtuti.
816 887 901 924 Quia
914 888 996 920 alius
1011 886 1219 929 praeripuerat
1231 895 1270 919 ne
1284 894 1380 918 essem
1398 883 1530 927 primun,
1543 885 1652 924 curavi
1665 893 1708 919 ne

231 927 322 967 foret
346 928 456 961 unicus
478 930 628 971 scriptor
650 930 868 963 Fabularum.
911 931 952 963 Id
977 940 1039 963 non
1062 933 1109 962 est
1122 929 1276 970 invidere,
1300 930 1352 961 sed
1372 929 1524 961 aemulari.
1568 927 1609 961 Si
1633 932 1708 962 vero

238 971 342 1003 Roma
355 972 508 1013 aspirarit
522 983 588 1005 meo
601 973 714 1014 labori,
735 974 843 1015 plures
865 973 934 1015 ipsi
957 977 1048 1007 erunt
1073 977 1243 1014 auctores,
1256 982 1330 1014 quos
1343 971 1481 1011 conserat
1495 970 1710 1005 cunm

237 1015 450 1048 auctoribus.
493 1015 532 1048 Si
552 1016 675 1049 invidia
694 1017 829 1049 voluerit
854 1027 981 1059 corpere
1006 1015 1217 1058 diligentiam,
1237 1025 1298 1048 non
1322 1015 1392 1048 ideo
1415 1014 1539 1054 auferet
1562 1013 1706 1049 tacitam

859 1098 1055 1112 orenoeeee
1059 1099 1098 1111 60

237 1153 331 1195 aliud
352 1153 487 1187 honoris.
530 1154 670 1188 Deinde
687 1155 808 1188 cunctis
835 1159 972 1187 mutare
987 1154 1021 1187 in
1045 1155 1148 1187 cuncti
1164 1157 1218 1187 est
1236 1157 1359 1187 contra
1379 1154 1531 1187 mentem
1553 1149 1709 1187 Pboedri.

237 1196 325 1234 Vult
337 1198 426 1229 enim
443 1196 561 1239 poeta,
576 1202 645 1230 non
660 1198 846 1239 nobilitati,
860 1198 928 1237 non
955 1199 1083 1240 generi,
1098 1202 1159 1230 aut
1174 1197 1297 1239 patriae
1313 1197 1404 1229 hunc
1426 1197 1590 1239 honorem
1600 1191 1710 1231 'habi-

239 1244 326 1279 tum‚
341 1240 401 1272 sed
424 1241 550 1281 ingenio
573 1241 698 1283 AEsopi‚
720 1242 778 1283 qui
805 1241 1007 1284 peregrinus
1028 1245 1065 1273 et
1087 1240 1256 1273 barbarus
1282 1239 1404 1272 retulit
1424 1238 1606 1280 honorem,
1626 1239 1710 1272 solis

238 1282 374 1315 civibus
390 1283 478 1315 bene
493 1284 627 1316 meritis
644 1284 908 1318 tribuisolitum.
953 1284 1158 1326 Exemplum
1175 1284 1279 1325 igitur
1293 1281 1413 1325 AEsopi
1428 1282 1554 1315 docere
1568 1280 1711 1327 poterat

237 1324 482 1366 Athenienses,
497 1327 586 1359 viam
600 1327 737 1359 honoris
752 1331 874 1369 patere
897 1327 1027 1367 cunctis,
1046 1336 1160 1368 neque
1183 1326 1321 1358 excludi
1347 1334 1480 1365 servos,
1494 1324 1711 1367 peregrinos,

203 1380 219 1396 ⁴
237 1366 427 1402 barbaros!
461 1369 578 1402 Nihilo
603 1380 687 1403 vero
702 1371 811 1403 secius
832 1379 902 1402 non
922 1373 1041 1412 paucae
1065 1369 1249 1402 Editlones
1270 1367 1401 1409 habeut
1419 1367 1536 1407 cuncti,
1557 1368 1603 1401 ne
1618 1364 1711 1401 desit

237 1420 365 1444 nomen
401 1412 445 1444 ad
481 1412 616 1451 scirent.
666 1413 724 1446 Sic
746 1413 911 1447 Nevelet.
946 1412 1091 1454 Rigaltii
1107 1415 1138 1444 2.
1174 1410 1340 1444 Scheffer.
1362 1411 1480 1443 Ursin.
1507 1409 1710 1453 noogstrat.

237 1454 382 1488 Lenem.
411 1455 562 1488 Brotier.
586 1455 781 1489 Desbillon.
802 1456 928 1488 Didot.
973 1455 1116 1487 Bothius
1141 1455 1226 1496 legit
1253 1452 1296 1486 P.
1311 1453 1436 1494 honoris
1456 1463 1483 1486 s.
1503 1454 1540 1494 ui
1560 1452 1664 1493 andi
1678 1463 1712 1486 o.

235 1493 382 1540 [Auton.
397 1497 487 1530 idem
504 1508 545 1530 ac
561 1508 624 1531 nos
636 1498 818 1541 legit.]—-4
831 1499 920 1531 Post
931 1499 1022 1530 hunc
1037 1507 1169 1530 versum
1186 1499 1220 1529 in
1235 1496 1346 1528 Editt.
1358 1495 1566 1529 Rittershus.
1578 1493 1712 1529 Menn-

236 1539 390 1575 Gronov.
414 1540 579 1574 Neveleti
612 1541 781 1583 asterisci,
803 1542 918 1574 omissi
953 1542 1071 1573 versus
1108 1539 1251 1582 alicujus
1278 1539 1388 1582 signa,
1412 1541 1596 1589 apparent.
1639 1537 1712 1573 sed

238 1583 324 1615 nibil
339 1583 471 1624 deesse,
487 1594 529 1616 ex
552 1585 715 1616 orationis
730 1589 899 1618 contextu
915 1588 1064 1626 constat,
1088 1584 1296 1617 observante
1310 1583 1386 1624 Jam
1401 1582 1482 1614 olim
1499 1580 1715 1623 numanae,

238 1626 276 1667 in
288 1626 383 1668 cujus
393 1627 600 1660 sententiam
613 1631 711 1660 recte
722 1627 872 1660 discedit
882 1627 1092 1668 Heusinger.
1113 1626 1215 1659 Dicit
1226 1635 1301 1658 nem
1330 1624 1531 1657 e'PBaedr-us
1541 1626 1554 1657 ι’
1564 1620 1712 1666 AEsopus

239 1669 370 1710 primus
385 1668 453 1702 fuit
481 1670 573 1702 inter
597 1670 755 1712 Graecos,
770 1671 828 1712 qui
855 1674 986 1712 praeter
1010 1674 1146 1702 ceteros
1161 1669 1286 1702 fabulis
1305 1635 1444 1700 faudem
1467 1667 1536 1700 sibi
1549 1671 1713 1715 parerem

238 1711 318 1744 hinc
333 1712 475 1744 meritus
491 1717 547 1744 est
558 1713 604 1744 'ab
626 1712 895 1745 Atheniensibus
921 1716 1084 1746 statuam.
1127 1712 1298 1746 Quoniam
1322 1709 1430 1754 igitur
1454 1709 1601 1752 AEsopus
1624 1719 1713 1752 prae-

239 1754 337 1792 venit
353 1764 406 1786 rue
431 1755 465 1786 in
481 1754 605 1787 fabulis
629 1755 856 1796 inveniendis,
877 1756 996 1797 sicque
1012 1754 1111 1794 fecit,
1127 1765 1171 1788 ne
1198 1753 1328 1797 primus
1353 1753 1446 1786 inter
1460 1761 1578 1785 omnes
1600 1761 1712 1785 essem

239 1794 432 1841 fabularum
458 1798 628 1839 scriptor:
653 1798 782 1839 studui,
798 1798 890 1840 quod
912 1798 1022 1830 solum
1047 1797 1131 1830 mihi
1153 1795 1338 1839 superfuit,
1353 1805 1397 1827 ne
1418 1795 1510 1827 solus
1525 1795 1714 1830 Fabulator

241 1839 360 1873 audiat
373 1839 530 1882 AEsopus.
575 1841 660 1873 Ideo
685 1850 753 1872 non
770 1841 906 1873 occulte
923 1839 1050 1881 innuit,
1065 1849 1102 1872 se
1118 1840 1263 1874 similem
1286 1837 1424 1872 laudem
1440 1842 1476 1870 et
1498 1838 1677 1880 praemium
1693 1848 1714 1870 a

240 1877 341 1915 Latio
373 1893 524 1926 sperare.
570 1884 626 1915 Sic
642 1893 691 1915 vs.
706 1886 741 1916 4.
764 1893 842 1916 cum
867 1887 901 1915 5.
932 1883 1022 1915 bene
1050 1882 1211 1916 cohaeret.
1234 1891 1268 1914 v.
1291 1882 1410 1913 Burm.
1444 1878 1576 1913 'contra
1604 1880 1713 1922 maior

239 1924 375 1958 lacunae
398 1926 547 1967 suspicio
563 1931 615 1958 est
637 1925 728 1958 infra
741 1931 818 1967 post
835 1936 885 1958 vs.
902 1928 1031 1958 11.—-5.
1045 1929 1078 1958 6.
1115 1925 1158 1958 In
1173 1925 1242 1958 Ms.
1258 1923 1353 1956 Pitb.
1366 1923 1424 1956 bic
1436 1923 1532 1956 locus
1546 1923 1597 1956 ita
1618 1923 1713 1955 exhi-

239 1965 362 2001 betur:
389 1969 544 2005 Quoniam
554 1972 719 2011 occuparat
732 1970 825 2009 alter,
841 1979 880 2001 ne
885 1968 1007 2010 primus
1016 1967 1118 2010 foret,
1131 1969 1197 2000 Nec
1212 1966 1295 1999 solus
1304 1966 1503 2010 περὶ,εὲυάἰὶ
1516 1967 1597 2008 quod
1606 1971 1713 2008 super-

233 2009 316 2050 suit.
362 2012 419 2044 Sic
442 2011 633 2044 Neveletus
649 2016 687 2044 et
702 2012 822 2053 primae
839 2011 951 2044 Editt.
967 2009 1022 2044 cui
1041 2011 1180 2043 lectioni
1195 2010 1307 2042 nullus
1322 2019 1463 2051 prorsus
1479 2018 1598 2041 sensus
1610 2008 1712 2042 Inest.

241 2053 411 2087 Restituit
435 2055 546 2087 locum
574 2053 840 2095 Rittersbusius,
866 2054 925 2097 qui
947 2063 1011 2096 pro
1026 2054 1115 2093 soret
1134 2053 1232 2095 legit,
1249 2052 1378 2094 sorem,·
1401 2061 1464 2095 pro
1483 2061 1626 2093 nee,ne,·
1648 2061 1713 2094 pre

240 2098 355 2137 studii,
369 2098 487 2130 studui.
531 2097 589 2130 Ita
603 2096 677 2130 fere
693 2097 879 2139 Rigaltius‚
902 2098 936 2128 in
953 2096 1116 2129 Editioue
1132 2105 1158 2129 1.
1174 2097 1266 2129 hunc
1280 2096 1395 2128 locum
1408 2092 1458 2128 sic
1474 2094 1711 2129 constituens:

242 2139 336 2176 ‘Quod
344 2139 414 2180 jam
427 2144 592 2182 occuparat
613 2141 705 2182 ulter,
719 2150 758 2172 ne
771 2139 890 2182 primus
898 2140 1003 2181 forem
1012 2150 1025 2177 ,·
1047 2140 1099 2172 Ne
1118 2140 1202 2172 solus
1224 2142 1314 2179 esset,
1327 2138 1436 2171 studui
1449 2137 1529 2179 quod
1547 2136 1715 2181 superfuit.

242 2181 313 2214 Sed
327 2183 404 2216 Jac.
420 2183 593 2215 Gronovio
609 2183 830 2214 Rittershusii
848 2182 1045 2215 emendatio
1060 2181 1234 2223 displicet,
1248 2191 1326 2225 quae
1340 2190 1423 2213 sana
1438 2183 1501 2213 est.
1543 2179 1580 2213 Is
1596 2183 1713 2214 autem

243 2225 408 2267 conjicit:
442 2226 483 2261 Q.
504 2236 532 2258 ο.
547 2235 578 2257 α.
594 2235 625 2257 n.
638 2236 673 2267 p.
689 2225 791 2266 soret,
812 2225 880 2258 Nec
903 2227 996 2266 solus,
1020 2234 1100 2264 ecce,
1119 2225 1220 2257 studii
1240 2225 1322 2266 quod
1343 2223 1512 2266 superfuit.
1555 2219 1635 2256 vid.
1660 2222 1715 2266 Ej-

242 2265 445 2303 Emendatt.
460 2268 496 2299 in
519 2267 670 2300 Phaedro
694 2278 728 2309 p.
745 2270 820 2300 149.
865 2267 947 2300 Alia
971 2267 1161 2310 conjiciunt
1174 2267 1367 2307 Bentleius,
1389 2265 1586 2307 Salmasius,
1610 2265 1716 2300 Rich·

242 2312 355 2351 terus,
368 2310 427 2342 vix
442 2309 557 2352 digna,
605 2320 656 2342 uae
672 2312 982 2343 memorentur.—-—'7
1008 2311 1077 2343 Nec
1090 2311 1167 2343 haec.
1203 2309 1347 2341 Lallem.
1367 2308 1592 2350 Cuniugham.
1611 2305 1713 2341 Brot.

243 2351 386 2394 Bipont.
410 2353 538 2387 Jakob.
561 2352 576 2393 [
610 2352 722 2393 mom]
746 2353 878 2385 habent
898 2353 1007 2394 Neque
1028 2353 1171 2384 hem—8
1198 2353 1342 2384 Faverit.
1365 2351 1450 2385 eod.
1465 2351 1560 2384 Pitb.
1574 2350 1714 2391 foveret,

244 2398 388 2428 notante
416 2396 689 2428 Neveletm-m
721 2396 771 2428 Si.
807 2396 897 2430 Quia
925 2396 954 2427 si
980 2395 1161 2436 praecessit
1183 2395 1300 2434 modo,
1327 2395 1447 2427 Heins.
1475 2393 1541 2436 Ep.
1566 2402 1644 2427 xxi.
1668 2394 1713 2427 ad

242 2437 409 2477 Scheffer.
422 2438 585 2481 malebat,
597 2441 634 2471 ut
657 2439 750 2480 livam,
766 2448 841 2480 pro,
857 2443 1056 2480 utcumque.
1101 2438 1229 2473 Posset
1251 2436 1402 2471 faciliori
1423 2446 1525 2470 mauu
1540 2436 1716 2479 ffln‘legi;

912 2545 1054 2579 NOTAE

289 2621 311 2651 8
333 2617 478 2662 Latium]
502 2620 614 2662 Regio
638 2618 752 2652 Italiae
775 2618 953 2653 notissima.
1005 2619 1222 2654 conscribent
1237 2617 1381 2652 fabulas.

244 2667 338 2703 inter
367 2668 564 2703 Hetruriam
593 2674 630 2703 et
659 2670 892 2712 Campaniam,
932 2680 953 2703 a
1051 2670 1137 2707 Quos
1155 2672 1288 2711 opponat
1304 2666 1454 2708 Graeciae]
1471 2665 1518 2700 ›ld
1541 2670 1608 2708 est,
1630 2665 1712 2700 doe-

245 2719 388 2753 latendo
402 2721 510 2763 dicta,
524 2721 616 2764 quod
631 2719 680 2754 ibi
694 2720 860 2755 Saturnus
874 2719 953 2752 lati-
1007 2719 1145 2752 tissimis
1175 2719 1255 2751 viris
1279 2729 1299 2751 e
1326 2717 1478 2757 Graeeia,
1517 2717 1577 2760 qui
1605 2718 1712 2755 multa

247 2770 343 2807 tuit.
1007 2780 1115 2814 opera
1128 2769 1342 2814 reliquerunt
1356 2766 1566 2812 posteritati.
1693 2764 1696 2767 ’

289 2821 313 2852 9
332 2820 449 2856 Plures
461 2820 600 2865 habebit]
623 2819 694 2858 Qui
706 2829 783 2854 meo
794 2818 952 2864 exemplo
1372 2816 1373 2819 ’
