1806 3236
211 230 299 274 400

213 336 394 380 Anonymo
423 334 592 369 Nielantii
622 334 787 376 legamus
800 336 919 367 veteres

211 387 360 429 injurias.

255 440 276 470 7
298 437 445 480 Infestis]
465 437 613 470 Veteres
631 436 793 478 habuere,
818 434 920 475 Infes-

212 492 274 521 tus.
316 488 385 521 Sed
400 488 465 521 hoc
481 488 621 521 rectius.
645 486 754 526 Schef.
797 487 845 519 Et
870 486 921 519 ita

212 539 418 572 Neveletus.

255 592 276 622 9
294 589 442 621 Frontem
453 588 586 630 exterit]
607 589 769 621 Frontem
782 586 921 628 exterit,

213 639 460 681 ἔξεγκεφαλίζει,
481 640 697 673 excerebrat.
724 638 805 679 Εἰς.

244 691 393 732 Exterit]
411 691 632 731 Comminuit‚
646 689 792 722 terendo
802 692 839 721 et
851 688 918 720 cal-

211 743 368 776 citrando
384 742 584 785 confringit.
630 742 686 775 Ita
711 742 799 773 Stat.
814 739 918 772 Theb.

210 794 270 828 lib.
280 803 317 827 x·
333 797 408 827 473.
430 794 441 812 ‘
453 794 578 826 Gravis
599 793 730 825 exterit
739 796 835 824 artus
846 791 918 823 Un-

211 844 313 886 gula?
359 845 510 877 Consule
525 849 561 877 et
578 843 742 877 Ovidium
758 842 875 875 Amor.
889 851 916 874 1.

211 896 310 936 Eleg.
336 898 369 927 9.
394 905 444 928 vs.
467 898 519 927 12.
555 895 669 938 ibique
704 893 917 927 doctissimas

210 946 291 978 Nic.
306 946 442 978 Heinsii
456 951 565 979 notas.
611 946 653 978 In
663 946 748 978 Cod.
761 944 917 978 Danielis

210 990 290 1038 fuit,
314 997 452 1030 extudit.
475 996 591 1030 Schef.
635 998 692 1029 Ita
716 997 850 1030 Seneca
873 995 917 1027 de

209 1047 384 1080 brevitate
413 1048 515 1081 vitae:
539 1049 549 1067 ‘
565 1048 704 1090 Ingenti
731 1047 820 1079 mole
845 1047 916 1079 ani-

210 1099 349 1131 malium
380 1098 516 1132 exteri.²
576 1099 698 1132 Codex
712 1099 756 1131 V.
785 1098 914 1130 Pithoei

208 1149 314 1181 habet
328 1150 480 1182 extera-it.
505 1149 627 1182 Heius.
673 1149 729 1181 Sic
741 1149 833 1191 apud
849 1150 916 1181 Lu·

210 1205 297 1233 eret.
326 1210 353 1233 1.
383 1203 437 1233 79.
474 1211 519 1232 ex
556 1201 641 1233 Mss.
681 1199 913 1232 Memmiana:

208 1251 219 1269 ‘
236 1251 352 1284 Quare
375 1251 507 1292 relligio
532 1251 673 1293 pedibus
695 1251 852 1292 subjecta
867 1251 914 1282 vi-

209 1301 324 1334 cissim
340 1302 544 1335 Exteritur!
564 1303 608 1334 V.
622 1303 741 1335 Barth.
755 1302 797 1334 ad
811 1301 914 1334 Statii

208 1352 318 1384 locum
335 1362 356 1384 a
370 1351 545 1384 Scheffero
561 1352 749 1384 laudatum.
772 1353 886 1385 Burm.

253 1402 402 1443 Exterit]
425 1403 494 1435 Ms.
523 1403 620 1435 Rem.
646 1407 682 1435 et
709 1402 794 1436 Cod.
822 1404 913 1436 Dan.

208 1453 357 1490 extudit,-
378 1463 444 1485 nec
471 1458 601 1485 temere
627 1453 872 1486 discedendum
895 1463 915 1485 a

208 1503 520 1535 vetustissimorum
551 1503 711 1544 ,duorum
753 1503 914 1536 librorum

208 1554 428 1586 auctoritate.
482 1553 611 1586 Pithoei
647 1558 763 1586 tamen
807 1554 916 1596 prima

207 1603 316 1635 editio
332 1603 367 1635 in
393 1607 492 1636 textu
513 1604 648 1646 recepit
669 1605 800 1645 exterit,
824 1605 914 1647 quod

206 1663 274 1685 non
301 1654 410 1695 probo
427 1665 436 1694 3
456 1655 638 1697 legendum
663 1656 799 1688 omnino
824 1659 915 1688 extu-

206 1705 267 1744 dit,
290 1704 381 1746 quod
405 1705 548 1737 latinum
564 1710 601 1737 et
621 1706 760 1747 elegans
777 1710 842 1746 est,
868 1706 912 1738 de

204 1754 358 1786 violenta
383 1759 420 1787 et
443 1755 567 1797 saepius
595 1756 747 1798 repetita
772 1766 912 1798 percus-

207 1804 313 1836 sione.
356 1804 540 1837 Suetonius
555 1807 699 1847 Vespas.
715 1809 747 1838 2.
774 1807 912 1848 elegan-

206 1859 261 1887 ter
276 1856 340 1887 hoc
365 1855 469 1887 verbo
485 1865 564 1888 usus
583 1859 660 1895 est3
682 1857 693 1874 ‘
710 1857 760 1888 Ea
776 1855 911 1888 demum

205 1907 343 1939 extudit
358 1907 467 1948 magis
492 1908 660 1947 convicio,
684 1918 785 1950 quam
800 1906 911 1950 preci·

205 1957 268 1990 bus
294 1958 349 1989 vel
380 1957 612 1990 auctoritate?
656 1957 773 2000 Atque
802 1958 853 1990 ita
881 1958 910 1990 si

204 2008 259 2039 hic
273 1997 419 2050 l‘egatur,
430 2005 637 2040 conveniunt
651 2012 818 2050 tempora,
832 2019 910 2051 quae

205 2059 416 2101 caeteroquin
432 2059 652 2100 discrepant:
677 2059 804 2091 extudit
819 2059 910 2091 enim

204 2109 352 2151 perfecti
370 2114 424 2142 est
446 2110 622 2151 temporis,
644 2114 683 2142 ut
703 2110 909 2142 anteceden-

205 2160 265 2200 tia,
287 2161 297 2178 ‘
316 2160 432 2202 venit‚’
454 2163 462 2179 ‘
477 2160 686 2201 vindicavit,’
707 2160 717 2177 ‘
730 2159 909 2202 confodit,'

203 2210 213 2228 ‘
231 2210 339 2251 vidit:
354 2220 373 2242 a
390 2211 514 2252 quibus
537 2211 639 2252 plane
661 2211 832 2243 dissonum
856 2215 910 2243 est

203 2260 287 2292 illud
303 2262 434 2294 exterit.
459 2261 553 2294 Gud.

248 2314 289 2344 10
312 2312 450 2352 Indigna
464 2313 539 2355 tuli]
561 2313 645 2345 Cum
661 2312 908 2354 indignatione.

204 2360 372 2394 Refertur
384 2363 428 2394 ad
440 2372 620 2404 personam
635 2363 699 2395 hoc
715 2363 803 2405 loco,
816 2365 908 2407 quod

202 2412 404 2444 notandum.
449 2413 571 2445 Cicero
586 2414 764 2455 usurpavit
781 2415 824 2446 de
846 2425 904 2447 re:

203 2467 243 2494 ut
265 2466 302 2494 et
327 2466 444 2494 noster
468 2462 559 2495 iufra
583 2462 678 2495 facit.
722 2464 905 2497 Suetonius

202 2512 359 2545 absolute
396 2513 511 2554 posuit
544 2514 609 2545 hoc
645 2523 757 2547 sensu.
820 2516 905 2558 Tuli]

200 2562 345 2602 Schedae
362 2563 478 2603 Regiae
494 2563 622 2595 habent
634 2563 718 2602 sero.
764 2565 904 2598 Eaedem

200 2611 257 2643 hic
274 2611 449 2653 deficiunt,
463 2623 588 2654 magno
604 2623 681 2646 cum
697 2614 904 2648 detrimento

202 2663 361 2694 auctoris.
384 2662 488 2702 Schef.

246 2716 284 2745 ll
310 2713 480 2754 Insultare]
518 2715 572 2749 De
602 2715 653 2756 iis,
683 2715 739 2757 qui
764 2715 903 2758 injurias

201 2772 264 2803 per
291 2763 475 2795 ludibrium
514 2764 675 2798 inferunt.
732 2765 828 2798 SerV.
860 2767 902 2799 ad

200 2812 320 2853 virgil.
346 2814 421 2846 AEn.
442 2813 503 2846 lib.
519 2823 560 2846 11.
597 2825 646 2847 vs.
664 2818 739 2848 330.
772 2816 782 2833 ‘
799 2816 901 2848 Insul-

674 238 818 271 NOTAE
854 238 1119 271 VARIORUM
1154 238 1205 270 ΙΝ

967 337 1047 376 tare,
1075 332 1142 376 est,
1169 334 1208 367 in
1235 333 1383 367 alienum
1411 332 1564 366 dolorem
1593 338 1675 375 gau-

970 386 1075 420 dere.'
1096 386 1205 427 Schef.

1015 437 1060 469 Te
1074 441 1196 470 Μίαν-ω
1209 437 1354 478 dedecus]
1377 437 1456 470 Non
1478 437 1585 470 habet
1597 435 1673 469 hec

969 485 1083 519 Anon.
1107 486 1178 520 fab.
1198 489 1253 520 16.
1285 487 1418 520 Prasch.
1462 486 1674 528 Eleganter}

970 547 1013 570 ex
1030 547 1097 580 quo
1113 537 1261 570 formato
1282 542 1406 570 natura
1429 547 1497 570 non
1514 541 1585 570 tam
1600 536 1674 568 lau-

969 587 1048 620 dem
1059 588 1198 628 meruit,
1209 598 1308 630 quam
1323 588 1482 621 dedecus.
1527 586 1672 620 Asinam

968 638 1145 680 intelligit.
1200 638 1248 671 Et
1271 638 1322 670 sic
1345 638 1470 671 Cicero
1489 639 1500 659 ‘
1515 637 1673 671 Dedecus

968 688 1110 722 familiae
1118 689 1128 704 '
1139 699 1199 731 pro
1210 688 1352 722 Rabirio
1362 689 1554 731 usurpavit.
1575 688 1672 731 Apu-

967 740 1053 772 leius
1069 740 1168 773 Asin.
1195 740 1257 773 lib.
1277 749 1329 774 tx.
1357 740 1368 758 ‘
1382 740 1543 773 Universi
1568 743 1672 773 nexus

967 790 1142 824 dedecus!
1164 790 1271 830 Schef.

1015 842 1058 874 Te
1066 846 1187 874 natum·
1195 841 1338 883 dedecus]
1360 840 1477 873 Infra:
1501 840 1512 859 ‘
1529 840 1674 875 sinistro.

969 902 1054 936 quos
1069 892 1104 925 in
1120 894 1230 926 lucem
1248 897 1372 926 natura
1385 891 1533 925 extulit:
1550 891 1628 932 mg.

1013 946 1151 978 Natura»
1164 945 1308 987 dedecus]
1328 945 1386 977 Sic
1411 945 1598 986 eleganter
1613 950 1672 976 vo-

969 1000 1027 1029 cat
1041 996 1198 1030 Asinum.
1223 997 1310 1030 Ritt.
1383 1013 1385 1015 ·

1012 1050 1054 1079 12
1078 1047 1170 1084 Quod
1177 1047 1268 1088 ferre
1280 1049 1367 1079 certe
1379 1055 1484 1087 cogor,
1504 1045 1554 1078 bis
1565 1044 1673 1078 viam

965 1097 1061 1139 mori]
1084 1098 1238 1138 Mallem,
1256 1097 1348 1134 Quod
1361 1095 1454 1136 ferre
1467 1105 1572 1136 cogor,
1587 1097 1672 1127 ceres

966 1148 1014 1179 bis
1043 1148 1150 1180 videor
1177 1148 1270 1180 mori.
1322 1146 1513 1179 Alexandri
1542 1145 1669 1178 milltes

966 1198 1058 1240 apud
1073 1199 1169 1230 Curt.
1181 1199 1240 1230 lib.
1253 1207 1288 1230 x.
1304 1200 1356 1230 14.
1370 1196 1460 1229 idem
1476 1196 1670 1235 voluerunt,

965 1247 1044 1280 dum
1068 1249 1185 1281 aiunt:
1211 1249 1221 1267 ‘
1239 1248 1372 1280 Milites
1397 1247 1461 1287 tui,
1485 1246 1579 1279 cives
1604 1245 1669 1286 tui,

966 1299 1141 1340 incognita
1155 1308 1287 1337 caussa,
1302 1297 1448 1340 captivis
1461 1297 1531 1329 suis
1546 1296 1671 1329 ducen-

967 1350 1071 1390 tibus,
1091 1351 1273 1383 trahuntur
1295 1350 1339 1382 ad
1355 1359 1512 1392 poenam:
1537 1349 1566 1382 si
1580 1359 1671 1382 mor·

965 1406 1035 1434 tem
1058 1401 1221 1434 meruisse
1237 1401 1386 1443 judicas,
1411 1401 1532 1433 saltem
1554 1399 1669 1433 minis-

964 1456 1035 1484 tros
1061 1451 1221 1494 supplicii
1247 1451 1364 1483 muta.'
1399 1451 1480 1484 Neu.
1523 1451 1667 1484 Rectiu-

965 1505 1170 1543 transponas
1195 1511 1313 1534 vocem
1340 1502 1418 1533 loco
1440 1510 1504 1533 suo
1525 1501 1670 1542 motem,

965 1552 1150 1594 legasque:
1177 1552 1268 1588 Quod
1282 1551 1374 1591 ferre
1393 1560 1499 1591 cogor,
1522 1554 1606 1583 cem
1621 1550 1669 1583 bis

963 1601 1070 1633 videor
1090 1601 1182 1633 mori.
1207 1602 1341 1633 Meurs.
1385 1600 1547 1642 Σίνγχυσις
1568 1603 1668 1640 παθη-

962 1651 1044 1694 τικὴ,
1059 1663 1124 1685 nec
1140 1652 1287 1686 fortasse
1302 1653 1376 1685 aliis
1391 1651 1524 1694 ignota.
1545 1651 1668 1693 Virgil-

964 1705 1074 1746 Epist.
1090 1704 1134 1736 ad
1148 1704 1292 1746 August.
1315 1705 1326 1722 ‘
1340 1705 1396 1735 De
1409 1702 1517 1735 AEnee
1524 1701 1666 1745 quidem

963 1763 1052 1794 meo,
1068 1754 1096 1786 si
1112 1754 1308 1786 mehercule
1320 1754 1396 1795 jam
1419 1753 1561 1794 dignum
1576 1753 1667 1786 auri-

962 1804 1024 1836 bus
1040 1805 1202 1837 haberem
1216 1805 1295 1845 tuis,
1308 1804 1455 1836 libenter
1469 1803 1666 1836 mitterem-¹

960 1854 1091 1886 Similia
1105 1854 1196 1896 apud
1211 1855 1369 1887 Comicos
1385 1854 1549 1895 reperies.
1571 1854 1665 1888 Quo-

962 1905 1054 1937 circa
1065 1905 1147 1937 nihil
1158 1905 1403 1938 immutandum
1416 1913 1551 1938 censeo.
1567 1905 1666 1938 Pras-

960 1956 1059 1988 chius.

1006 2008 1096 2044 Quod
1109 2007 1202 2046 serre
1230 2018 1336 2049 cogor,
1361 2007 1409 2039 bis
1434 2007 1540 2039 videor
1566 2007 1664 2050 mori]

960 2059 1107 2100 AEsopus
1133 2069 1286 2101 pra’ceps
1303 2058 1512 2091 mittendus:
1536 2057 1583 2091 Ὠ
1593 2059 1664 2100 Ζεῦ,

961 2107 1037 2150 εἶπε,
1051 2108 1083 2140 τί
1101 2107 1180 2140 ποτέ
1198 2119 1236 2141 σε
1248 2108 1391 2149 ἠδίκησα,
1416 2107 1466 2140 ὅτι
1480 2107 1561 2141 οὕτω
1580 2109 1664 2151 παρὰ

959 2158 1057 2200 λόγον
1085 2157 1284 2200 ἀπόλλυμαι;
1321 2159 1374 2191 καὶ
1397 2160 1499 2191 ταῦτα
1520 2160 1584 2192 ow
1612 2159 1663 2201 ὑφ’

958 2210 1058 2242 ἵππων
1085 2210 1244 2252 γενναίων,
1279 2210 1343 2242 οὔθ’
1371 2210 1502 2250 ἡμιόνων
1529 2210 1663 2253 ἀγαθᾶν,

958 2261 1032 2293 ἀλλ’
1048 2261 1172 2303 ὀναρίων
1186 2259 1425 2294 εὐτελεστάτων.
1451 2261 1572 2294 Ανίεῐιι
1587 2261 1659 2294 fab.

958 2313 1023 2345 ult.
1049 2314 1126 2354 Rig.

1001 2363 1100 2395 Ferre
1114 2374 1219 2405 cogor,
1232 2364 1329 2405 certe]
1355 2364 1444 2401 Quod
1461 2363 1552 2403 ferre
1575 2367 1660 2397 ceres

956 2424 1060 2455 cogor,
1084 2418 1122 2446 ut
1147 2419 1202 2446 est
1226 2415 1260 2446 in
1288 2415 1373 2448 Mss.
1396 2415 1548 2455 vulgatae
1574 2424 1657 2457 proe·

956 2464 1040 2506 fero,
1054 2466 1098 2498 ob
1114 2464 1543 2507 elegantemet'raovmecov
1553 2465 1656 2498 situm

956 2516 1146 2558 particulae.
1190 2516 1248 2549 Sic
1264 2516 1384 2549 Cicero
1404 2517 1471 2558 Ep.
1487 2517 1530 2548 nd
1546 2514 1654 2548 Attic.

954 2567 1013 2599 lib.
1027 2577 1053 2599 1.
1065 2571 1097 2600 9.
1112 2567 1122 2586 ‘
1135 2566 1237 2601 Quod
1249 2570 1284 2598 te
1295 2566 1448 2598 modeste
1459 2567 1548 2600 ferre
1558 2569 1654 2598 certo

955 2618 1051 2651 scio!
1095 2619 1272 2656 Παθητικῶς
1286 2621 1400 2649 autem
1416 2616 1573 2659 expirans
1583 2616 1655 2648 Leo

954 2668 998 2700 ad
1022 2667 1183 2700 Asinum:
1220 2667 1358 2705 Teserre
1371 2671 1454 2699 certe
1465 2676 1571 2707 cogor,
1594 2666 1654 2708 ait,

954 2718 1141 2759 respiciens
1157 2717 1200 2749 ad
1221 2727 1410 2758 supremam
1426 2717 1518 2749 illam
1533 2725 1654 2755 neces-

954 2769 1090 2801 sitatem
1120 2773 1155 2800 et
1182 2766 1321 2799 fatalem
1350 2772 1481 2799 naturae
1512 2766 1654 2799 dissolu-

954 2820 1092 2860 tionem,
1127 2828 1195 2860 qua
1224 2818 1408 2860 impeditus
1437 2816 1651 2849 insolentiam

1726 2870 1746 2899 ἱ
