<?xml version="1.0" encoding="UTF-8"?>
<!DOCTYPE html PUBLIC "-//W3C//DTD XHTML 1.0 Transitional//EN"
    "http://www.w3.org/TR/xhtml1/DTD/xhtml1-transitional.dtd">
<html xmlns="http://www.w3.org/1999/xhtml" xml:lang="en" lang="en">
 <head>
  <title>
</title>
<meta http-equiv="Content-Type" content="text/html;charset=utf-8" />
  <meta name='ocr-system' content='tesseract 3.04.00' />
  <meta name='ocr-capabilities' content='ocr_page ocr_carea ocr_par ocr_line ocrx_word'/>
</head>
<body>
  <div class='ocr_page' id='page_1' title='image "./fabualeaesopiae00phaeuoft_0471.png"; bbox 0 0 1806 3236; ppageno 0'>
   <div class='ocr_carea' id='block_1_1' title="bbox 398 202 1379 246">
    <p class='ocr_par' dir='ltr' id='par_1_1' title="bbox 398 202 1379 246">
     <span class='ocr_line' id='line_1_1' title="bbox 398 202 1379 246; baseline -0.002 0"><span class='ocrx_word' id='word_1_1' title='bbox 398 213 599 246; x_wconf 71' lang='lat' dir='ltr'>PnAEnm</span> <span class='ocrx_word' id='word_1_2' title='bbox 634 213 745 245; x_wconf 67' lang='grc' dir='ltr'><strong>ιτΑιι,</strong></span> <span class='ocrx_word' id='word_1_3' title='bbox 781 213 1088 245; x_wconf 69' lang='lat' dir='ltr'>AEsomARuM</span> <span class='ocrx_word' id='word_1_4' title='bbox 1124 213 1218 244; x_wconf 72' lang='lat' dir='ltr'>mu.</span> <span class='ocrx_word' id='word_1_5' title='bbox 1253 213 1306 244; x_wconf 87' lang='grc' dir='ltr'>ιι.</span> <span class='ocrx_word' id='word_1_6' title='bbox 1339 202 1379 244; x_wconf 86' lang='grc'>8.</span> 
     </span>
    </p>
   </div>
   <div class='ocr_carea' id='block_1_2' title="bbox 94 308 863 2877">
    <p class='ocr_par' dir='ltr' id='par_1_2' title="bbox 146 308 863 410">
     <span class='ocr_line' id='line_1_2' title="bbox 146 308 862 349; baseline -0.006 -3"><span class='ocrx_word' id='word_1_7' title='bbox 146 313 242 349; x_wconf 70' lang='lat' dir='ltr'>sibus</span> <span class='ocrx_word' id='word_1_8' title='bbox 271 319 377 346; x_wconf 74' lang='lat' dir='ltr'>cervo</span> <span class='ocrx_word' id='word_1_9' title='bbox 401 308 629 344; x_wconf 84' lang='lat' dir='ltr'>inferendam.</span> <span class='ocrx_word' id='word_1_10' title='bbox 687 309 798 343; x_wconf 83' lang='lat' dir='ltr'><strong>Plane</strong></span> <span class='ocrx_word' id='word_1_11' title='bbox 823 313 862 342; x_wconf 90' lang='lat' dir='ltr'>ut</span> 
     </span>
     <span class='ocr_line' id='line_1_3' title="bbox 147 361 863 410; baseline -0.001 -12"><span class='ocrx_word' id='word_1_12' title='bbox 147 361 753 410; x_wconf 47' lang='lat' dir='ltr'>Oppianuffbovbypewhpmrdixit.</span> <span class='ocrx_word' id='word_1_13' title='bbox 774 364 863 397; x_wconf 77' lang='lat' dir='ltr'>Rite.</span> 
     </span>
    </p>

    <p class='ocr_par' dir='ltr' id='par_1_3' title="bbox 145 413 862 554">
     <span class='ocr_line' id='line_1_4' title="bbox 187 413 862 458; baseline -0.009 -5"><span class='ocrx_word' id='word_1_14' title='bbox 187 416 367 453; x_wconf 57' lang='lat' dir='ltr'>me-</span> <span class='ocrx_word' id='word_1_15' title='bbox 390 414 512 458; x_wconf 59' lang='lat' dir='ltr'>necea]</span> <span class='ocrx_word' id='word_1_16' title='bbox 555 413 600 448; x_wconf 88' lang='lat' dir='ltr'>Id</span> <span class='ocrx_word' id='word_1_17' title='bbox 625 419 692 457; x_wconf 85' lang='lat' dir='ltr'>cst,</span> <span class='ocrx_word' id='word_1_18' title='bbox 711 425 862 458; x_wconf 82' lang='lat' dir='ltr'>praesen·</span> 
     </span>
     <span class='ocr_line' id='line_1_5' title="bbox 145 466 862 514; baseline -0.01 -8"><span class='ocrx_word' id='word_1_19' title='bbox 145 472 281 514; x_wconf 53' lang='lat' dir='ltr'>Qut</span> <span class='ocrx_word' id='word_1_20' title='bbox 289 467 478 511; x_wconf 66' lang='lat' dir='ltr'>sepi-nime</span> <span class='ocrx_word' id='word_1_21' title='bbox 486 467 579 510; x_wconf 80' lang='lat' dir='ltr'>apud</span> <span class='ocrx_word' id='word_1_22' title='bbox 590 466 742 510; x_wconf 84' lang='lat' dir='ltr'>optimos</span> <span class='ocrx_word' id='word_1_23' title='bbox 753 466 862 510; x_wconf 83' lang='lat' dir='ltr'>scrip-</span> 
     </span>
     <span class='ocr_line' id='line_1_6' title="bbox 146 518 656 554; baseline -0.008 0"><span class='ocrx_word' id='word_1_24' title='bbox 146 524 252 554; x_wconf 78' lang='lat' dir='ltr'>tores.</span> <span class='ocrx_word' id='word_1_25' title='bbox 297 518 429 552; x_wconf 84' lang='lat' dir='ltr'>Noster</span> <span class='ocrx_word' id='word_1_26' title='bbox 443 527 470 552; x_wconf 88' lang='lat'>1.</span> <span class='ocrx_word' id='word_1_27' title='bbox 487 521 542 551; x_wconf 92' lang='grc'>22.</span> <span class='ocrx_word' id='word_1_28' title='bbox 570 518 656 551; x_wconf 78' lang='lat' dir='ltr'>Gud.</span> 
     </span>
    </p>

    <p class='ocr_par' dir='ltr' id='par_1_4' title="bbox 142 568 862 917">
     <span class='ocr_line' id='line_1_7' title="bbox 184 568 862 614; baseline -0.003 -10"><span class='ocrx_word' id='word_1_29' title='bbox 184 573 209 609; x_wconf 64' lang='grc'><strong>8</strong></span> <span class='ocrx_word' id='word_1_30' title='bbox 232 570 340 613; x_wconf 72' lang='lat' dir='ltr'>Caso]</span> <span class='ocrx_word' id='word_1_31' title='bbox 377 570 574 612; x_wconf 81' lang='lat' dir='ltr'>Sententia,</span> <span class='ocrx_word' id='word_1_32' title='bbox 588 570 670 614; x_wconf 85' lang='lat' dir='ltr'>quia</span> <span class='ocrx_word' id='word_1_33' title='bbox 684 580 797 603; x_wconf 82' lang='lat' dir='ltr'>caecos</span> <span class='ocrx_word' id='word_1_34' title='bbox 808 568 862 602; x_wconf 85' lang='lat' dir='ltr'>fa-</span> 
     </span>
     <span class='ocr_line' id='line_1_8' title="bbox 145 620 862 664; baseline -0.004 -7"><span class='ocrx_word' id='word_1_35' title='bbox 145 623 297 664; x_wconf 66' lang='lat' dir='ltr'>citfuec</span> <span class='ocrx_word' id='word_1_36' title='bbox 321 625 508 656; x_wconf 74' lang='lat' dir='ltr'>cernentes</span> <span class='ocrx_word' id='word_1_37' title='bbox 533 622 603 655; x_wconf 85' lang='lat' dir='ltr'>alia</span> <span class='ocrx_word' id='word_1_38' title='bbox 630 621 800 664; x_wconf 84' lang='lat' dir='ltr'>pericula,</span> <span class='ocrx_word' id='word_1_39' title='bbox 825 620 862 654; x_wconf 88' lang='lat' dir='ltr'>iu</span> 
     </span>
     <span class='ocr_line' id='line_1_9' title="bbox 144 673 861 718; baseline -0.006 -9"><span class='ocrx_word' id='word_1_40' title='bbox 144 683 224 718; x_wconf 65' lang='lat' dir='ltr'>qne</span> <span class='ocrx_word' id='word_1_41' title='bbox 238 674 332 708; x_wconf 82' lang='lat' dir='ltr'>ultro</span> <span class='ocrx_word' id='word_1_42' title='bbox 354 673 573 707; x_wconf 77' lang='lat' dir='ltr'>incurrimus.</span> <span class='ocrx_word' id='word_1_43' title='bbox 617 673 677 706; x_wconf 92' lang='lat' dir='ltr'>De</span> <span class='ocrx_word' id='word_1_44' title='bbox 692 682 760 716; x_wconf 81' lang='lat' dir='ltr'>quo</span> <span class='ocrx_word' id='word_1_45' title='bbox 774 673 861 706; x_wconf 83' lang='lat' dir='ltr'>Cur-</span> 
     </span>
     <span class='ocr_line' id='line_1_10' title="bbox 144 723 861 760; baseline -0.001 -1"><span class='ocrx_word' id='word_1_46' title='bbox 144 725 215 759; x_wconf 81' lang='lat' dir='ltr'>tius</span> <span class='ocrx_word' id='word_1_47' title='bbox 228 734 281 759; x_wconf 77' lang='lat' dir='ltr'>tv.</span> <span class='ocrx_word' id='word_1_48' title='bbox 305 734 338 760; x_wconf 88' lang='lat' dir='ltr'>c.</span> <span class='ocrx_word' id='word_1_49' title='bbox 363 727 418 758; x_wconf 84' lang='lat'>1⁰.</span> <span class='ocrx_word' id='word_1_50' title='bbox 441 727 452 744; x_wconf 92' lang='lat'>‘</span> <span class='ocrx_word' id='word_1_51' title='bbox 467 724 537 757; x_wconf 87' lang='lat' dir='ltr'>Ubi</span> <span class='ocrx_word' id='word_1_52' title='bbox 560 723 706 757; x_wconf 88' lang='lat' dir='ltr'>intravit</span> <span class='ocrx_word' id='word_1_53' title='bbox 729 723 861 758; x_wconf 86' lang='lat' dir='ltr'>animos</span> 
     </span>
     <span class='ocr_line' id='line_1_11' title="bbox 142 775 862 821; baseline -0.006 -10"><span class='ocrx_word' id='word_1_54' title='bbox 142 776 307 821; x_wconf 62' lang='grc' dir='ltr'><strong>μενοι-,ἰὰ</strong></span> <span class='ocrx_word' id='word_1_55' title='bbox 314 776 424 810; x_wconf 80' lang='lat' dir='ltr'>solum</span> <span class='ocrx_word' id='word_1_56' title='bbox 434 775 702 819; x_wconf 54' lang='lat' dir='ltr'>metuungquod</span> <span class='ocrx_word' id='word_1_57' title='bbox 713 775 862 818; x_wconf 80' lang='lat' dir='ltr'>primum</span> 
     </span>
     <span class='ocr_line' id='line_1_12' title="bbox 142 825 861 871; baseline -0.004 -9"><span class='ocrx_word' id='word_1_58' title='bbox 142 827 332 863; x_wconf 77' lang='lat' dir='ltr'>fonnidare</span> <span class='ocrx_word' id='word_1_59' title='bbox 345 830 550 871; x_wconf 65' lang='lat' dir='ltr'>ceperunt&#39;</span> <span class='ocrx_word' id='word_1_60' title='bbox 570 826 660 860; x_wconf 85' lang='lat' dir='ltr'>Vide</span> <span class='ocrx_word' id='word_1_61' title='bbox 675 831 700 860; x_wconf 89' lang='lat' dir='ltr'>t.</span> <span class='ocrx_word' id='word_1_62' title='bbox 711 826 735 859; x_wconf 89' lang='lat'>1.</span> <span class='ocrx_word' id='word_1_63' title='bbox 754 825 861 867; x_wconf 60' lang='lat' dir='ltr'>Sem.</span> 
     </span>
     <span class='ocr_line' id='line_1_13' title="bbox 143 878 819 917; baseline -0.004 -3"><span class='ocrx_word' id='word_1_64' title='bbox 143 880 226 914; x_wconf 82' lang='lat' dir='ltr'>Vid.</span> <span class='ocrx_word' id='word_1_65' title='bbox 240 879 364 917; x_wconf 79' lang='lat' dir='ltr'>Heius.</span> <span class='ocrx_word' id='word_1_66' title='bbox 377 879 424 914; x_wconf 86' lang='lat' dir='ltr'>ad</span> <span class='ocrx_word' id='word_1_67' title='bbox 440 878 548 914; x_wconf 76' lang='lat' dir='ltr'>Ovid-</span> <span class='ocrx_word' id='word_1_68' title='bbox 565 879 656 913; x_wconf 84' lang='lat' dir='ltr'>Met.</span> <span class='ocrx_word' id='word_1_69' title='bbox 669 887 726 912; x_wconf 89' lang='grc' dir='ltr'><strong>ιιι.</strong></span> <span class='ocrx_word' id='word_1_70' title='bbox 740 881 819 911; x_wconf 83' lang='grc'><strong>490.</strong></span> 
     </span>
    </p>

    <p class='ocr_par' dir='ltr' id='par_1_5' title="bbox 143 929 862 1127">
     <span class='ocr_line' id='line_1_14' title="bbox 186 929 862 975; baseline -0.001 -10"><span class='ocrx_word' id='word_1_71' title='bbox 186 934 209 965; x_wconf 68' lang='lat' dir='ltr'>d</span> <span class='ocrx_word' id='word_1_72' title='bbox 239 930 443 975; x_wconf 70' lang='lat' dir='ltr'>opponam]</span> <span class='ocrx_word' id='word_1_73' title='bbox 486 930 592 969; x_wconf 77' lang='lat' dir='ltr'>Quod</span> <span class='ocrx_word' id='word_1_74' title='bbox 617 939 656 963; x_wconf 87' lang='lat' dir='ltr'>se</span> <span class='ocrx_word' id='word_1_75' title='bbox 680 929 862 964; x_wconf 87' lang='lat' dir='ltr'>commode</span> 
     </span>
     <span class='ocr_line' id='line_1_15' title="bbox 143 980 861 1018; baseline -0.006 0"><span class='ocrx_word' id='word_1_76' title='bbox 143 980 324 1018; x_wconf 68' lang='lat' dir='ltr'>offa-ebat.</span> <span class='ocrx_word' id='word_1_77' title='bbox 380 981 489 1017; x_wconf 83' lang='lat' dir='ltr'>Ovid.</span> <span class='ocrx_word' id='word_1_78' title='bbox 515 983 605 1017; x_wconf 81' lang='lat' dir='ltr'>Met.</span> <span class='ocrx_word' id='word_1_79' title='bbox 630 991 690 1016; x_wconf 87' lang='lat'>111.</span> <span class='ocrx_word' id='word_1_80' title='bbox 715 984 794 1015; x_wconf 76' lang='lat'>443.</span> <span class='ocrx_word' id='word_1_81' title='bbox 814 981 861 1015; x_wconf 86' lang='lat' dir='ltr'>de</span> 
     </span>
     <span class='ocr_line' id='line_1_16' title="bbox 143 1034 862 1078; baseline -0.004 -7"><span class='ocrx_word' id='word_1_82' title='bbox 143 1035 272 1078; x_wconf 71' lang='lat' dir='ltr'>sylvis:</span> <span class='ocrx_word' id='word_1_83' title='bbox 307 1036 319 1056; x_wconf 82' lang='lat'>‘</span> <span class='ocrx_word' id='word_1_84' title='bbox 337 1035 462 1070; x_wconf 73' lang='lat' dir='ltr'>Multis</span> <span class='ocrx_word' id='word_1_85' title='bbox 490 1034 629 1069; x_wconf 83' lang='lat' dir='ltr'>latebra</span> <span class='ocrx_word' id='word_1_86' title='bbox 662 1039 862 1077; x_wconf 84' lang='lat' dir='ltr'>opportuna</span> 
     </span>
     <span class='ocr_line' id='line_1_17' title="bbox 143 1085 413 1127; baseline 0.004 -7"><span class='ocrx_word' id='word_1_87' title='bbox 143 1085 284 1122; x_wconf 57' lang='lat' dir='ltr'>fuistin·</span> <span class='ocrx_word' id='word_1_88' title='bbox 304 1086 413 1127; x_wconf 61' lang='lat' dir='ltr'>&amp;w-</span> 
     </span>
    </p>

    <p class='ocr_par' dir='ltr' id='par_1_6' title="bbox 140 1135 861 1739">
     <span class='ocr_line' id='line_1_18' title="bbox 186 1135 860 1181; baseline -0.004 -8"><span class='ocrx_word' id='word_1_89' title='bbox 186 1137 312 1181; x_wconf 70' lang='lat' dir='ltr'>Bou-⁰1¹]</span> <span class='ocrx_word' id='word_1_90' title='bbox 356 1137 568 1180; x_wconf 71' lang='lat' dir='ltr'><strong>Recepimus</strong></span> <span class='ocrx_word' id='word_1_91' title='bbox 594 1135 704 1172; x_wconf 83' lang='lat' dir='ltr'>Gudii</span> <span class='ocrx_word' id='word_1_92' title='bbox 723 1146 860 1170; x_wconf 86' lang='lat' dir='ltr'>correc-</span> 
     </span>
     <span class='ocr_line' id='line_1_19' title="bbox 141 1189 859 1232; baseline -0.001 -9"><span class='ocrx_word' id='word_1_93' title='bbox 141 1189 287 1232; x_wconf 71' lang='lat' dir='ltr'>tionem,</span> <span class='ocrx_word' id='word_1_94' title='bbox 312 1194 351 1224; x_wconf 90' lang='lat' dir='ltr'>et</span> <span class='ocrx_word' id='word_1_95' title='bbox 374 1189 476 1224; x_wconf 67' lang='lat' dir='ltr'>babili</span> <span class='ocrx_word' id='word_1_96' title='bbox 497 1189 721 1232; x_wconf 69' lang='lat' dir='ltr'><strong>reposuimus.</strong></span> <span class='ocrx_word' id='word_1_97' title='bbox 775 1189 859 1223; x_wconf 86' lang='lat' dir='ltr'>Vid.</span> 
     </span>
     <span class='ocr_line' id='line_1_20' title="bbox 140 1240 858 1284; baseline 0 -9"><span class='ocrx_word' id='word_1_98' title='bbox 140 1242 242 1275; x_wconf 80' lang='lat' dir='ltr'>Voss.</span> <span class='ocrx_word' id='word_1_99' title='bbox 257 1240 302 1275; x_wconf 88' lang='lat' dir='ltr'>de</span> <span class='ocrx_word' id='word_1_100' title='bbox 316 1240 465 1284; x_wconf 68' lang='lat' dir='ltr'>Analog.</span> <span class='ocrx_word' id='word_1_101' title='bbox 479 1250 506 1275; x_wconf 83' lang='lat'>1.</span> <span class='ocrx_word' id='word_1_102' title='bbox 528 1243 585 1276; x_wconf 72' lang='lat'>21.</span> <span class='ocrx_word' id='word_1_103' title='bbox 630 1240 720 1275; x_wconf 82' lang='lat' dir='ltr'>Cato</span> <span class='ocrx_word' id='word_1_104' title='bbox 747 1240 791 1273; x_wconf 91' lang='lat' dir='ltr'>de</span> <span class='ocrx_word' id='word_1_105' title='bbox 814 1240 858 1275; x_wconf 81' lang='lat' dir='ltr'>R.</span> 
     </span>
     <span class='ocr_line' id='line_1_21' title="bbox 142 1291 859 1336; baseline -0.004 -8"><span class='ocrx_word' id='word_1_106' title='bbox 142 1293 187 1329; x_wconf 77' lang='lat' dir='ltr'>R.</span> <span class='ocrx_word' id='word_1_107' title='bbox 202 1301 234 1327; x_wconf 86' lang='lat' dir='ltr'>c.</span> <span class='ocrx_word' id='word_1_108' title='bbox 248 1295 282 1327; x_wconf 72' lang='lat'>4.</span> <span class='ocrx_word' id='word_1_109' title='bbox 296 1296 334 1326; x_wconf 91' lang='lat' dir='ltr'>et</span> <span class='ocrx_word' id='word_1_110' title='bbox 345 1292 399 1327; x_wconf 84' lang='lat' dir='ltr'>ita</span> <span class='ocrx_word' id='word_1_111' title='bbox 413 1292 541 1336; x_wconf 83' lang='lat' dir='ltr'>passim</span> <span class='ocrx_word' id='word_1_112' title='bbox 556 1292 761 1326; x_wconf 81' lang='lat' dir='ltr'>Columella.</span> <span class='ocrx_word' id='word_1_113' title='bbox 785 1291 859 1335; x_wconf 87' lang='lat' dir='ltr'>Ap-</span> 
     </span>
     <span class='ocr_line' id='line_1_22' title="bbox 140 1343 860 1388; baseline 0 -10"><span class='ocrx_word' id='word_1_114' title='bbox 140 1344 254 1388; x_wconf 81' lang='lat' dir='ltr'>posite</span> <span class='ocrx_word' id='word_1_115' title='bbox 275 1343 426 1379; x_wconf 82' lang='lat' dir='ltr'>Ovidius</span> <span class='ocrx_word' id='word_1_116' title='bbox 450 1344 558 1377; x_wconf 85' lang='lat' dir='ltr'>Pont.</span> <span class='ocrx_word' id='word_1_117' title='bbox 581 1352 624 1378; x_wconf 89' lang='grc' dir='ltr'>ιι.</span> <span class='ocrx_word' id='word_1_118' title='bbox 640 1347 674 1379; x_wconf 91' lang='grc'>2.</span> <span class='ocrx_word' id='word_1_119' title='bbox 698 1344 711 1363; x_wconf 87' lang='lat'>‘</span> <span class='ocrx_word' id='word_1_120' title='bbox 727 1344 806 1378; x_wconf 90' lang='lat' dir='ltr'>Nec</span> <span class='ocrx_word' id='word_1_121' title='bbox 821 1353 860 1378; x_wconf 89' lang='lat' dir='ltr'>se</span> 
     </span>
     <span class='ocr_line' id='line_1_23' title="bbox 140 1395 859 1439; baseline 0 -8"><span class='ocrx_word' id='word_1_122' title='bbox 140 1396 255 1431; x_wconf 82' lang='lat' dir='ltr'>vicino</span> <span class='ocrx_word' id='word_1_123' title='bbox 267 1395 408 1431; x_wconf 80' lang='lat' dir='ltr'>dubitat</span> <span class='ocrx_word' id='word_1_124' title='bbox 419 1396 639 1431; x_wconf 80' lang='lat' dir='ltr'>committere</span> <span class='ocrx_word' id='word_1_125' title='bbox 651 1400 760 1439; x_wconf 87' lang='lat' dir='ltr'>tecto,</span> <span class='ocrx_word' id='word_1_126' title='bbox 769 1397 859 1432; x_wconf 82' lang='lat' dir='ltr'>Quae</span> 
     </span>
     <span class='ocr_line' id='line_1_24' title="bbox 140 1446 859 1492; baseline 0.003 -11"><span class='ocrx_word' id='word_1_127' title='bbox 140 1446 234 1492; x_wconf 70' lang='lat' dir='ltr'>fagit</span> <span class='ocrx_word' id='word_1_128' title='bbox 255 1446 405 1485; x_wconf 75' lang='lat' dir='ltr'>infestas</span> <span class='ocrx_word' id='word_1_129' title='bbox 431 1448 558 1482; x_wconf 77' lang='lat' dir='ltr'>territa</span> <span class='ocrx_word' id='word_1_130' title='bbox 589 1457 698 1482; x_wconf 83' lang='lat' dir='ltr'>cerva</span> <span class='ocrx_word' id='word_1_131' title='bbox 721 1458 826 1483; x_wconf 84' lang='lat' dir='ltr'>canes</span> <span class='ocrx_word' id='word_1_132' title='bbox 836 1448 859 1483; x_wconf 73' lang='grc' dir='ltr'>ι’</span> 
     </span>
     <span class='ocr_line' id='line_1_25' title="bbox 140 1498 861 1543; baseline 0.001 -10"><span class='ocrx_word' id='word_1_133' title='bbox 140 1498 235 1534; x_wconf 77' lang='lat' dir='ltr'>unde</span> <span class='ocrx_word' id='word_1_134' title='bbox 245 1498 342 1533; x_wconf 79' lang='lat' dir='ltr'>forte</span> <span class='ocrx_word' id='word_1_135' title='bbox 353 1499 410 1534; x_wconf 82' lang='lat' dir='ltr'>bic</span> <span class='ocrx_word' id='word_1_136' title='bbox 422 1499 561 1535; x_wconf 75' lang='lat' dir='ltr'>credidit</span> <span class='ocrx_word' id='word_1_137' title='bbox 585 1504 707 1542; x_wconf 80' lang='lat' dir='ltr'>posset</span> <span class='ocrx_word' id='word_1_138' title='bbox 721 1500 806 1543; x_wconf 84' lang='lat' dir='ltr'>legi,</span> <span class='ocrx_word' id='word_1_139' title='bbox 820 1505 861 1534; x_wconf 83' lang='lat' dir='ltr'>ut</span> 
     </span>
     <span class='ocr_line' id='line_1_26' title="bbox 140 1550 859 1592; baseline 0 -7"><span class='ocrx_word' id='word_1_140' title='bbox 140 1559 223 1585; x_wconf 78' lang='lat' dir='ltr'>mox</span> <span class='ocrx_word' id='word_1_141' title='bbox 254 1551 266 1570; x_wconf 77' lang='lat'>⁸</span> <span class='ocrx_word' id='word_1_142' title='bbox 280 1550 395 1587; x_wconf 77' lang='lat' dir='ltr'>Tecto</span> <span class='ocrx_word' id='word_1_143' title='bbox 417 1551 629 1586; x_wconf 73' lang='lat' dir='ltr'>commiseris</span> <span class='ocrx_word' id='word_1_144' title='bbox 641 1551 664 1592; x_wconf 70' lang='grc' dir='ltr'>ς’</span> <span class='ocrx_word' id='word_1_145' title='bbox 709 1555 747 1585; x_wconf 88' lang='lat' dir='ltr'>et</span> <span class='ocrx_word' id='word_1_146' title='bbox 773 1552 859 1585; x_wconf 87' lang='lat' dir='ltr'>illud</span> 
     </span>
     <span class='ocr_line' id='line_1_27' title="bbox 140 1601 860 1645; baseline 0 -9"><span class='ocrx_word' id='word_1_147' title='bbox 140 1601 286 1638; x_wconf 70' lang='lat' dir='ltr'>condidit</span> <span class='ocrx_word' id='word_1_148' title='bbox 309 1601 402 1636; x_wconf 79' lang='lat' dir='ltr'>forte</span> <span class='ocrx_word' id='word_1_149' title='bbox 428 1603 546 1636; x_wconf 82' lang='lat' dir='ltr'>versui</span> <span class='ocrx_word' id='word_1_150' title='bbox 567 1601 638 1643; x_wconf 83' lang='lat' dir='ltr'>isti,</span> <span class='ocrx_word' id='word_1_151' title='bbox 664 1611 767 1645; x_wconf 90' lang='lat' dir='ltr'>quem</span> <span class='ocrx_word' id='word_1_152' title='bbox 788 1612 860 1636; x_wconf 87' lang='lat' dir='ltr'>non</span> 
     </span>
     <span class='ocr_line' id='line_1_28' title="bbox 140 1652 858 1697; baseline 0 -9"><span class='ocrx_word' id='word_1_153' title='bbox 140 1652 232 1688; x_wconf 75' lang='lat' dir='ltr'>male</span> <span class='ocrx_word' id='word_1_154' title='bbox 245 1652 417 1689; x_wconf 73' lang='lat' dir='ltr'>excidisse</span> <span class='ocrx_word' id='word_1_155' title='bbox 440 1652 630 1688; x_wconf 82' lang='lat' dir='ltr'>Prascbius</span> <span class='ocrx_word' id='word_1_156' title='bbox 644 1654 858 1697; x_wconf 83' lang='lat' dir='ltr'>suspicatur,</span> 
     </span>
     <span class='ocr_line' id='line_1_29' title="bbox 143 1703 445 1739; baseline 0.007 -3"><span class='ocrx_word' id='word_1_157' title='bbox 143 1703 307 1738; x_wconf 81' lang='lat' dir='ltr'>debetur.</span> <span class='ocrx_word' id='word_1_158' title='bbox 329 1704 445 1739; x_wconf 67' lang='lat' dir='ltr'>Bam.</span> 
     </span>
    </p>

    <p class='ocr_par' dir='ltr' id='par_1_7' title="bbox 94 1754 859 2877">
     <span class='ocr_line' id='line_1_30' title="bbox 182 1754 858 1797; baseline -0.001 -8"><span class='ocrx_word' id='word_1_159' title='bbox 182 1754 308 1797; x_wconf 63' lang='lat' dir='ltr'>Rosia]</span> <span class='ocrx_word' id='word_1_160' title='bbox 361 1755 430 1789; x_wconf 79' lang='lat' dir='ltr'>Ms.</span> <span class='ocrx_word' id='word_1_161' title='bbox 464 1754 571 1788; x_wconf 71' lang='lat' dir='ltr'>babili.</span> <span class='ocrx_word' id='word_1_162' title='bbox 627 1754 858 1789; x_wconf 86' lang='lat' dir='ltr'>Scribeudum</span> 
     </span>
     <span class='ocr_line' id='line_1_31' title="bbox 138 1805 858 1849; baseline -0.001 -9"><span class='ocrx_word' id='word_1_163' title='bbox 138 1814 223 1841; x_wconf 78' lang='lat' dir='ltr'>vero</span> <span class='ocrx_word' id='word_1_164' title='bbox 245 1806 353 1840; x_wconf 68' lang='lat' dir='ltr'>babili.</span> <span class='ocrx_word' id='word_1_165' title='bbox 407 1805 536 1849; x_wconf 68' lang='lat' dir='ltr'>Babae,</span> <span class='ocrx_word' id='word_1_166' title='bbox 561 1810 602 1840; x_wconf 89' lang='lat' dir='ltr'>ut</span> <span class='ocrx_word' id='word_1_167' title='bbox 627 1810 666 1839; x_wconf 89' lang='lat' dir='ltr'>et</span> <span class='ocrx_word' id='word_1_168' title='bbox 698 1806 858 1848; x_wconf 70' lang='lat' dir='ltr'>bubulcus,</span> 
     </span>
     <span class='ocr_line' id='line_1_32' title="bbox 138 1857 859 1901; baseline -0.003 -8"><span class='ocrx_word' id='word_1_169' title='bbox 138 1862 195 1894; x_wconf 74' lang='lat' dir='ltr'>ut</span> <span class='ocrx_word' id='word_1_170' title='bbox 222 1867 245 1891; x_wconf 84' lang='lat' dir='ltr'>a</span> <span class='ocrx_word' id='word_1_171' title='bbox 270 1857 378 1892; x_wconf 89' lang='lat' dir='ltr'>tertio</span> <span class='ocrx_word' id='word_1_172' title='bbox 399 1857 527 1900; x_wconf 80' lang='lat' dir='ltr'>plurali</span> <span class='ocrx_word' id='word_1_173' title='bbox 547 1857 665 1891; x_wconf 77' lang='lat' dir='ltr'>bubus.-</span> <span class='ocrx_word' id='word_1_174' title='bbox 695 1858 859 1901; x_wconf 84' lang='lat' dir='ltr'>quemad-</span> 
     </span>
     <span class='ocr_line' id='line_1_33' title="bbox 139 1908 858 1953; baseline 0 -9"><span class='ocrx_word' id='word_1_175' title='bbox 139 1909 280 1944; x_wconf 81' lang='lat' dir='ltr'>modum</span> <span class='ocrx_word' id='word_1_176' title='bbox 313 1913 411 1943; x_wconf 88' lang='lat' dir='ltr'>recte</span> <span class='ocrx_word' id='word_1_177' title='bbox 444 1908 589 1950; x_wconf 86' lang='lat' dir='ltr'>dicitnr,</span> <span class='ocrx_word' id='word_1_178' title='bbox 626 1920 690 1953; x_wconf 84' lang='lat' dir='ltr'>pro</span> <span class='ocrx_word' id='word_1_179' title='bbox 720 1911 858 1953; x_wconf 73' lang='lat' dir='ltr'>bovibus,</span> 
     </span>
     <span class='ocr_line' id='line_1_34' title="bbox 94 1961 858 2005; baseline 0.003 -11"><span class='ocrx_word' id='word_1_180' title='bbox 94 1965 101 1973; x_wconf 87' lang='lat'><strong>‘</strong></span> <span class='ocrx_word' id='word_1_181' title='bbox 139 1964 319 1994; x_wconf 80' lang='lat' dir='ltr'>contracte</span> <span class='ocrx_word' id='word_1_182' title='bbox 335 1961 446 2002; x_wconf 76' lang='lat' dir='ltr'>bubus,</span> <span class='ocrx_word' id='word_1_183' title='bbox 462 1961 515 1995; x_wconf 89' lang='lat' dir='ltr'>sic</span> <span class='ocrx_word' id='word_1_184' title='bbox 530 1961 637 1995; x_wconf 81' lang='lat' dir='ltr'>etiam</span> <span class='ocrx_word' id='word_1_185' title='bbox 659 1972 726 2005; x_wconf 84' lang='lat' dir='ltr'>pro</span> <span class='ocrx_word' id='word_1_186' title='bbox 749 1963 858 1996; x_wconf 76' lang='lat' dir='ltr'>suibus</span> 
     </span>
     <span class='ocr_line' id='line_1_35' title="bbox 139 2012 857 2047; baseline 0.003 -2"><span class='ocrx_word' id='word_1_187' title='bbox 139 2016 321 2046; x_wconf 83' lang='lat' dir='ltr'>contracte</span> <span class='ocrx_word' id='word_1_188' title='bbox 335 2012 442 2046; x_wconf 69' lang='lat' dir='ltr'>ubas.</span> <span class='ocrx_word' id='word_1_189' title='bbox 494 2012 590 2045; x_wconf 88' lang='lat' dir='ltr'>Plin.</span> <span class='ocrx_word' id='word_1_190' title='bbox 606 2013 665 2046; x_wconf 88' lang='lat' dir='ltr'>lib.</span> <span class='ocrx_word' id='word_1_191' title='bbox 681 2022 786 2047; x_wconf 74' lang='lat' dir='ltr'>xxiv.</span> <span class='ocrx_word' id='word_1_192' title='bbox 803 2017 857 2047; x_wconf 83' lang='lat'>19.</span> 
     </span>
     <span class='ocr_line' id='line_1_36' title="bbox 138 2061 856 2106; baseline 0.004 -11"><span class='ocrx_word' id='word_1_193' title='bbox 138 2062 148 2080; x_wconf 92' lang='lat'>‘</span> <span class='ocrx_word' id='word_1_194' title='bbox 164 2061 290 2106; x_wconf 64' lang='lat' dir='ltr'>Itaque</span> <span class='ocrx_word' id='word_1_195' title='bbox 313 2066 352 2096; x_wconf 87' lang='lat' dir='ltr'>et</span> <span class='ocrx_word' id='word_1_196' title='bbox 379 2062 497 2097; x_wconf 84' lang='lat' dir='ltr'>suibus</span> <span class='ocrx_word' id='word_1_197' title='bbox 523 2062 622 2096; x_wconf 68' lang='lat' dir='ltr'>dari!</span> <span class='ocrx_word' id='word_1_198' title='bbox 662 2065 774 2105; x_wconf 75' lang='lat' dir='ltr'>·Lege</span> <span class='ocrx_word' id='word_1_199' title='bbox 811 2074 856 2098; x_wconf 82' lang='lat' dir='ltr'>ex</span> 
     </span>
     <span class='ocr_line' id='line_1_37' title="bbox 139 2113 856 2154; baseline 0.003 -8"><span class='ocrx_word' id='word_1_200' title='bbox 139 2117 211 2147; x_wconf 85' lang='lat' dir='ltr'>vet.</span> <span class='ocrx_word' id='word_1_201' title='bbox 226 2113 371 2147; x_wconf 81' lang='lat' dir='ltr'>Divion.</span> <span class='ocrx_word' id='word_1_202' title='bbox 397 2113 541 2154; x_wconf 78' lang='lat' dir='ltr'>Codice,</span> <span class='ocrx_word' id='word_1_203' title='bbox 563 2115 668 2147; x_wconf 75' lang='lat' dir='ltr'>subus.</span> <span class='ocrx_word' id='word_1_204' title='bbox 714 2116 762 2148; x_wconf 87' lang='lat' dir='ltr'>Et</span> <span class='ocrx_word' id='word_1_205' title='bbox 774 2115 856 2148; x_wconf 88' lang='lat' dir='ltr'>ibid.</span> 
     </span>
     <span class='ocr_line' id='line_1_38' title="bbox 142 2155 856 2198; baseline 0.003 -2"><span class='ocrx_word' id='word_1_206' title='bbox 142 2163 283 2198; x_wconf 77' lang='lat' dir='ltr'>statim:</span> <span class='ocrx_word' id='word_1_207' title='bbox 317 2164 329 2183; x_wconf 89' lang='lat'>‘</span> <span class='ocrx_word' id='word_1_208' title='bbox 345 2155 515 2197; x_wconf 75' lang='lat' dir='ltr'>Medetur</span> <span class='ocrx_word' id='word_1_209' title='bbox 529 2168 567 2197; x_wconf 87' lang='lat' dir='ltr'>et</span> <span class='ocrx_word' id='word_1_210' title='bbox 583 2164 701 2198; x_wconf 85' lang='lat' dir='ltr'>suibus</span> <span class='ocrx_word' id='word_1_211' title='bbox 716 2165 791 2198; x_wconf 77' lang='lat' dir='ltr'>baec</span> <span class='ocrx_word' id='word_1_212' title='bbox 805 2165 856 2198; x_wconf 87' lang='lat' dir='ltr'>ef-</span> 
     </span>
     <span class='ocr_line' id='line_1_39' title="bbox 139 2214 855 2259; baseline 0.001 -10"><span class='ocrx_word' id='word_1_213' title='bbox 139 2214 258 2250; x_wconf 74' lang='lat' dir='ltr'><strong>foeu.’</strong></span> <span class='ocrx_word' id='word_1_214' title='bbox 301 2214 426 2249; x_wconf 83' lang='lat' dir='ltr'>Scribe</span> <span class='ocrx_word' id='word_1_215' title='bbox 442 2225 488 2249; x_wconf 87' lang='lat' dir='ltr'>ex</span> <span class='ocrx_word' id='word_1_216' title='bbox 503 2215 627 2249; x_wconf 89' lang='lat' dir='ltr'>codem</span> <span class='ocrx_word' id='word_1_217' title='bbox 642 2216 778 2259; x_wconf 87' lang='lat' dir='ltr'>codice,</span> <span class='ocrx_word' id='word_1_218' title='bbox 803 2228 855 2250; x_wconf 77' lang='lat' dir='ltr'>su-</span> 
     </span>
     <span class='ocr_line' id='line_1_40' title="bbox 138 2265 855 2301; baseline 0.001 -1"><span class='ocrx_word' id='word_1_219' title='bbox 138 2265 208 2300; x_wconf 69' lang='lat' dir='ltr'>bus.</span> <span class='ocrx_word' id='word_1_220' title='bbox 245 2265 340 2300; x_wconf 78' lang='lat' dir='ltr'>Hinc</span> <span class='ocrx_word' id='word_1_221' title='bbox 354 2269 392 2299; x_wconf 91' lang='lat' dir='ltr'>et</span> <span class='ocrx_word' id='word_1_222' title='bbox 409 2270 547 2299; x_wconf 77' lang='lat' dir='ltr'>veteres</span> <span class='ocrx_word' id='word_1_223' title='bbox 563 2265 684 2300; x_wconf 84' lang='lat' dir='ltr'>dixere</span> <span class='ocrx_word' id='word_1_224' title='bbox 694 2267 855 2301; x_wconf 73' lang='lat' dir='ltr'>subulcam</span> 
     </span>
     <span class='ocr_line' id='line_1_41' title="bbox 139 2317 856 2362; baseline 0.001 -11"><span class='ocrx_word' id='word_1_225' title='bbox 139 2328 160 2351; x_wconf 79' lang='lat' dir='ltr'>a</span> <span class='ocrx_word' id='word_1_226' title='bbox 171 2317 279 2360; x_wconf 58' lang='lat' dir='ltr'>du,</span> <span class='ocrx_word' id='word_1_227' title='bbox 293 2322 334 2351; x_wconf 88' lang='lat' dir='ltr'>ut</span> <span class='ocrx_word' id='word_1_228' title='bbox 348 2317 512 2350; x_wconf 70' lang='lat' dir='ltr'>bubulam</span> <span class='ocrx_word' id='word_1_229' title='bbox 526 2327 548 2350; x_wconf 88' lang='lat' dir='ltr'>a</span> <span class='ocrx_word' id='word_1_230' title='bbox 562 2317 670 2351; x_wconf 69' lang='lat' dir='ltr'>bubus.</span> <span class='ocrx_word' id='word_1_231' title='bbox 715 2318 757 2351; x_wconf 91' lang='lat' dir='ltr'>In</span> <span class='ocrx_word' id='word_1_232' title='bbox 785 2319 856 2362; x_wconf 83' lang='lat' dir='ltr'>pri-</span> 
     </span>
     <span class='ocr_line' id='line_1_42' title="bbox 138 2369 852 2411; baseline 0.001 -8"><span class='ocrx_word' id='word_1_233' title='bbox 138 2378 196 2403; x_wconf 87' lang='grc' dir='ltr'><strong>ιιιο</strong></span> <span class='ocrx_word' id='word_1_234' title='bbox 211 2378 293 2404; x_wconf 76' lang='lat' dir='ltr'>casu</span> <span class='ocrx_word' id='word_1_235' title='bbox 315 2369 486 2411; x_wconf 81' lang='lat' dir='ltr'>similiter,</span> <span class='ocrx_word' id='word_1_236' title='bbox 499 2369 567 2403; x_wconf 76' lang='lat' dir='ltr'>suis</span> <span class='ocrx_word' id='word_1_237' title='bbox 581 2374 618 2402; x_wconf 91' lang='lat' dir='ltr'>et</span> <span class='ocrx_word' id='word_1_238' title='bbox 633 2380 686 2403; x_wconf 75' lang='lat' dir='ltr'>sas</span> <span class='ocrx_word' id='word_1_239' title='bbox 701 2369 852 2404; x_wconf 85' lang='lat' dir='ltr'>dicitur:</span> 
     </span>
     <span class='ocr_line' id='line_1_43' title="bbox 138 2420 854 2463; baseline 0 -9"><span class='ocrx_word' id='word_1_240' title='bbox 138 2421 265 2454; x_wconf 86' lang='lat' dir='ltr'>Cicero</span> <span class='ocrx_word' id='word_1_241' title='bbox 279 2420 422 2455; x_wconf 82' lang='lat' dir='ltr'>Tuscul.</span> <span class='ocrx_word' id='word_1_242' title='bbox 437 2429 472 2454; x_wconf 83' lang='lat' dir='ltr'>v.</span> <span class='ocrx_word' id='word_1_243' title='bbox 489 2424 529 2455; x_wconf 86' lang='lat' dir='ltr'>nt</span> <span class='ocrx_word' id='word_1_244' title='bbox 544 2420 671 2462; x_wconf 84' lang='lat' dir='ltr'>legitur</span> <span class='ocrx_word' id='word_1_245' title='bbox 687 2421 722 2453; x_wconf 88' lang='lat' dir='ltr'>in</span> <span class='ocrx_word' id='word_1_246' title='bbox 739 2421 854 2463; x_wconf 78' lang='lat' dir='ltr'>Regio</span> 
     </span>
     <span class='ocr_line' id='line_1_44' title="bbox 137 2471 854 2515; baseline -0.001 -9"><span class='ocrx_word' id='word_1_247' title='bbox 137 2477 175 2506; x_wconf 90' lang='lat' dir='ltr'>et</span> <span class='ocrx_word' id='word_1_248' title='bbox 189 2471 287 2508; x_wconf 79' lang='lat' dir='ltr'>Pith.</span> <span class='ocrx_word' id='word_1_249' title='bbox 304 2471 383 2507; x_wconf 86' lang='lat' dir='ltr'>cod.</span> <span class='ocrx_word' id='word_1_250' title='bbox 410 2481 514 2515; x_wconf 85' lang='lat' dir='ltr'>quem</span> <span class='ocrx_word' id='word_1_251' title='bbox 536 2472 651 2504; x_wconf 90' lang='lat' dir='ltr'>locum</span> <span class='ocrx_word' id='word_1_252' title='bbox 672 2481 776 2514; x_wconf 82' lang='lat' dir='ltr'>supra</span> <span class='ocrx_word' id='word_1_253' title='bbox 794 2472 854 2505; x_wconf 82' lang='lat' dir='ltr'>ad-</span> 
     </span>
     <span class='ocr_line' id='line_1_45' title="bbox 136 2522 854 2566; baseline 0.001 -9"><span class='ocrx_word' id='word_1_254' title='bbox 136 2523 298 2559; x_wconf 80' lang='lat' dir='ltr'>duximus</span> <span class='ocrx_word' id='word_1_255' title='bbox 323 2523 368 2556; x_wconf 89' lang='lat' dir='ltr'>ad</span> <span class='ocrx_word' id='word_1_256' title='bbox 392 2523 454 2557; x_wconf 87' lang='lat' dir='ltr'>lib.</span> <span class='ocrx_word' id='word_1_257' title='bbox 470 2532 498 2556; x_wconf 90' lang='grc' dir='ltr'>ι.</span> <span class='ocrx_word' id='word_1_258' title='bbox 526 2522 597 2555; x_wconf 84' lang='lat' dir='ltr'>fab.</span> <span class='ocrx_word' id='word_1_259' title='bbox 617 2525 653 2556; x_wconf 89' lang='lat'>8.</span> <span class='ocrx_word' id='word_1_260' title='bbox 695 2523 755 2557; x_wconf 87' lang='lat' dir='ltr'>Sic</span> <span class='ocrx_word' id='word_1_261' title='bbox 770 2533 854 2566; x_wconf 79' lang='lat' dir='ltr'>ergo</span> 
     </span>
     <span class='ocr_line' id='line_1_46' title="bbox 137 2573 852 2618; baseline 0 -10"><span class='ocrx_word' id='word_1_262' title='bbox 137 2574 326 2618; x_wconf 75' lang='lat' dir='ltr'>antiquitus</span> <span class='ocrx_word' id='word_1_263' title='bbox 341 2573 535 2615; x_wconf 76' lang='lat' dir='ltr'>dicebatur,</span> <span class='ocrx_word' id='word_1_264' title='bbox 548 2573 655 2607; x_wconf 71' lang='lat' dir='ltr'>babile</span> <span class='ocrx_word' id='word_1_265' title='bbox 669 2583 733 2616; x_wconf 85' lang='lat' dir='ltr'>pro</span> <span class='ocrx_word' id='word_1_266' title='bbox 744 2574 852 2608; x_wconf 74' lang='lat' dir='ltr'>bobili-</span> 
     </span>
     <span class='ocr_line' id='line_1_47' title="bbox 139 2626 855 2667; baseline 0.001 -8"><span class='ocrx_word' id='word_1_267' title='bbox 139 2626 249 2660; x_wconf 76' lang='lat' dir='ltr'>Varro</span> <span class='ocrx_word' id='word_1_268' title='bbox 263 2626 308 2659; x_wconf 86' lang='lat' dir='ltr'>de</span> <span class='ocrx_word' id='word_1_269' title='bbox 324 2626 376 2659; x_wconf 84' lang='lat' dir='ltr'>Re</span> <span class='ocrx_word' id='word_1_270' title='bbox 397 2626 554 2667; x_wconf 89' lang='lat' dir='ltr'>Rustica,</span> <span class='ocrx_word' id='word_1_271' title='bbox 567 2634 593 2659; x_wconf 94' lang='lat'>1.</span> <span class='ocrx_word' id='word_1_272' title='bbox 610 2628 664 2660; x_wconf 89' lang='grc'>12.</span> <span class='ocrx_word' id='word_1_273' title='bbox 688 2627 699 2645; x_wconf 90' lang='lat'>‘</span> <span class='ocrx_word' id='word_1_274' title='bbox 716 2627 758 2660; x_wconf 93' lang='lat' dir='ltr'>In</span> <span class='ocrx_word' id='word_1_275' title='bbox 773 2628 855 2661; x_wconf 86' lang='lat' dir='ltr'>villa</span> 
     </span>
     <span class='ocr_line' id='line_1_48' title="bbox 136 2675 854 2718; baseline 0.004 -9"><span class='ocrx_word' id='word_1_276' title='bbox 136 2675 295 2711; x_wconf 79' lang='lat' dir='ltr'>facienda</span> <span class='ocrx_word' id='word_1_277' title='bbox 309 2681 391 2710; x_wconf 86' lang='lat' dir='ltr'>suut</span> <span class='ocrx_word' id='word_1_278' title='bbox 404 2677 558 2718; x_wconf 84' lang='lat' dir='ltr'>stabula,</span> <span class='ocrx_word' id='word_1_279' title='bbox 582 2677 632 2710; x_wconf 87' lang='lat' dir='ltr'>ita</span> <span class='ocrx_word' id='word_1_280' title='bbox 658 2681 697 2711; x_wconf 89' lang='lat' dir='ltr'>ut</span> <span class='ocrx_word' id='word_1_281' title='bbox 722 2677 854 2712; x_wconf 76' lang='lat' dir='ltr'>bubilia</span> 
     </span>
     <span class='ocr_line' id='line_1_49' title="bbox 136 2728 854 2772; baseline 0.006 -11"><span class='ocrx_word' id='word_1_282' title='bbox 136 2728 218 2770; x_wconf 76' lang='lat' dir='ltr'>sint,</span> <span class='ocrx_word' id='word_1_283' title='bbox 231 2729 289 2763; x_wconf 87' lang='lat' dir='ltr'>ubi</span> <span class='ocrx_word' id='word_1_284' title='bbox 302 2729 416 2762; x_wconf 86' lang='lat' dir='ltr'>bieme</span> <span class='ocrx_word' id='word_1_285' title='bbox 431 2729 568 2772; x_wconf 81' lang='lat' dir='ltr'>possint</span> <span class='ocrx_word' id='word_1_286' title='bbox 583 2739 661 2762; x_wconf 84' lang='lat' dir='ltr'>esse</span> <span class='ocrx_word' id='word_1_287' title='bbox 676 2730 854 2766; x_wconf 69' lang='lat' dir='ltr'>caldiora!</span> 
     </span>
     <span class='ocr_line' id='line_1_50' title="bbox 137 2781 853 2816; baseline 0.003 -2"><span class='ocrx_word' id='word_1_288' title='bbox 137 2781 276 2815; x_wconf 73' lang='lat' dir='ltr'>vitruv.</span> <span class='ocrx_word' id='word_1_289' title='bbox 291 2781 350 2815; x_wconf 79' lang='lat' dir='ltr'>lib.</span> <span class='ocrx_word' id='word_1_290' title='bbox 365 2791 418 2815; x_wconf 78' lang='lat' dir='ltr'>vr.</span> <span class='ocrx_word' id='word_1_291' title='bbox 433 2785 467 2815; x_wconf 80' lang='lat'>9.</span> <span class='ocrx_word' id='word_1_292' title='bbox 490 2782 500 2801; x_wconf 88' lang='lat'>‘</span> <span class='ocrx_word' id='word_1_293' title='bbox 518 2781 560 2815; x_wconf 87' lang='lat' dir='ltr'>In</span> <span class='ocrx_word' id='word_1_294' title='bbox 581 2782 722 2815; x_wconf 81' lang='lat' dir='ltr'>cohorte</span> <span class='ocrx_word' id='word_1_295' title='bbox 738 2783 853 2816; x_wconf 87' lang='lat' dir='ltr'>culina</span> 
     </span>
     <span class='ocr_line' id='line_1_51' title="bbox 138 2832 849 2877; baseline 0.004 -12"><span class='ocrx_word' id='word_1_296' title='bbox 138 2842 241 2875; x_wconf 82' lang='lat' dir='ltr'>quam</span> <span class='ocrx_word' id='word_1_297' title='bbox 274 2832 483 2866; x_wconf 82' lang='lat' dir='ltr'>calidissimo</span> <span class='ocrx_word' id='word_1_298' title='bbox 516 2833 593 2867; x_wconf 85' lang='lat' dir='ltr'>loco</span> <span class='ocrx_word' id='word_1_299' title='bbox 626 2833 849 2877; x_wconf 73' lang='lat' dir='ltr'>designetur:</span> 
     </span>
    </p>
   </div>
   <div class='ocr_carea' id='block_1_3' title="bbox 1540 202 1628 245">
    <p class='ocr_par' dir='ltr' id='par_1_8' title="bbox 1540 202 1628 245">
     <span class='ocr_line' id='line_1_52' title="bbox 1540 202 1628 245; baseline 0.011 -1"><span class='ocrx_word' id='word_1_300' title='bbox 1540 202 1628 245; x_wconf 83' lang='lat'>459</span> 
     </span>
    </p>
   </div>
   <div class='ocr_carea' id='block_1_4' title="bbox 905 306 1632 2515">
    <p class='ocr_par' dir='ltr' id='par_1_9' title="bbox 911 306 1632 1128">
     <span class='ocr_line' id='line_1_53' title="bbox 913 306 1629 351; baseline 0.001 -10"><span class='ocrx_word' id='word_1_301' title='bbox 913 308 1098 350; x_wconf 81' lang='lat' dir='ltr'>conjuncta</span> <span class='ocrx_word' id='word_1_302' title='bbox 1113 311 1229 341; x_wconf 80' lang='lat' dir='ltr'>autem</span> <span class='ocrx_word' id='word_1_303' title='bbox 1246 306 1372 340; x_wconf 84' lang='lat' dir='ltr'>babeat</span> <span class='ocrx_word' id='word_1_304' title='bbox 1388 306 1531 348; x_wconf 83' lang='lat' dir='ltr'>bubilia,</span> <span class='ocrx_word' id='word_1_305' title='bbox 1545 318 1629 351; x_wconf 86' lang='lat' dir='ltr'>quo·</span> 
     </span>
     <span class='ocr_line' id='line_1_54' title="bbox 913 360 1630 410; baseline -0.003 -14"><span class='ocrx_word' id='word_1_306' title='bbox 913 373 988 396; x_wconf 85' lang='lat' dir='ltr'>rum</span> <span class='ocrx_word' id='word_1_307' title='bbox 1015 362 1186 406; x_wconf 72' lang='lat' dir='ltr'>praesepia</span> <span class='ocrx_word' id='word_1_308' title='bbox 1214 361 1259 395; x_wconf 79' lang='lat' dir='ltr'>ad</span> <span class='ocrx_word' id='word_1_309' title='bbox 1284 360 1401 395; x_wconf 72' lang='lat' dir='ltr'>focum</span> <span class='ocrx_word' id='word_1_310' title='bbox 1423 365 1462 394; x_wconf 88' lang='lat' dir='ltr'>et</span> <span class='ocrx_word' id='word_1_311' title='bbox 1482 361 1630 410; x_wconf 76' lang='lat' dir='ltr'>orientis</span> 
     </span>
     <span class='ocr_line' id='line_1_55' title="bbox 912 412 1629 457; baseline -0.001 -10"><span class='ocrx_word' id='word_1_312' title='bbox 912 414 990 448; x_wconf 81' lang='lat' dir='ltr'>coeli</span> <span class='ocrx_word' id='word_1_313' title='bbox 1018 414 1195 457; x_wconf 82' lang='lat' dir='ltr'>regionem</span> <span class='ocrx_word' id='word_1_314' title='bbox 1223 412 1414 456; x_wconf 67' lang='lat' dir='ltr'>spectent!</span> <span class='ocrx_word' id='word_1_315' title='bbox 1461 413 1577 447; x_wconf 65' lang='lat' dir='ltr'>Babae</span> <span class='ocrx_word' id='word_1_316' title='bbox 1592 413 1629 447; x_wconf 91' lang='lat' dir='ltr'>in</span> 
     </span>
     <span class='ocr_line' id='line_1_56' title="bbox 912 463 1630 507; baseline -0.004 -7"><span class='ocrx_word' id='word_1_317' title='bbox 912 465 1026 500; x_wconf 80' lang='lat' dir='ltr'>Gloss.</span> <span class='ocrx_word' id='word_1_318' title='bbox 1039 463 1237 504; x_wconf 69' lang='grc' dir='ltr'><strong>βουστάσιον.</strong></span> <span class='ocrx_word' id='word_1_319' title='bbox 1261 464 1313 498; x_wconf 92' lang='lat' dir='ltr'>Ut</span> <span class='ocrx_word' id='word_1_320' title='bbox 1325 465 1335 483; x_wconf 94' lang='lat'>‘</span> <span class='ocrx_word' id='word_1_321' title='bbox 1350 464 1502 498; x_wconf 68' lang='lat' dir='ltr'>Haeduis</span> <span class='ocrx_word' id='word_1_322' title='bbox 1513 463 1523 478; x_wconf 81' lang='lat'><em>&#39;</em></span> <span class='ocrx_word' id='word_1_323' title='bbox 1534 464 1630 507; x_wconf 84' lang='lat' dir='ltr'>apud</span> 
     </span>
     <span class='ocr_line' id='line_1_57' title="bbox 914 514 1628 559; baseline -0.001 -9"><span class='ocrx_word' id='word_1_324' title='bbox 914 516 1039 550; x_wconf 84' lang='lat' dir='ltr'>Horat.</span> <span class='ocrx_word' id='word_1_325' title='bbox 1056 517 1126 550; x_wconf 90' lang='lat' dir='ltr'>Od.</span> <span class='ocrx_word' id='word_1_326' title='bbox 1139 526 1166 550; x_wconf 88' lang='lat'>1.</span> <span class='ocrx_word' id='word_1_327' title='bbox 1182 519 1236 550; x_wconf 82' lang='grc'>17.</span> <span class='ocrx_word' id='word_1_328' title='bbox 1261 514 1501 559; x_wconf 74' lang='grc' dir='ltr'><strong>τραγοπασίαι.</strong></span> <span class='ocrx_word' id='word_1_329' title='bbox 1538 515 1628 549; x_wconf 74' lang='lat' dir='ltr'>Gud-</span> 
     </span>
     <span class='ocr_line' id='line_1_58' title="bbox 955 566 1631 610; baseline -0.003 -9"><span class='ocrx_word' id='word_1_330' title='bbox 955 571 975 601; x_wconf 80' lang='lat'>⁵</span> <span class='ocrx_word' id='word_1_331' title='bbox 1012 569 1175 606; x_wconf 76' lang='lat' dir='ltr'>Quidnam</span> <span class='ocrx_word' id='word_1_332' title='bbox 1195 569 1328 602; x_wconf 71' lang='lat' dir='ltr'>voluiati</span> <span class='ocrx_word' id='word_1_333' title='bbox 1352 567 1428 610; x_wconf 74' lang='lat' dir='ltr'>tibi]</span> <span class='ocrx_word' id='word_1_334' title='bbox 1474 566 1631 601; x_wconf 81' lang='lat' dir='ltr'>Imitatio</span> 
     </span>
     <span class='ocr_line' id='line_1_59' title="bbox 911 618 1630 662; baseline 0.001 -10"><span class='ocrx_word' id='word_1_335' title='bbox 911 618 1119 661; x_wconf 76' lang='lat' dir='ltr'>virgiliana.</span> <span class='ocrx_word' id='word_1_336' title='bbox 1162 619 1245 662; x_wconf 81' lang='lat' dir='ltr'>Ipse</span> <span class='ocrx_word' id='word_1_337' title='bbox 1271 619 1323 652; x_wconf 84' lang='lat' dir='ltr'>ita</span> <span class='ocrx_word' id='word_1_338' title='bbox 1348 619 1471 661; x_wconf 85' lang='lat' dir='ltr'>Eclog.</span> <span class='ocrx_word' id='word_1_339' title='bbox 1487 627 1532 652; x_wconf 87' lang='grc' dir='ltr'>ιι.</span> <span class='ocrx_word' id='word_1_340' title='bbox 1555 619 1566 638; x_wconf 90' lang='lat'>‘</span> <span class='ocrx_word' id='word_1_341' title='bbox 1584 618 1630 653; x_wconf 81' lang='lat' dir='ltr'>E-</span> 
     </span>
     <span class='ocr_line' id='line_1_60' title="bbox 911 668 1631 714; baseline -0.003 -10"><span class='ocrx_word' id='word_1_342' title='bbox 911 669 980 704; x_wconf 88' lang='lat' dir='ltr'>heu</span> <span class='ocrx_word' id='word_1_343' title='bbox 994 670 1079 714; x_wconf 85' lang='lat' dir='ltr'>quid</span> <span class='ocrx_word' id='word_1_344' title='bbox 1093 670 1188 704; x_wconf 86' lang='lat' dir='ltr'>volni</span> <span class='ocrx_word' id='word_1_345' title='bbox 1209 670 1338 704; x_wconf 85' lang='lat' dir='ltr'>misero</span> <span class='ocrx_word' id='word_1_346' title='bbox 1354 670 1436 703; x_wconf 90' lang='lat' dir='ltr'>mibi</span> <span class='ocrx_word' id='word_1_347' title='bbox 1447 669 1471 703; x_wconf 61' lang='grc' dir='ltr'>θ’</span> <span class='ocrx_word' id='word_1_348' title='bbox 1501 668 1631 703; x_wconf 87' lang='lat' dir='ltr'>Simili-</span> 
     </span>
     <span class='ocr_line' id='line_1_61' title="bbox 912 720 1630 757; baseline -0.003 -2"><span class='ocrx_word' id='word_1_349' title='bbox 912 726 968 756; x_wconf 88' lang='lat' dir='ltr'>ter</span> <span class='ocrx_word' id='word_1_350' title='bbox 979 722 1123 756; x_wconf 78' lang='lat' dir='ltr'>Terent.</span> <span class='ocrx_word' id='word_1_351' title='bbox 1138 723 1228 757; x_wconf 87' lang='lat' dir='ltr'>Eun.</span> <span class='ocrx_word' id='word_1_352' title='bbox 1244 726 1314 756; x_wconf 87' lang='lat' dir='ltr'>act.</span> <span class='ocrx_word' id='word_1_353' title='bbox 1326 731 1383 755; x_wconf 89' lang='grc' dir='ltr'><strong>ιιι.</strong></span> <span class='ocrx_word' id='word_1_354' title='bbox 1398 731 1447 755; x_wconf 87' lang='lat' dir='ltr'>sc.</span> <span class='ocrx_word' id='word_1_355' title='bbox 1463 725 1497 754; x_wconf 84' lang='lat'>5.</span> <span class='ocrx_word' id='word_1_356' title='bbox 1511 721 1522 739; x_wconf 94' lang='lat'>‘</span> <span class='ocrx_word' id='word_1_357' title='bbox 1534 720 1630 757; x_wconf 84' lang='lat' dir='ltr'>Quid</span> 
     </span>
     <span class='ocr_line' id='line_1_62' title="bbox 913 772 1631 808; baseline -0.004 0"><span class='ocrx_word' id='word_1_358' title='bbox 913 773 980 808; x_wconf 91' lang='lat' dir='ltr'>tibi</span> <span class='ocrx_word' id='word_1_359' title='bbox 993 774 1072 807; x_wconf 81' lang='lat' dir='ltr'>vis?</span> <span class='ocrx_word' id='word_1_360' title='bbox 1095 774 1209 808; x_wconf 79' lang='lat' dir='ltr'>satine</span> <span class='ocrx_word' id='word_1_361' title='bbox 1225 783 1327 807; x_wconf 83' lang='lat' dir='ltr'>sanus</span> <span class='ocrx_word' id='word_1_362' title='bbox 1337 772 1360 807; x_wconf 88' lang='lat'>?&#39;</span> <span class='ocrx_word' id='word_1_363' title='bbox 1382 772 1454 806; x_wconf 88' lang='lat' dir='ltr'>Ubi</span> <span class='ocrx_word' id='word_1_364' title='bbox 1470 773 1631 806; x_wconf 82' lang='lat' dir='ltr'>Donatus</span> 
     </span>
     <span class='ocr_line' id='line_1_63' title="bbox 912 822 1631 869; baseline -0.006 -9"><span class='ocrx_word' id='word_1_365' title='bbox 912 830 1013 860; x_wconf 78' lang='lat' dir='ltr'>notat</span> <span class='ocrx_word' id='word_1_366' title='bbox 1036 826 1135 869; x_wconf 86' lang='lat' dir='ltr'>illud,</span> <span class='ocrx_word' id='word_1_367' title='bbox 1155 826 1166 845; x_wconf 83' lang='lat'><em>⁴</em></span> <span class='ocrx_word' id='word_1_368' title='bbox 1183 825 1268 869; x_wconf 84' lang='lat' dir='ltr'>qnid</span> <span class='ocrx_word' id='word_1_369' title='bbox 1291 825 1358 859; x_wconf 89' lang='lat' dir='ltr'>tibi</span> <span class='ocrx_word' id='word_1_370' title='bbox 1381 824 1435 858; x_wconf 84' lang='lat' dir='ltr'>vis</span> <span class='ocrx_word' id='word_1_371' title='bbox 1447 822 1473 857; x_wconf 85' lang='lat'>?&#39;</span> <span class='ocrx_word' id='word_1_372' title='bbox 1505 823 1631 857; x_wconf 80' lang='lat' dir='ltr'>referri</span> 
     </span>
     <span class='ocr_line' id='line_1_64' title="bbox 913 874 1630 921; baseline -0.004 -9"><span class='ocrx_word' id='word_1_373' title='bbox 913 877 958 912; x_wconf 82' lang='lat' dir='ltr'>ad</span> <span class='ocrx_word' id='word_1_374' title='bbox 985 878 1212 919; x_wconf 87' lang='lat' dir='ltr'>antecedens,</span> <span class='ocrx_word' id='word_1_375' title='bbox 1240 877 1253 896; x_wconf 85' lang='lat'>‘</span> <span class='ocrx_word' id='word_1_376' title='bbox 1269 876 1354 921; x_wconf 87' lang='lat' dir='ltr'>quid</span> <span class='ocrx_word' id='word_1_377' title='bbox 1378 875 1464 910; x_wconf 87' lang='lat' dir='ltr'>mibi</span> <span class='ocrx_word' id='word_1_378' title='bbox 1492 874 1630 910; x_wconf 66' lang='lat' dir='ltr'>velim?</span> 
     </span>
     <span class='ocr_line' id='line_1_65' title="bbox 913 927 1632 973; baseline -0.006 -9"><span class='ocrx_word' id='word_1_379' title='bbox 913 929 1118 973; x_wconf 85' lang='lat' dir='ltr'>Quanquam</span> <span class='ocrx_word' id='word_1_380' title='bbox 1134 929 1171 963; x_wconf 84' lang='lat' dir='ltr'>in</span> <span class='ocrx_word' id='word_1_381' title='bbox 1180 929 1346 963; x_wconf 85' lang='lat' dir='ltr'>Terentio</span> <span class='ocrx_word' id='word_1_382' title='bbox 1357 938 1422 972; x_wconf 83' lang='lat' dir='ltr'>pro</span> <span class='ocrx_word' id='word_1_383' title='bbox 1434 927 1537 970; x_wconf 77' lang='lat' dir='ltr'>velim,</span> <span class='ocrx_word' id='word_1_384' title='bbox 1548 937 1632 970; x_wconf 68' lang='lat' dir='ltr'>que-</span> 
     </span>
     <span class='ocr_line' id='line_1_66' title="bbox 911 979 1631 1022; baseline -0.003 -9"><span class='ocrx_word' id='word_1_385' title='bbox 911 990 982 1013; x_wconf 78' lang='lat' dir='ltr'>ram</span> <span class='ocrx_word' id='word_1_386' title='bbox 1016 981 1072 1014; x_wconf 85' lang='lat' dir='ltr'>sit.</span> <span class='ocrx_word' id='word_1_387' title='bbox 1126 980 1207 1015; x_wconf 81' lang='lat' dir='ltr'>Quo</span> <span class='ocrx_word' id='word_1_388' title='bbox 1243 984 1360 1013; x_wconf 86' lang='lat' dir='ltr'>tamen</span> <span class='ocrx_word' id='word_1_389' title='bbox 1394 979 1631 1022; x_wconf 84' lang='lat' dir='ltr'>cognoscitur,</span> 
     </span>
     <span class='ocr_line' id='line_1_67' title="bbox 911 1029 1631 1075; baseline -0.003 -10"><span class='ocrx_word' id='word_1_390' title='bbox 911 1033 991 1065; x_wconf 75' lang='lat' dir='ltr'>velle</span> <span class='ocrx_word' id='word_1_391' title='bbox 1003 1033 1147 1066; x_wconf 87' lang='lat' dir='ltr'>Donato</span> <span class='ocrx_word' id='word_1_392' title='bbox 1163 1041 1239 1066; x_wconf 83' lang='lat' dir='ltr'>esse</span> <span class='ocrx_word' id='word_1_393' title='bbox 1253 1041 1394 1075; x_wconf 78' lang='lat' dir='ltr'>quaerere</span> <span class='ocrx_word' id='word_1_394' title='bbox 1418 1030 1454 1063; x_wconf 88' lang='lat' dir='ltr'>in</span> <span class='ocrx_word' id='word_1_395' title='bbox 1479 1031 1547 1063; x_wconf 87' lang='lat' dir='ltr'>hac</span> <span class='ocrx_word' id='word_1_396' title='bbox 1560 1029 1631 1063; x_wconf 81' lang='lat' dir='ltr'>for-</span> 
     </span>
     <span class='ocr_line' id='line_1_68' title="bbox 911 1081 1542 1128; baseline 0.002 -12"><span class='ocrx_word' id='word_1_397' title='bbox 911 1085 1018 1126; x_wconf 88' lang='lat' dir='ltr'>mula,</span> <span class='ocrx_word' id='word_1_398' title='bbox 1028 1094 1216 1128; x_wconf 87' lang='lat' dir='ltr'>curamque</span> <span class='ocrx_word' id='word_1_399' title='bbox 1228 1083 1410 1118; x_wconf 81' lang='lat' dir='ltr'>denotare.</span> <span class='ocrx_word' id='word_1_400' title='bbox 1433 1081 1542 1123; x_wconf 69' lang='lat' dir='ltr'>SM.</span> 
     </span>
    </p>

    <p class='ocr_par' dir='ltr' id='par_1_10' title="bbox 908 1134 1632 1428">
     <span class='ocr_line' id='line_1_69' title="bbox 954 1134 1631 1176; baseline -0.003 -8"><span class='ocrx_word' id='word_1_401' title='bbox 954 1138 977 1168; x_wconf 84' lang='lat'><strong>6</strong></span> <span class='ocrx_word' id='word_1_402' title='bbox 1001 1135 1121 1169; x_wconf 78' lang='lat' dir='ltr'>Necem</span> <span class='ocrx_word' id='word_1_403' title='bbox 1134 1134 1328 1176; x_wconf 75' lang='lat' dir='ltr'>cucurreris]</span> <span class='ocrx_word' id='word_1_404' title='bbox 1371 1134 1548 1176; x_wconf 77' lang='lat' dir='ltr'>Lege,qui</span> <span class='ocrx_word' id='word_1_405' title='bbox 1561 1134 1631 1166; x_wconf 70' lang='lat' dir='ltr'>aeci</span> 
     </span>
     <span class='ocr_line' id='line_1_70' title="bbox 911 1186 1632 1230; baseline -0.001 -10"><span class='ocrx_word' id='word_1_406' title='bbox 911 1187 1135 1229; x_wconf 55' lang='lat' dir='ltr'>armareris,</span> <span class='ocrx_word' id='word_1_407' title='bbox 1151 1187 1220 1228; x_wconf 85' lang='lat' dir='ltr'>vel,</span> <span class='ocrx_word' id='word_1_408' title='bbox 1244 1187 1298 1230; x_wconf 77' lang='lat' dir='ltr'>qui</span> <span class='ocrx_word' id='word_1_409' title='bbox 1322 1196 1427 1220; x_wconf 71' lang='lat' dir='ltr'>necem</span> <span class='ocrx_word' id='word_1_410' title='bbox 1450 1186 1632 1219; x_wconf 74' lang='lat' dir='ltr'>incucurre-</span> 
     </span>
     <span class='ocr_line' id='line_1_71' title="bbox 910 1237 1630 1282; baseline -0.001 -10"><span class='ocrx_word' id='word_1_411' title='bbox 910 1238 969 1272; x_wconf 71' lang='lat' dir='ltr'>ris.</span> <span class='ocrx_word' id='word_1_412' title='bbox 1014 1238 1141 1273; x_wconf 86' lang='lat' dir='ltr'>Cicero</span> <span class='ocrx_word' id='word_1_413' title='bbox 1165 1248 1274 1282; x_wconf 82' lang='lat' dir='ltr'>saepe,</span> <span class='ocrx_word' id='word_1_414' title='bbox 1296 1242 1306 1258; x_wconf 90' lang='lat'>‘</span> <span class='ocrx_word' id='word_1_415' title='bbox 1323 1238 1366 1272; x_wconf 92' lang='lat' dir='ltr'>In</span> <span class='ocrx_word' id='word_1_416' title='bbox 1381 1237 1543 1280; x_wconf 56' lang='lat' dir='ltr'>morbos:</span> <span class='ocrx_word' id='word_1_417' title='bbox 1564 1238 1575 1256; x_wconf 86' lang='lat'>‘</span> <span class='ocrx_word' id='word_1_418' title='bbox 1588 1238 1630 1271; x_wconf 82' lang='lat' dir='ltr'>In</span> 
     </span>
     <span class='ocr_line' id='line_1_72' title="bbox 910 1289 1630 1334; baseline 0.001 -11"><span class='ocrx_word' id='word_1_419' title='bbox 910 1290 1066 1333; x_wconf 88' lang='lat' dir='ltr'>crimen,’</span> <span class='ocrx_word' id='word_1_420' title='bbox 1082 1291 1093 1310; x_wconf 93' lang='lat'>‘</span> <span class='ocrx_word' id='word_1_421' title='bbox 1110 1291 1153 1324; x_wconf 90' lang='lat' dir='ltr'>In</span> <span class='ocrx_word' id='word_1_422' title='bbox 1171 1290 1401 1334; x_wconf 83' lang='lat' dir='ltr'>suspicionem</span> <span class='ocrx_word' id='word_1_423' title='bbox 1418 1290 1596 1323; x_wconf 86' lang='lat' dir='ltr'>incurrere</span> <span class='ocrx_word' id='word_1_424' title='bbox 1607 1289 1630 1324; x_wconf 72' lang='grc' dir='ltr'>ι’</span> 
     </span>
     <span class='ocr_line' id='line_1_73' title="bbox 910 1341 1631 1385; baseline 0 -10"><span class='ocrx_word' id='word_1_425' title='bbox 910 1341 956 1376; x_wconf 90' lang='lat' dir='ltr'>de</span> <span class='ocrx_word' id='word_1_426' title='bbox 982 1342 1068 1376; x_wconf 83' lang='lat' dir='ltr'>Nat.</span> <span class='ocrx_word' id='word_1_427' title='bbox 1088 1343 1192 1377; x_wconf 82' lang='lat' dir='ltr'>Deor.</span> <span class='ocrx_word' id='word_1_428' title='bbox 1209 1351 1267 1376; x_wconf 88' lang='grc' dir='ltr'><strong>ιιι.</strong></span> <span class='ocrx_word' id='word_1_429' title='bbox 1289 1342 1299 1361; x_wconf 90' lang='lat'>‘</span> <span class='ocrx_word' id='word_1_430' title='bbox 1316 1342 1358 1375; x_wconf 92' lang='lat' dir='ltr'>In</span> <span class='ocrx_word' id='word_1_431' title='bbox 1373 1345 1535 1385; x_wconf 81' lang='lat' dir='ltr'>apertam</span> <span class='ocrx_word' id='word_1_432' title='bbox 1550 1352 1631 1385; x_wconf 79' lang='lat' dir='ltr'>per-</span> 
     </span>
     <span class='ocr_line' id='line_1_74' title="bbox 908 1393 1399 1428; baseline 0.004 -2"><span class='ocrx_word' id='word_1_433' title='bbox 908 1393 1037 1427; x_wconf 84' lang='lat' dir='ltr'>niciem</span> <span class='ocrx_word' id='word_1_434' title='bbox 1054 1394 1255 1428; x_wconf 74' lang='lat' dir='ltr'>incurrere:</span> <span class='ocrx_word' id='word_1_435' title='bbox 1282 1393 1399 1428; x_wconf 68' lang='lat' dir='ltr'>Heius.</span> 
     </span>
    </p>

    <p class='ocr_par' dir='ltr' id='par_1_11' title="bbox 953 1444 1497 1489">
     <span class='ocr_line' id='line_1_75' title="bbox 953 1444 1497 1489; baseline -0.002 -10"><span class='ocrx_word' id='word_1_436' title='bbox 953 1448 976 1479; x_wconf 86' lang='lat'><em>8</em></span> <span class='ocrx_word' id='word_1_437' title='bbox 1002 1445 1066 1479; x_wconf 84' lang='lat' dir='ltr'>Vos</span> <span class='ocrx_word' id='word_1_438' title='bbox 1080 1446 1186 1489; x_wconf 80' lang='lat' dir='ltr'>modo]</span> <span class='ocrx_word' id='word_1_439' title='bbox 1209 1446 1279 1479; x_wconf 87' lang='lat' dir='ltr'>Ms.</span> <span class='ocrx_word' id='word_1_440' title='bbox 1295 1445 1360 1478; x_wconf 79' lang='lat' dir='ltr'>bos.</span> <span class='ocrx_word' id='word_1_441' title='bbox 1402 1444 1497 1478; x_wconf 79' lang='lat' dir='ltr'>oud.</span> 
     </span>
    </p>

    <p class='ocr_par' dir='ltr' id='par_1_12' title="bbox 910 1497 1631 1695">
     <span class='ocr_line' id='line_1_76' title="bbox 955 1497 1629 1539; baseline -0.003 -9"><span class='ocrx_word' id='word_1_442' title='bbox 955 1497 1106 1539; x_wconf 74' lang='lat' dir='ltr'>Parcite]</span> <span class='ocrx_word' id='word_1_443' title='bbox 1123 1498 1243 1531; x_wconf 78' lang='lat' dir='ltr'>Vitam</span> <span class='ocrx_word' id='word_1_444' title='bbox 1257 1497 1339 1530; x_wconf 89' lang='lat' dir='ltr'>mibi</span> <span class='ocrx_word' id='word_1_445' title='bbox 1354 1501 1506 1537; x_wconf 81' lang='lat' dir='ltr'>servate,</span> <span class='ocrx_word' id='word_1_446' title='bbox 1513 1505 1558 1529; x_wconf 87' lang='lat' dir='ltr'>ne</span> <span class='ocrx_word' id='word_1_447' title='bbox 1574 1505 1629 1529; x_wconf 90' lang='lat' dir='ltr'>me</span> 
     </span>
     <span class='ocr_line' id='line_1_77' title="bbox 912 1548 1631 1591; baseline 0 -10"><span class='ocrx_word' id='word_1_448' title='bbox 912 1549 1048 1591; x_wconf 80' lang='lat' dir='ltr'>prodite</span> <span class='ocrx_word' id='word_1_449' title='bbox 1063 1561 1074 1583; x_wconf 75' lang='lat' dir='ltr'><strong><em>z</em></strong></span> <span class='ocrx_word' id='word_1_450' title='bbox 1108 1549 1281 1591; x_wconf 83' lang='lat' dir='ltr'>absolute,</span> <span class='ocrx_word' id='word_1_451' title='bbox 1306 1553 1347 1582; x_wconf 89' lang='lat' dir='ltr'>ut</span> <span class='ocrx_word' id='word_1_452' title='bbox 1366 1549 1401 1582; x_wconf 83' lang='lat' dir='ltr'>in</span> <span class='ocrx_word' id='word_1_453' title='bbox 1416 1549 1475 1581; x_wconf 89' lang='lat' dir='ltr'>illo</span> <span class='ocrx_word' id='word_1_454' title='bbox 1491 1548 1631 1583; x_wconf 82' lang='lat' dir='ltr'>Horatii</span> 
     </span>
     <span class='ocr_line' id='line_1_78' title="bbox 911 1599 1630 1636; baseline -0.001 -3"><span class='ocrx_word' id='word_1_455' title='bbox 911 1600 981 1634; x_wconf 87' lang='lat' dir='ltr'>0d.</span> <span class='ocrx_word' id='word_1_456' title='bbox 1006 1610 1056 1634; x_wconf 81' lang='grc' dir='ltr'>ιν.</span> <span class='ocrx_word' id='word_1_457' title='bbox 1091 1604 1123 1636; x_wconf 90' lang='grc'>1.</span> <span class='ocrx_word' id='word_1_458' title='bbox 1157 1603 1166 1620; x_wconf 88' lang='lat'>‘</span> <span class='ocrx_word' id='word_1_459' title='bbox 1185 1601 1317 1634; x_wconf 79' lang='lat' dir='ltr'>Rursus</span> <span class='ocrx_word' id='word_1_460' title='bbox 1352 1599 1448 1634; x_wconf 80' lang='lat' dir='ltr'>bena</span> <span class='ocrx_word' id='word_1_461' title='bbox 1485 1601 1630 1634; x_wconf 81' lang='lat' dir='ltr'>moves?</span> 
     </span>
     <span class='ocr_line' id='line_1_79' title="bbox 910 1651 1331 1695; baseline 0.002 -12"><span class='ocrx_word' id='word_1_462' title='bbox 910 1661 1031 1694; x_wconf 86' lang='lat' dir='ltr'>parce,</span> <span class='ocrx_word' id='word_1_463' title='bbox 1045 1651 1198 1695; x_wconf 61' lang='lat' dir='ltr'>precor)</span> <span class='ocrx_word' id='word_1_464' title='bbox 1219 1652 1331 1692; x_wconf 78' lang='lat' dir='ltr'>Schef.</span> 
     </span>
    </p>

    <p class='ocr_par' dir='ltr' id='par_1_13' title="bbox 909 1702 1629 1849">
     <span class='ocr_line' id='line_1_80' title="bbox 953 1702 1629 1745; baseline 0.001 -10"><span class='ocrx_word' id='word_1_465' title='bbox 953 1705 975 1735; x_wconf 90' lang='grc'><strong>9</strong></span> <span class='ocrx_word' id='word_1_466' title='bbox 992 1702 1178 1744; x_wconf 74' lang='lat' dir='ltr'>Occasione]</span> <span class='ocrx_word' id='word_1_467' title='bbox 1194 1704 1278 1745; x_wconf 88' lang='lat' dir='ltr'>Pro,</span> <span class='ocrx_word' id='word_1_468' title='bbox 1290 1703 1324 1736; x_wconf 90' lang='lat' dir='ltr'>in</span> <span class='ocrx_word' id='word_1_469' title='bbox 1341 1703 1538 1744; x_wconf 85' lang='lat' dir='ltr'>occasione,</span> <span class='ocrx_word' id='word_1_470' title='bbox 1548 1712 1629 1737; x_wconf 89' lang='lat' dir='ltr'>cum</span> 
     </span>
     <span class='ocr_line' id='line_1_81' title="bbox 909 1753 1627 1796; baseline 0.003 -9"><span class='ocrx_word' id='word_1_471' title='bbox 909 1754 1050 1788; x_wconf 86' lang='lat' dir='ltr'>occasio</span> <span class='ocrx_word' id='word_1_472' title='bbox 1065 1753 1173 1787; x_wconf 81' lang='lat' dir='ltr'>fuerit</span> <span class='ocrx_word' id='word_1_473' title='bbox 1196 1754 1294 1796; x_wconf 86' lang='lat' dir='ltr'>data,</span> <span class='ocrx_word' id='word_1_474' title='bbox 1319 1758 1359 1787; x_wconf 87' lang='lat' dir='ltr'>nt</span> <span class='ocrx_word' id='word_1_475' title='bbox 1384 1754 1475 1788; x_wconf 76' lang='lat' dir='ltr'>infra</span> <span class='ocrx_word' id='word_1_476' title='bbox 1498 1755 1560 1789; x_wconf 88' lang='lat' dir='ltr'>lib.</span> <span class='ocrx_word' id='word_1_477' title='bbox 1574 1765 1627 1789; x_wconf 73' lang='grc' dir='ltr'>ιν.</span> 
     </span>
     <span class='ocr_line' id='line_1_82' title="bbox 909 1806 1390 1849; baseline 0 -9"><span class='ocrx_word' id='word_1_478' title='bbox 909 1816 941 1840; x_wconf 88' lang='lat' dir='ltr'>c.</span> <span class='ocrx_word' id='word_1_479' title='bbox 956 1809 1012 1840; x_wconf 80' lang='lat'>25.</span> <span class='ocrx_word' id='word_1_480' title='bbox 1035 1807 1046 1825; x_wconf 85' lang='lat'>‘</span> <span class='ocrx_word' id='word_1_481' title='bbox 1062 1807 1258 1849; x_wconf 72' lang='lat' dir='ltr'>Tempore:</span> <span class='ocrx_word' id='word_1_482' title='bbox 1278 1806 1390 1847; x_wconf 80' lang='lat' dir='ltr'>Schef.</span> 
     </span>
    </p>

    <p class='ocr_par' dir='ltr' id='par_1_14' title="bbox 906 1858 1629 2306">
     <span class='ocr_line' id='line_1_83' title="bbox 953 1858 1628 1901; baseline 0.003 -10"><span class='ocrx_word' id='word_1_483' title='bbox 953 1858 1145 1901; x_wconf 77' lang='lat' dir='ltr'>Erumpam]</span> <span class='ocrx_word' id='word_1_484' title='bbox 1190 1859 1382 1901; x_wconf 79' lang='lat' dir='ltr'>Eleganter</span> <span class='ocrx_word' id='word_1_485' title='bbox 1396 1859 1442 1893; x_wconf 90' lang='lat' dir='ltr'>de</span> <span class='ocrx_word' id='word_1_486' title='bbox 1458 1868 1628 1901; x_wconf 83' lang='lat' dir='ltr'>procursu</span> 
     </span>
     <span class='ocr_line' id='line_1_84' title="bbox 909 1909 1629 1953; baseline 0.003 -12"><span class='ocrx_word' id='word_1_487' title='bbox 909 1909 1090 1951; x_wconf 87' lang='lat' dir='ltr'>inopinato</span> <span class='ocrx_word' id='word_1_488' title='bbox 1115 1909 1291 1953; x_wconf 87' lang='lat' dir='ltr'>celerique</span> <span class='ocrx_word' id='word_1_489' title='bbox 1318 1920 1361 1942; x_wconf 86' lang='lat' dir='ltr'>ex</span> <span class='ocrx_word' id='word_1_490' title='bbox 1388 1909 1523 1944; x_wconf 85' lang='lat' dir='ltr'>abdito.</span> <span class='ocrx_word' id='word_1_491' title='bbox 1570 1910 1629 1943; x_wconf 86' lang='lat' dir='ltr'>Ita</span> 
     </span>
     <span class='ocr_line' id='line_1_85' title="bbox 909 1960 1629 2003; baseline -0.001 -8"><span class='ocrx_word' id='word_1_492' title='bbox 909 1961 1032 1995; x_wconf 89' lang='lat' dir='ltr'>Cicero</span> <span class='ocrx_word' id='word_1_493' title='bbox 1054 1970 1118 2002; x_wconf 85' lang='lat' dir='ltr'>pro</span> <span class='ocrx_word' id='word_1_494' title='bbox 1134 1961 1225 1994; x_wconf 80' lang='lat' dir='ltr'>sest.</span> <span class='ocrx_word' id='word_1_495' title='bbox 1246 1960 1257 1978; x_wconf 90' lang='lat'>‘</span> <span class='ocrx_word' id='word_1_496' title='bbox 1275 1960 1481 2003; x_wconf 81' lang='lat' dir='ltr'>Conjuratio</span> <span class='ocrx_word' id='word_1_497' title='bbox 1508 1971 1556 1995; x_wconf 84' lang='lat' dir='ltr'>ex</span> <span class='ocrx_word' id='word_1_498' title='bbox 1580 1962 1629 1994; x_wconf 86' lang='lat' dir='ltr'>la-</span> 
     </span>
     <span class='ocr_line' id='line_1_86' title="bbox 908 2010 1629 2054; baseline 0.003 -10"><span class='ocrx_word' id='word_1_499' title='bbox 908 2010 1017 2044; x_wconf 88' lang='lat' dir='ltr'>tebris</span> <span class='ocrx_word' id='word_1_500' title='bbox 1034 2016 1141 2054; x_wconf 88' lang='lat' dir='ltr'>atque</span> <span class='ocrx_word' id='word_1_501' title='bbox 1156 2021 1200 2044; x_wconf 83' lang='lat' dir='ltr'>ex</span> <span class='ocrx_word' id='word_1_502' title='bbox 1216 2011 1371 2044; x_wconf 85' lang='lat' dir='ltr'>tenebris</span> <span class='ocrx_word' id='word_1_503' title='bbox 1382 2012 1519 2054; x_wconf 67' lang='lat' dir='ltr'>erupit!</span> <span class='ocrx_word' id='word_1_504' title='bbox 1551 2012 1629 2046; x_wconf 82' lang='lat' dir='ltr'>Cae-</span> 
     </span>
     <span class='ocr_line' id='line_1_87' title="bbox 908 2062 1627 2106; baseline 0.004 -12"><span class='ocrx_word' id='word_1_505' title='bbox 908 2065 1021 2095; x_wconf 82' lang='lat' dir='ltr'>terum</span> <span class='ocrx_word' id='word_1_506' title='bbox 1048 2071 1126 2095; x_wconf 88' lang='lat' dir='ltr'>cum</span> <span class='ocrx_word' id='word_1_507' title='bbox 1152 2062 1245 2105; x_wconf 83' lang='lat' dir='ltr'>apud</span> <span class='ocrx_word' id='word_1_508' title='bbox 1262 2062 1449 2096; x_wconf 88' lang='lat' dir='ltr'>Rimicium</span> <span class='ocrx_word' id='word_1_509' title='bbox 1464 2063 1627 2106; x_wconf 81' lang='lat' dir='ltr'>legatur:</span> 
     </span>
     <span class='ocr_line' id='line_1_88' title="bbox 908 2112 1628 2155; baseline 0.007 -11"><span class='ocrx_word' id='word_1_510' title='bbox 908 2112 991 2144; x_wconf 78' lang='lat' dir='ltr'>Hoec</span> <span class='ocrx_word' id='word_1_511' title='bbox 1016 2123 1086 2145; x_wconf 84' lang='lat' dir='ltr'>cum</span> <span class='ocrx_word' id='word_1_512' title='bbox 1107 2113 1253 2155; x_wconf 75' lang='lat' dir='ltr'>dixisset,</span> <span class='ocrx_word' id='word_1_513' title='bbox 1279 2113 1406 2146; x_wconf 78' lang='lat' dir='ltr'>obscuro</span> <span class='ocrx_word' id='word_1_514' title='bbox 1427 2123 1461 2147; x_wconf 83' lang='lat' dir='ltr'>se</span> <span class='ocrx_word' id='word_1_515' title='bbox 1485 2114 1628 2150; x_wconf 74' lang='lat' dir='ltr'>condidit</span> 
     </span>
     <span class='ocr_line' id='line_1_89' title="bbox 906 2163 1627 2205; baseline 0.003 -8"><span class='ocrx_word' id='word_1_516' title='bbox 906 2164 984 2205; x_wconf 83' lang='lat' dir='ltr'>loco,</span> <span class='ocrx_word' id='word_1_517' title='bbox 1009 2167 1111 2205; x_wconf 85' lang='lat' dir='ltr'>putat</span> <span class='ocrx_word' id='word_1_518' title='bbox 1135 2163 1328 2197; x_wconf 74' lang='lat' dir='ltr'>Neveletus</span> <span class='ocrx_word' id='word_1_519' title='bbox 1353 2164 1524 2198; x_wconf 81' lang='lat' dir='ltr'>excidisse</span> <span class='ocrx_word' id='word_1_520' title='bbox 1551 2175 1627 2199; x_wconf 82' lang='lat' dir='ltr'>ver-</span> 
     </span>
     <span class='ocr_line' id='line_1_90' title="bbox 907 2215 1626 2259; baseline 0.008 -12"><span class='ocrx_word' id='word_1_521' title='bbox 907 2224 981 2248; x_wconf 84' lang='lat' dir='ltr'>sum</span> <span class='ocrx_word' id='word_1_522' title='bbox 997 2216 1100 2256; x_wconf 89' lang='lat' dir='ltr'>hunc,</span> <span class='ocrx_word' id='word_1_523' title='bbox 1113 2218 1150 2248; x_wconf 82' lang='lat' dir='ltr'>et</span> <span class='ocrx_word' id='word_1_524' title='bbox 1166 2215 1286 2249; x_wconf 83' lang='lat' dir='ltr'>statim</span> <span class='ocrx_word' id='word_1_525' title='bbox 1302 2215 1354 2248; x_wconf 86' lang='lat' dir='ltr'>his</span> <span class='ocrx_word' id='word_1_526' title='bbox 1374 2216 1626 2259; x_wconf 83' lang='lat' dir='ltr'>subjiciendum</span> 
     </span>
     <span class='ocr_line' id='line_1_91' title="bbox 907 2265 1128 2306; baseline 0.009 -8"><span class='ocrx_word' id='word_1_527' title='bbox 907 2275 996 2299; x_wconf 84' lang='lat' dir='ltr'>esse.</span> <span class='ocrx_word' id='word_1_528' title='bbox 1021 2265 1128 2306; x_wconf 72' lang='lat' dir='ltr'>Schef.</span> 
     </span>
    </p>

    <p class='ocr_par' dir='ltr' id='par_1_15' title="bbox 905 2317 1626 2515">
     <span class='ocr_line' id='line_1_92' title="bbox 950 2317 1626 2359; baseline 0.006 -8"><span class='ocrx_word' id='word_1_529' title='bbox 950 2319 990 2351; x_wconf 90' lang='lat'>11</span> <span class='ocrx_word' id='word_1_530' title='bbox 1016 2317 1191 2359; x_wconf 74' lang='lat' dir='ltr'>Frondem]</span> <span class='ocrx_word' id='word_1_531' title='bbox 1229 2317 1426 2353; x_wconf 78' lang='lat' dir='ltr'>Frondibus</span> <span class='ocrx_word' id='word_1_532' title='bbox 1453 2320 1548 2354; x_wconf 85' lang='lat' dir='ltr'>enim</span> <span class='ocrx_word' id='word_1_533' title='bbox 1565 2322 1626 2356; x_wconf 83' lang='lat' dir='ltr'>bo·</span> 
     </span>
     <span class='ocr_line' id='line_1_93' title="bbox 906 2367 1625 2414; baseline 0.011 -14"><span class='ocrx_word' id='word_1_534' title='bbox 906 2378 967 2401; x_wconf 84' lang='lat' dir='ltr'>ves</span> <span class='ocrx_word' id='word_1_535' title='bbox 983 2367 1243 2410; x_wconf 83' lang='lat' dir='ltr'>saginabantur.</span> <span class='ocrx_word' id='word_1_536' title='bbox 1288 2369 1415 2404; x_wconf 84' lang='lat' dir='ltr'>Horat.</span> <span class='ocrx_word' id='word_1_537' title='bbox 1429 2371 1496 2414; x_wconf 86' lang='lat' dir='ltr'>Ep.</span> <span class='ocrx_word' id='word_1_538' title='bbox 1520 2373 1579 2407; x_wconf 90' lang='lat' dir='ltr'>lib.</span> <span class='ocrx_word' id='word_1_539' title='bbox 1597 2383 1625 2408; x_wconf 90' lang='grc' dir='ltr'>ι.</span> 
     </span>
     <span class='ocr_line' id='line_1_94' title="bbox 907 2420 1625 2463; baseline 0.01 -11"><span class='ocrx_word' id='word_1_540' title='bbox 907 2422 960 2454; x_wconf 81' lang='grc'>14.</span> <span class='ocrx_word' id='word_1_541' title='bbox 983 2421 993 2439; x_wconf 88' lang='lat'>‘</span> <span class='ocrx_word' id='word_1_542' title='bbox 1011 2420 1057 2453; x_wconf 86' lang='lat' dir='ltr'>Et</span> <span class='ocrx_word' id='word_1_543' title='bbox 1073 2430 1174 2463; x_wconf 85' lang='lat' dir='ltr'>urges</span> <span class='ocrx_word' id='word_1_544' title='bbox 1189 2421 1409 2463; x_wconf 83' lang='lat' dir='ltr'>Jampridem</span> <span class='ocrx_word' id='word_1_545' title='bbox 1433 2433 1502 2457; x_wconf 86' lang='grc' dir='ltr'><strong>ιιοιι</strong></span> <span class='ocrx_word' id='word_1_546' title='bbox 1528 2428 1625 2459; x_wconf 79' lang='lat' dir='ltr'>tacta</span> 
     </span>
     <span class='ocr_line' id='line_1_95' title="bbox 905 2471 1626 2515; baseline 0.008 -12"><span class='ocrx_word' id='word_1_547' title='bbox 905 2471 1079 2513; x_wconf 80' lang='lat' dir='ltr'>ligonibus</span> <span class='ocrx_word' id='word_1_548' title='bbox 1118 2481 1215 2514; x_wconf 84' lang='lat' dir='ltr'>arva,</span> <span class='ocrx_word' id='word_1_549' title='bbox 1242 2471 1435 2515; x_wconf 82' lang='lat' dir='ltr'>bovemque</span> <span class='ocrx_word' id='word_1_550' title='bbox 1471 2474 1626 2509; x_wconf 81' lang='lat' dir='ltr'>Deviuc·</span> 
     </span>
    </p>
   </div>
   <div class='ocr_carea' id='block_1_5' title="bbox 888 2523 1622 2560">
    <p class='ocr_par' dir='ltr' id='par_1_16' title="bbox 888 2523 1622 2560">
     <span class='ocr_line' id='line_1_96' title="bbox 888 2523 1622 2560; baseline 0.008 -5"><span class='ocrx_word' id='word_1_551' title='bbox 888 2527 980 2556; x_wconf 83' lang='lat' dir='ltr'>·tum</span> <span class='ocrx_word' id='word_1_552' title='bbox 1004 2533 1104 2556; x_wconf 86' lang='lat' dir='ltr'>curas</span> <span class='ocrx_word' id='word_1_553' title='bbox 1129 2529 1166 2557; x_wconf 87' lang='lat' dir='ltr'>et</span> <span class='ocrx_word' id='word_1_554' title='bbox 1192 2523 1323 2557; x_wconf 82' lang='lat' dir='ltr'>strictis</span> <span class='ocrx_word' id='word_1_555' title='bbox 1349 2523 1530 2559; x_wconf 79' lang='lat' dir='ltr'>frondibus</span> <span class='ocrx_word' id='word_1_556' title='bbox 1561 2536 1622 2560; x_wconf 87' lang='lat' dir='ltr'>ex-</span> 
     </span>
    </p>
   </div>
   <div class='ocr_carea' id='block_1_6' title="bbox 902 2574 1624 2874">
    <p class='ocr_par' dir='ltr' id='par_1_17' title="bbox 902 2574 1624 2874">
     <span class='ocr_line' id='line_1_97' title="bbox 906 2574 1624 2620; baseline 0.007 -13"><span class='ocrx_word' id='word_1_557' title='bbox 906 2574 1006 2618; x_wconf 64' lang='lat' dir='ltr'>ples!</span> <span class='ocrx_word' id='word_1_558' title='bbox 1049 2575 1106 2608; x_wconf 91' lang='lat' dir='ltr'>Sic</span> <span class='ocrx_word' id='word_1_559' title='bbox 1134 2575 1251 2617; x_wconf 86' lang='lat' dir='ltr'>paullo</span> <span class='ocrx_word' id='word_1_560' title='bbox 1279 2579 1358 2617; x_wconf 80' lang='lat' dir='ltr'>post</span> <span class='ocrx_word' id='word_1_561' title='bbox 1384 2576 1488 2610; x_wconf 85' lang='lat' dir='ltr'>herus</span> <span class='ocrx_word' id='word_1_562' title='bbox 1508 2576 1624 2620; x_wconf 76' lang='lat' dir='ltr'>objur-</span> 
     </span>
     <span class='ocr_line' id='line_1_98' title="bbox 905 2625 1622 2670; baseline 0.01 -13"><span class='ocrx_word' id='word_1_563' title='bbox 905 2634 990 2666; x_wconf 81' lang='lat' dir='ltr'>gans</span> <span class='ocrx_word' id='word_1_564' title='bbox 1017 2625 1177 2666; x_wconf 87' lang='lat' dir='ltr'>rusticos,</span> <span class='ocrx_word' id='word_1_565' title='bbox 1215 2627 1308 2669; x_wconf 88' lang='lat' dir='ltr'>quod</span> <span class='ocrx_word' id='word_1_566' title='bbox 1340 2637 1462 2670; x_wconf 82' lang='lat' dir='ltr'>parum</span> <span class='ocrx_word' id='word_1_567' title='bbox 1495 2634 1622 2664; x_wconf 86' lang='lat' dir='ltr'>curent</span> 
     </span>
     <span class='ocr_line' id='line_1_99' title="bbox 906 2676 1622 2718; baseline 0.01 -9"><span class='ocrx_word' id='word_1_568' title='bbox 906 2676 1033 2711; x_wconf 78' lang='lat' dir='ltr'>boves:</span> <span class='ocrx_word' id='word_1_569' title='bbox 1072 2678 1082 2696; x_wconf 87' lang='lat'>‘</span> <span class='ocrx_word' id='word_1_570' title='bbox 1101 2678 1173 2711; x_wconf 91' lang='lat' dir='ltr'>Cur</span> <span class='ocrx_word' id='word_1_571' title='bbox 1201 2676 1333 2712; x_wconf 81' lang='lat' dir='ltr'>frondis</span> <span class='ocrx_word' id='word_1_572' title='bbox 1370 2688 1496 2718; x_wconf 79' lang='lat' dir='ltr'>parum</span> <span class='ocrx_word' id='word_1_573' title='bbox 1533 2680 1622 2716; x_wconf 70' lang='lat' dir='ltr'>est?</span> 
     </span>
     <span class='ocr_line' id='line_1_100' title="bbox 902 2727 1619 2775; baseline 0.008 -15"><span class='ocrx_word' id='word_1_574' title='bbox 902 2727 1032 2770; x_wconf 79' lang='lat' dir='ltr'>Schiop.</span> <span class='ocrx_word' id='word_1_575' title='bbox 1077 2728 1251 2762; x_wconf 88' lang='lat' dir='ltr'>Pabulum</span> <span class='ocrx_word' id='word_1_576' title='bbox 1271 2728 1394 2771; x_wconf 87' lang='lat' dir='ltr'>bobus,</span> <span class='ocrx_word' id='word_1_577' title='bbox 1409 2730 1503 2773; x_wconf 81' lang='lat' dir='ltr'>quod</span> <span class='ocrx_word' id='word_1_578' title='bbox 1526 2732 1619 2775; x_wconf 80' lang='lat' dir='ltr'>apud</span> 
     </span>
     <span class='ocr_line' id='line_1_101' title="bbox 903 2780 1620 2823; baseline 0.008 -11"><span class='ocrx_word' id='word_1_579' title='bbox 903 2784 1040 2813; x_wconf 81' lang='lat' dir='ltr'>veteres</span> <span class='ocrx_word' id='word_1_580' title='bbox 1053 2781 1257 2823; x_wconf 87' lang='lat' dir='ltr'>plerumque</span> <span class='ocrx_word' id='word_1_581' title='bbox 1273 2780 1449 2816; x_wconf 78' lang='lat' dir='ltr'>habe-baut</span> <span class='ocrx_word' id='word_1_582' title='bbox 1466 2792 1512 2817; x_wconf 90' lang='lat' dir='ltr'>ex</span> <span class='ocrx_word' id='word_1_583' title='bbox 1524 2782 1620 2818; x_wconf 79' lang='lat' dir='ltr'>frou-</span> 
     </span>
     <span class='ocr_line' id='line_1_102' title="bbox 903 2831 1619 2874; baseline 0.007 -9"><span class='ocrx_word' id='word_1_584' title='bbox 903 2831 1027 2874; x_wconf 79' lang='lat' dir='ltr'>dibus3</span> <span class='ocrx_word' id='word_1_585' title='bbox 1063 2832 1143 2866; x_wconf 87' lang='lat' dir='ltr'>vide</span> <span class='ocrx_word' id='word_1_586' title='bbox 1159 2833 1282 2867; x_wconf 75' lang='lat' dir='ltr'>Caton-</span> <span class='ocrx_word' id='word_1_587' title='bbox 1300 2832 1342 2867; x_wconf 87' lang='lat' dir='ltr'>R.</span> <span class='ocrx_word' id='word_1_588' title='bbox 1361 2833 1403 2868; x_wconf 80' lang='lat' dir='ltr'>R.</span> <span class='ocrx_word' id='word_1_589' title='bbox 1427 2842 1519 2868; x_wconf 86' lang='lat' dir='ltr'>xxx.</span> <span class='ocrx_word' id='word_1_590' title='bbox 1544 2835 1619 2870; x_wconf 82' lang='lat' dir='ltr'>Ho-</span> 
     </span>
    </p>
   </div>
  </div>
 </body>
</html>
