1806 3236
214 197 301 241 260

505 208 706 241 PHAEDR1
740 208 799 240 ΡΑ
809 208 1050 241 BULARUM
1086 209 1386 243 AESOPtARUM

216 305 460 360 Proposito
481 309 665 346 cunctos
685 303 885 347 invitavit
901 303 1099 358 praemio,
1126 300 1128 302 ’
1626 301 1676 347 ’6

216 372 366 424 Quam
388 373 578 428 quisque
595 373 766 426 posset,
784 373 834 412 ut
852 371 1088 414 novitatem
1107 372 1374 415 ostenderet.

213 440 385 482 Venere
406 439 597 481 artifices
616 437 762 479 laudis
783 436 841 479 ad
861 438 1125 482 certamina:

215 506 340 559 Quos
357 508 470 549 inter
486 505 663 556 Scurra,
678 508 808 547 notus
827 505 996 548 urbano
1016 506 1124 558 sale,

214 574 394 616 Habere
414 573 529 615 dixit
549 585 597 614 se
618 585 754 626 genus
775 573 1030 628 spectaculi,

214 641 349 693 Quod
366 642 411 683 in
428 641 599 683 theatro
618 652 840 695 nunquam
861 642 1082 695 prolatum
1101 641 1230 684 foret.

1614 640 1673 683 10

212 710 455 764 Dispersus
474 721 620 750 rumor
640 708 863 751 civitatem
881 709 1098 752 concitat:

212 777 358 820 Paulo
375 779 471 818 ante
488 789 631 819 vacua
650 776 824 818 turbam
843 775 1050 818 deficiunt
1067 777 1182 820 loca.

211 845 267 887 In
287 858 422 887 scena
440 857 548 887 vero
568 848 799 899 postquam
821 844 946 886 solus
966 845 1177 896 constitit,

211 912 318 954 Sine
337 915 571 967 apparatu,
589 911 718 953 nullis
738 911 1034 966 adjutoribus,

211 979 446 1021 Silentium
464 980 568 1034 ipsa
586 978 691 1021 fecit
707 979 979 1033 expectatio.

1618 978 1731 1021 15’

206 1120 317 1159 potens
331 1116 448 1158 opibus,
462 1117 593 1148 daturus
608 1116 706 1156 ludos,
721 1115 900 1148 convocavit
913 1124 1028 1155 omnes,
1042 1115 1192 1157 promissa
1205 1116 1354 1156 mercede,
1369 1118 1404 1147 ut
1419 1114 1545 1156 quisque
1556 1123 1615 1156 pro
1628 1114 1676 1146 vi-

209 1161 265 1192 rili
279 1163 458 1201 apportaret
483 1159 603 1199 aliquid
628 1159 711 1190 novi.
759 1160 936 1190 Convenere
958 1158 1095 1200 artifices
1117 1160 1160 1190 ad
1185 1159 1386 1190 certationem
1405 1157 1540 1199 pra-mii.
1584 1157 1676 1188 Inter

210 1213 285 1244 quos
298 1203 417 1234 Scurra
434 1202 584 1243 qnidam,
609 1201 721 1233 nobilis
742 1201 854 1242 lepidis
858 1200 1000 1242 facetiis,
1025 1201 1111 1232 dixit
1126 1210 1158 1232 se
1182 1204 1375 1232 ostensurum
1395 1209 1496 1240 genus
1509 1199 1675 1240 spectaculi

210 1246 291 1287 quod
305 1254 465 1285 nunquam
473 1243 594 1283 fuisset
607 1244 783 1275 exhibitum
806 1244 841 1275 in
863 1253 964 1275 scena.
1016 1243 1153 1283 Vulgata
1170 1243 1264 1282 fama
1286 1243 1407 1275 excitat
1421 1247 1527 1274 totam
1544 1241 1675 1276 urbem.-

207 1298 264 1320 nec
281 1289 346 1319 loca
360 1290 433 1319 ante
447 1287 512 1318 sola
525 1287 652 1326 capiunt
667 1286 910 1319 multitudinem.
957 1285 1130 1327 Postquam
1150 1289 1255 1317 autem
1276 1285 1395 1326 prodiit
1408 1286 1442 1316 in
1456 1284 1613 1316 theatrum
1625 1293 1675 1315 so-

208 1332 270 1372 lus,
293 1330 360 1362 sine
385 1332 509 1371 ornatu,
533 1330 615 1361 nullo
639 1330 734 1371 socio,
759 1330 828 1370 ipsa
844 1328 1020 1370 expectatio
1046 1328 1134 1360 dedit
1156 1328 1373 1361 attentionem,
1417 1327 1485 1360 Hic
1497 1326 1607 1359 statim
1620 1327 1674 1359 de-

819 1423 879 1437 eaeo
883 1414 1059 1435 beeoeeeeo

208 1490 339 1523 intrudi
351 1489 478 1522 nobiles.
523 1489 724 1521 Lectionem
740 1488 822 1520 Per.
833 1488 918 1521 olim
936 1498 957 1520 a
971 1497 1025 1521 me
1039 1491 1216 1530 receptam
1230 1488 1341 1521 secuti
1356 1487 1459 1520 etiam
1475 1487 1562 1520 Lau.
1576 1487 1674 1526 Brot,

207 1534 351 1575 Bipout.
373 1532 472 1566 Jiird.
509 1531 669 1573 [Autom]
705 1531 823 1563 Nihilo
845 1531 957 1563 secius
981 1531 1129 1563 Desbill.
1154 1531 1298 1563 inhaeret
1318 1531 1364 1571 τῷ
1382 1530 1509 1563 nobiles.
1552 1531 1676 1563 Monet

208 1578 315 1617 enim,
340 1578 518 1617 praeeunte
545 1575 623 1607 Nic.
649 1574 791 1606 Heinsio
813 1573 851 1605 in
880 1572 983 1615 praef.
1012 1573 1057 1605 ad
1083 1573 1175 1606 Edit.
1206 1574 1353 1606 Elzevir.
1377 1573 1475 1614 Vir-g.
1500 1573 1673 1614 Romanit,

207 1618 358 1660 Augusti
374 1617 565 1659 praesertim
587 1617 727 1657 saeculo,
746 1616 972 1658 scriptoribus
995 1616 1030 1648 in
1047 1626 1111 1652 usu
1133 1615 1412 1658 frequentissimo
1429 1615 1546 1655 fuisse,
1560 1620 1599 1648 ut
1614 1615 1674 1648 de-

207 1661 403 1694 clinationis
418 1661 532 1693 tertiae
548 1659 754 1700 nominibus,
765 1669 842 1701 quae
866 1669 982 1692 casum
999 1659 1166 1701 pluralem
1182 1659 1217 1690 in
1233 1659 1299 1691 ium
1320 1659 1519 1700 terminant,
1531 1662 1673 1701 quartus

207 1704 332 1736 deinde
348 1713 444 1735 casus
457 1703 492 1734 in
508 1704 548 1743 is,
569 1712 637 1734 non
651 1702 687 1734 in
701 1711 745 1743 es,
759 1701 1023 1734 terminaret-ur:
1047 1701 1140 1743 quod
1153 1701 1380 1733 vetustissima
1395 1709 1540 1744 qumque
1553 1710 1672 1733 monu-

205 1751 324 1778 menta
344 1750 541 1785 testentur3
560 1744 619 1776 sed
637 1754 734 1777 usum
760 1744 855 1776 illum
881 1754 971 1776 nunc
987 1744 1078 1785 apud
1094 1753 1156 1775 nos
1181 1744 1464 1776 obsolevisse.—6
1486 1744 1556 1775 Ms.
1578 1743 1671 1776 Pith.

202 1790 315 1831 possit.
352 1788 421 1821 Ms.
444 1788 526 1820 Per.
546 1787 715 1826 novitatem
723 1786 930 1827 faceret.—8
953 1786 1033 1820 Per.
1051 1795 1161 1819 scurra
1183 1796 1262 1818 unus
1279 1786 1396 1819 urbano
1416 1787 1577 1818 sale—11
1601 1786 1670 1819 Μο.

861 1895 1003 1929 NOTAE

205 1980 343 2019 bantur,
369 1978 459 2021 quod
474 1980 508 2011 in
525 1979 626 2012 Circo
642 1979 906 2020 exhiberentur;

206 2029 353 2071 Scenici,
378 2029 468 2072 quod
492 2029 527 2062 in
543 2030 666 2070 Scena,
691 2030 755 2062 hoc
779 2034 846 2069 est,
871 2031 907 2062 in

204 2080 325 2112 umbra
350 2083 547 2122 agerentur,
574 2084 612 2112 et
634 2080 668 2111 hi
694 2080 907 2121 ingeniorum

204 2131 362 2164 acumine
378 2135 415 2163 et
436 2135 510 2163 arte
525 2130 740 2163 constabant.
785 2130 908 2162 Plures

203 2186 426 2214 numerantur
437 2182 592 2214 ludorum
603 2180 911 2222 Scenicorumspe-

203 2234 298 2273 cies;
319 2232 511 2274 Tragoedia,
524 2231 712 2272 Comoedia,
734 2231 859 2273 Satira,
874 2235 910 2263 et

203 2284 342 2316 Mimus.
402 2283 456 2316 Ibi
486 2283 638 2326 loquitur
666 2281 835 2314 Phaedrus
864 2281 907 2314 de

204 2334 310 2366 Ludis
325 2334 487 2373 Scenicis,
503 2339 541 2365 et
555 2333 599 2365 de
614 2332 735 2365 Mimo.

247 2387 267 2416 8
291 2383 423 2425 Scurra]
446 2384 515 2417 Qui
540 2384 643 2416 risum
659 2382 790 2416 excitat
811 2380 906 2414 audi-

201 2436 344 2476 toribus,
371 2445 437 2467 non
452 2435 571 2468 habita
593 2435 727 2468 ratione
743 2442 907 2466 verecun-

205 2487 272 2519 diae
289 2492 325 2519 et
340 2486 533 2528 dignitatis.

247 2541 288 2569 10
316 2536 466 2578 Theatra]
488 2537 530 2568 In
544 2545 610 2578 quo
623 2534 695 2567 ludi
706 2533 840 2567 Scenici
855 2543 906 2566 re-

203 2588 515 2631 praesentabantur.
562 2587 689 2628 Figura
701 2590 775 2618 erat
789 2585 824 2617 in
836 2595 905 2617 mo-

203 2639 283 2671 dum
298 2638 492 2680 hemicycli,
504 2637 601 2678 cujus
614 2636 656 2668 ab
670 2641 816 2677 utroque
831 2644 906 2667 cor-

204 2700 251 2722 nu
264 2700 376 2722 scenae
390 2693 501 2721 erant.
546 2688 670 2719 Partes
681 2686 771 2719 enim
782 2685 907 2717 theatri

203 2745 302 2772 sunt:
326 2749 441 2780 scena,
463 2739 651 2778 orchestra,
675 2735 904 2782 proscenium,

203 2789 431 2832 etpuipitum.
468 2790 580 2822 Scena
591 2787 684 2822 frons
698 2791 750 2821 est
763 2787 902 2821 theatri.

963 1978 1204 2019 Proscenium‚
1227 1978 1324 2010 locus
1341 1980 1576 2010 ante‘scenam
1592 1983 1669 2019 por-

963 2033 1094 2061 rectus.
1140 2027 1330 2060 Orchestra
1354 2027 1450 2060 locus
1474 2026 1511 2058 in
1534 2034 1670 2069 quoae·

964 2082 1102 2111 natores
1129 2077 1320 2120 spectaturi
1346 2076 1539 2116 sedebant-3
1575 2075 1669 2118 apud

965 2130 1109 2163 Graecos
1125 2138 1207 2161 vero
1232 2128 1430 2160 saltationes
1450 2126 1489 2159 in
1509 2135 1555 2159 eo
1568 2127 1670 2168 pera-

965 2181 1144 2223 gebantur.
1188 2179 1368 2223 Pulpitum
1390 2182 1444 2212 est
1467 2178 1514 2211 ‘in
1530 2187 1597 2222 quo
1611 2187 1670 2212 ac-

963 2236 1056 2265 tores
1072 2231 1270 2274 prodibant.

1006 2285 1046 2314 13
1070 2281 1185 2323 Scena]
1208 2280 1356 2324 Proprie
1370 2284 1445 2314 erat
1458 2280 1617 2314 arborum
1629 2281 1667 2314 in

962 2342 999 2365 se
1014 2332 1213 2365 cubantium
1224 2327 1466 2364 concamerata
1477 2330 1665 2364 eandmu—

962 2382 1022 2414 tio.
1066 2383 1155 2415 Nam
1183 2382 1304 2424 priscis
1332 2381 1558 2424 temporibus,
1582 2385 1665 2414 ante

960 2442 1058 2465 usum
1084 2433 1310 2474 theatrorum,
1340 2432 1404 2464 sub
1426 2430 1601 2464 frondibus
1627 2436 1665 2464 et

959 2484 1169 2516 umbraculis
1194 2483 1343 2525 agebant
1368 2481 1466 2514 ludos
1489 2480 1662 2514 Scenicos.

960 2534 1075 2567 Quare
1091 2534 1202 2565 Scena
1219 2533 1313 2565 dicta
1325 2537 1391 2572 est,
1405 2531 1514 2574 inquit
1531 2531 1664 2564 Cassio-

959 2583 1076 2624 dorus,
1101 2583 1145 2615 ab
1160 2583 1278 2614 umbra
1289 2581 1358 2614 luci
1370 2580 1581 2622 densissima,
1603 2581 1663 2614 ubi

959 2644 980 2666 a
994 2634 1199 2676 pastoribus,
1212 2633 1392 2665 inchoante
1404 2641 1496 2672 vere,
1511 2632 1662 2664 carmina

960 2684 1201 2717 cantabantur.
1245 2684 1347 2716 Nunc
1363 2683 1457 2715 dicta
1469 2687 1521 2715 est
1537 2682 1660 2715 theatri

958 2744 1037 2777 pars
1052 2734 1169 2777 inqua
1184 2734 1238 2766 vel
1254 2733 1430 2774 comoedia,
1454 2734 1508 2766 vel
1534 2737 1659 2774 trage-

956 2786 1023 2828 dia,
1041 2790 1098 2818 aut
1113 2785 1218 2819 satira
1232 2784 1423 2817 exhibetur.
