1806 3236
221 222 313 266 ‘754
547 228 804 263 accensus
838 228 1125 262 ssmrroutm
1158 228 1380 262 numum.

225 329 594 374 Introductionem
621 327 673 369 in
688 325 911 370 Notitiam
930 325 1196 369 Literaturae
1217 325 1458 378 Romanae,
1490 331 1539 370 et
1566 325 1700 371 Notis

225 400 332 442 tiam
354 398 608 440 Breviorem
625 408 726 438 cum
748 394 1089 450 Supplementis
1105 395 1163 438 ab
1184 394 1418 447 Har-lesio,
1434 396 1530 451 qni
1535 396 1701 452 pmm‘-

230 481 328 523 pue
336 467 391 510 de
424 465 703 509 Germanicis
737 467 911 506 tractat.
971 463 1063 509 His
1089 463 1238 506 addat
1251 463 1641 514 Continuam
1670 478 1700 508 a

228 534 508 590 Kliiglingio,
530 547 572 577 c.
582 532 638 577 6.
1520 549 1538 561 ι
1692 551 1698 561 ‚

282 604 346 647 Et
365 603 464 646 haec
485 602 598 645 satis
618 600 810 644 breviter
828 600 884 643 de
913 600 1162 643 fabulatore
1181 603 1334 644 nostro
1358 556 1703 656 elegantissimo,

228 675 360 729 digno
401 671 606 714 nimirum
646 669 723 724 qui
759 669 913 724 potius
950 669 1180 711 hominum
1229 669 1514 712 criticorum
1526 671 1704 726 ingenia

227 744 436 786 exerceat
475 752 614 795 quam
647 751 906 794 puerorum3
951 742 1018 781 est
1055 737 1168 780 adeo
1199 739 1435 781 verborum
1463 737 1703 783 selectione

225 812 336 854 felix
370 814 417 851 et
450 808 671 858 curiosus,
704 806 1023 849 sententiarum
1052 807 1381 850 constructione
1404 807 1520 851 adeo
1538 807 1705 864 pimus

226 884 273 923 et
311 878 574 929 concinnus,
614 879 662 919 et
695 875 815 933 quod
847 875 906 918 ad
939 888 994 917 ea
1027 888 1131 931 quae
1168 875 1223 917 de
1256 876 1481 920 historicis
1504 876 1706 933 'pendint

227 962 256 991 a
283 947 572 1004 parvulorum
600 945 745 990 oculis
776 946 923 988 minus
952 945 1206 988 cernendus.
1266 946 1388 990 Haec
1406 947 1463 996 de
1492 947 1705 999 Phaedro,

225 1030 312 1060 non
331 1030 445 1060 vero
456 1016 572 1060 haec.
592 1016 771 1058 omnino
799 1014 855 1057 de
884 1015 1079 1071 AEsopo,
1112 1027 1140 1057 a
1165 1019 1259 1070 quo‘
1284 1015 1706 1066 nectat-bibendum

227 1088 474 1142 acceperat.
531 1085 697 1140 AEsopi
734 1084 1004 1128 Fabularum
1033 1083 1294 1136 editionem,
1322 1084 1626 1141 puerulorum
1627 1083 1706 1133 m-

228 1155 369 1210 geniis
400 1154 804 1206 accommodatam,
837 1153 1011 1209 publici
1039 1152 1156 1208 juris
1186 1154 1359 1196 facere
1370 1156 1484 1196 ιιοιι
1481 1150 1705 1207 dedigna-

227 1227 304 1265 tus
343 1226 410 1266 est
455 1226 605 1266 noster
640 1223 671 1266 J
675 1235 845 1265 oannes
892 1221 1125 1265 Lockius.1
1215 1222 1310 1265 Hic
1344 1223 1446 1279 ipse
1484 1221 1705 1278 Μῦς,

229 1291 436 1347 quisquis
463 1292 594 1334 fuerit
621 1291 700 1333 ille
727 1290 1041 1341 tabulatorum,
1071 1303 1174 1345 pro
1183 1294 1336 1342 certo,
1349 1291 1408 1333 si
1405 1289 1571 1333 mouth.-
1580 1288 1707 1332 Aris-

228 1360 409 1403 totelem
429 1363 474 1403 et
501 1359 794 1403 Plutarchum
818 1358 977 1401 audire
988 1359 1248 1410 vellemus,
1277 1371 1362 1414 pm
1387 1370 1555 1412 magno
1571 1357 1709 1414 poeta

229 1429 516 1484 acciperetur.
577 1427 725 1471 Multa
761 1427 816 1469 de
848 1427 941 1469 isto
975 1439 1141 1482 sparsa
1166 1429 1266 1469 sunt
1296 1426 1344 1469 in
1376 1426 1551 1480 vulgus,
1574 1431 1708 1481 quae-

230 1497 333 1540 dam
364 1498 473 1541 'satis
499 1497 649 1540 anilia.
710 1496 895 1539 Fabulae
929 1495 1061 1551 ipsae,
1089 1508 1192 1551 quae
1212 1506 1375 1539 nomen
1397 1493 1509 1551 tejas
1522 1499 1638 1550 Ῥω
1655 1507 1706 1537 se

230 1565 390 1617 serunt,
434 1566 759 1622 antiquitatem*
782 1565 890 1608 mire
930 1566 1126 1620 spirant:
1167 1577 1261 1621 per.
1275 1563 1591 1607 variasforbis‘
1607 1571 1709 1619 par-

230 1639 301 1677 tes
321 1640 423 1679 sunt
441 1636 649 1691 cognitae,
669 1636 716 1677 in
735 1634 897 1690 linguis
913 1634 1100 1678 diversis
1119 1643 1364 1690 expressae,
1385 1632 1708 1689 et-pet'lon'ga's

230 1705 445 1760 temporis
466 1705 678 1760 periodos
697 1703 952 1758 divulgatae.
1012 1703 1139 1746 Idem
1158 1704 1364 1751 nimirum
1391 1701 1616 1745 fabulandi*
1626 1701 1708 1756 'qui

232 1785 364 1828 paene
386 1773 576 1816 Latinus
595 1773 744 1815 sactus
765 1777 837 1815 est
855 1772 904 1814 in
925 1771 1137 1824 Phoedro,
1158 1777 1205 1814 et
1224 1772 1270 1814 in
1289 1771 1708 1825 Graeciarensseptws

232 1844 283 1884 ut
321 1841 543 1897 AEsopus,
587 1841 697 1893 fuit,
719 1839 951 1896 probabile
988 1843 1071 1892 est,
1109 1836 1634 1897 Lemannum-Arabum
1663 1841 1710 1881 et

233 1909 486 1961 Persarum,
507 1914 562 1952 et·
576 1910 783 1965 Pilpaius
810 1908 1071 1951 Indicorum
1088 1911 1131 1950 et
1150 1908 1518 1964 AEgyptiominssz
1531 1904 1707 1950 mlmmo

233 1974 338 2021 sunt
357 1980 435 2034 qui
451 1980 712 2022 invenerunt
732 1977 942 2034 quaedam
963 1977 1183 2033 AEsopica
1211 1977 1257 2019 in
1272 1976 1571 2021 Hebraioime
1583 1974 1708 2019 adeo

232 2051 282 2090 ut
303 2047 358 2090 de
377 2048 463 2090 hoc
482 2047 736 2090 fabulatore
758 2046 1059 2089 controversia
1086 2045 1215 2095 mira,
1245 2048 1289 2088 et
1316 2056 1406 2087 non
1423 2044 1569 2087 minus
1585 2042 1710 2087 olm

234 2116 387 2159 forsan
407 2117 595 2161 excitari
614 2120 773 2172 posset
793 2127 928 2171 quam
949 2127 1051 2170 quae
1068 2115 1155 2157 viri
1175 2114 1296 2156 docti
1315 2112 1531 2164 Woffius,
1550 2105 1708 2167 Heyn-

234 2185 324 2237 iuS‚
355 2189 422 2227 et
422 2183 675 2240 Knightius
699 2185 754 2226 de
781 2183 985 2226 Homero
1007 2173 1334 2226 excitaverunt}-
1359 2181 1544 2224 -Ἰιιιιιιο
1551 2181 1619 2224 ab
1631 2190 1708 2222 au-

233 2253 373 2308 tiquis
395 2254 691 2310 scriptoribus
713 2253 827 2296 inter
846 2265 1047 2295 summos
1062 2242 1313 2294 recensitus
1340 2254 1417 2292 est
1446 2248 1708 2306 poetas,eo

236 2322 394 2376 quod'
381 2336 427 2365 ιιι
452 2322 617 2366 fabulis
644 2329 752 2364 totus
782 2328 850 2364 est.
853 2326 874 2354 4
933 2321 1186 2381 Utcumque
1213 2332 1320 2363 vero
1342 2319 1441 2362 haec
1466 2318 1568 2369 sint,
1589 2317 1709 2373 quis-

237 2390 341 2444 quis
359 2390 491 2434 fuerit
506 2392 724 2447 AEsopus,
742 2390 876 2433 valde
893 2389 1184 2433 admirandus
1198 2392 1280 2440 est,
1298 2400 1382 2431 nec
1399 2386 1548 2430 minus
1565 2383 1708 2428 admi-

238 2457 404 2515 randus
422 2463 571 2502 noster
589 2458 826 2512 Phaedrus,
861 2460 937 2514 qui
972 2471 1073 2501 eum
1098 2457 1306 2502 versibus
1325 2454 1511 2499 senariis
1530 2452 1706 2509 polivit.

899 2591 1042 2624 NOTAE

283 2667 600 2710 ¹,AEsopiFabutae
616 2667 862 2711 Lut.etAng1.
877 2669 943 2700 διο.
1045 2664 1058 2686 ³
1086 2666 1138 2698 Cl.
1156 2665 1320 2707 Huefius,
1343 2664 1432 2696 Sur
1446 2663 1479 2695 la
1492 2659 1693 2695 Romame:

239 2716 324 2785 εᾶίαῑ.
341 2721 374 2750 2.
389 2719 562 2752 aJoanne
578 2719 689 2761 Lock,
703 2719 813 2753 Lond.
825 2721 922 2752 1723.
1042 2716 1062 2738 4
1098 2716 1305 2749 Philostrati
1338 2715 1480 2754 leonum
1512 2713 1589 2747 Lib.
1613 2711 1707 2753 1.in

286 2769 476 2803 ²Aristot.
508 2768 577 2813 περὶ
605 2771 779 2812 ποιητικῆς,
803 2774 841 2804 et
866 2769 946 2802 Plu·
1001 2777 1083 2810 opp.
1105 2767 1309 2800 Philostrati
1325 2765 1410 2800 edit
1425 2765 1536 2816 Paris.
1553 2767 1650 2798 16⁰8.
1674 2773 1706 2806 p«

239 2819 351 2853 tan-ch.
366 2821 492 2853 πῶςδεῖ
501 2821 618 2853 τῶνπο
620 2821 782 2859 arranem
767 2819 847 2853 οεινύ
1003 2822 1080 2852 735.
