<?xml version="1.0" encoding="UTF-8"?>
<!DOCTYPE html PUBLIC "-//W3C//DTD XHTML 1.0 Transitional//EN"
    "http://www.w3.org/TR/xhtml1/DTD/xhtml1-transitional.dtd">
<html xmlns="http://www.w3.org/1999/xhtml" xml:lang="en" lang="en">
 <head>
  <title>
</title>
<meta http-equiv="Content-Type" content="text/html;charset=utf-8" />
  <meta name='ocr-system' content='tesseract 3.04.00' />
  <meta name='ocr-capabilities' content='ocr_page ocr_carea ocr_par ocr_line ocrx_word'/>
</head>
<body>
  <div class='ocr_page' id='page_1' title='image "./fabualeaesopiae00phaeuoft_0513.png"; bbox 0 0 1806 3236; ppageno 0'>
   <div class='ocr_carea' id='block_1_1' title="bbox 417 222 1415 269">
    <p class='ocr_par' dir='ltr' id='par_1_1' title="bbox 417 222 1415 269">
     <span class='ocr_line' id='line_1_1' title="bbox 417 222 1415 269; baseline -0.005 0"><span class='ocrx_word' id='word_1_1' title='bbox 417 236 617 269; x_wconf 70' lang='lat' dir='ltr'>Pnfflnm</span> <span class='ocrx_word' id='word_1_2' title='bbox 653 234 762 267; x_wconf 64' lang='grc' dir='ltr'><strong>ΜΒ.</strong></span> <span class='ocrx_word' id='word_1_3' title='bbox 795 233 1099 267; x_wconf 70' lang='lat' dir='ltr'>AESOPIARUM</span> <span class='ocrx_word' id='word_1_4' title='bbox 1135 233 1234 265; x_wconf 74' lang='lat' dir='ltr'>me.</span> <span class='ocrx_word' id='word_1_5' title='bbox 1269 232 1344 265; x_wconf 89' lang='lat'>111.</span> <span class='ocrx_word' id='word_1_6' title='bbox 1374 222 1415 264; x_wconf 83' lang='lat'>7.</span> 
     </span>
    </p>
   </div>
   <div class='ocr_carea' id='block_1_2' title="bbox 700 530 960 575">
    <p class='ocr_par' dir='ltr' id='par_1_2' title="bbox 700 530 960 575">
     <span class='ocr_line' id='line_1_2' title="bbox 700 530 960 575; baseline -0.004 0"><span class='ocrx_word' id='word_1_7' title='bbox 700 530 960 575; x_wconf 80' lang='lat' dir='ltr'><strong>FABULA</strong></span> 
     </span>
    </p>
   </div>
   <div class='ocr_carea' id='block_1_3' title="bbox 161 677 882 1633">
    <p class='ocr_par' dir='ltr' id='par_1_3' title="bbox 166 677 882 923">
     <span class='ocr_line' id='line_1_3' title="bbox 210 677 881 721; baseline 0 -10"><span class='ocrx_word' id='word_1_8' title='bbox 210 678 320 721; x_wconf 70' lang='lat' dir='ltr'>Lupus</span> <span class='ocrx_word' id='word_1_9' title='bbox 331 677 507 720; x_wconf 63' lang='lat' dir='ltr'>udonem]</span> <span class='ocrx_word' id='word_1_10' title='bbox 537 677 628 710; x_wconf 87' lang='lat' dir='ltr'>Vide</span> <span class='ocrx_word' id='word_1_11' title='bbox 653 677 829 710; x_wconf 85' lang='lat' dir='ltr'>Camerar.</span> <span class='ocrx_word' id='word_1_12' title='bbox 846 687 881 720; x_wconf 86' lang='lat' dir='ltr'>p.</span> 
     </span>
     <span class='ocr_line' id='line_1_4' title="bbox 167 728 881 771; baseline -0.003 -9"><span class='ocrx_word' id='word_1_13' title='bbox 167 732 244 762; x_wconf 78' lang='lat'>191.</span> <span class='ocrx_word' id='word_1_14' title='bbox 289 729 488 763; x_wconf 75' lang='lat' dir='ltr'>Consimilis</span> <span class='ocrx_word' id='word_1_15' title='bbox 514 728 633 761; x_wconf 84' lang='lat' dir='ltr'>fabula</span> <span class='ocrx_word' id='word_1_16' title='bbox 658 728 752 771; x_wconf 86' lang='lat' dir='ltr'>apud</span> <span class='ocrx_word' id='word_1_17' title='bbox 778 728 881 761; x_wconf 86' lang='lat' dir='ltr'>Avie-</span> 
     </span>
     <span class='ocr_line' id='line_1_5' title="bbox 166 779 882 822; baseline -0.001 -9"><span class='ocrx_word' id='word_1_18' title='bbox 166 790 249 813; x_wconf 85' lang='lat' dir='ltr'>num</span> <span class='ocrx_word' id='word_1_19' title='bbox 265 780 308 813; x_wconf 86' lang='lat' dir='ltr'>de</span> <span class='ocrx_word' id='word_1_20' title='bbox 321 790 408 813; x_wconf 87' lang='lat' dir='ltr'>cane</span> <span class='ocrx_word' id='word_1_21' title='bbox 423 785 458 813; x_wconf 90' lang='lat' dir='ltr'>et</span> <span class='ocrx_word' id='word_1_22' title='bbox 473 781 575 812; x_wconf 89' lang='lat' dir='ltr'>leone</span> <span class='ocrx_word' id='word_1_23' title='bbox 590 782 645 812; x_wconf 81' lang='grc'><strong>37.</strong></span> <span class='ocrx_word' id='word_1_24' title='bbox 690 779 807 822; x_wconf 85' lang='lat' dir='ltr'>Hujus</span> <span class='ocrx_word' id='word_1_25' title='bbox 823 789 882 812; x_wconf 89' lang='lat' dir='ltr'>au-</span> 
     </span>
     <span class='ocr_line' id='line_1_6' title="bbox 166 830 882 873; baseline 0 -10"><span class='ocrx_word' id='word_1_26' title='bbox 166 835 238 863; x_wconf 88' lang='lat' dir='ltr'>tem</span> <span class='ocrx_word' id='word_1_27' title='bbox 253 830 381 864; x_wconf 80' lang='lat' dir='ltr'>fabulae</span> <span class='ocrx_word' id='word_1_28' title='bbox 392 835 595 873; x_wconf 84' lang='lat' dir='ltr'>argumento</span> <span class='ocrx_word' id='word_1_29' title='bbox 607 831 769 863; x_wconf 82' lang='lat' dir='ltr'>convenit</span> <span class='ocrx_word' id='word_1_30' title='bbox 779 835 847 863; x_wconf 86' lang='lat' dir='ltr'>act.</span> <span class='ocrx_word' id='word_1_31' title='bbox 855 839 882 863; x_wconf 91' lang='lat'>1.</span> 
     </span>
     <span class='ocr_line' id='line_1_7' title="bbox 167 883 694 923; baseline 0 -8"><span class='ocrx_word' id='word_1_32' title='bbox 167 892 216 916; x_wconf 78' lang='lat' dir='ltr'>sc.</span> <span class='ocrx_word' id='word_1_33' title='bbox 233 885 265 915; x_wconf 90' lang='lat'>1.</span> <span class='ocrx_word' id='word_1_34' title='bbox 281 883 456 916; x_wconf 83' lang='lat' dir='ltr'>Menaech.</span> <span class='ocrx_word' id='word_1_35' title='bbox 473 883 588 915; x_wconf 82' lang='lat' dir='ltr'>Plaut.</span> <span class='ocrx_word' id='word_1_36' title='bbox 612 883 694 923; x_wconf 75' lang='lat' dir='ltr'>Rig.</span> 
     </span>
    </p>

    <p class='ocr_par' dir='ltr' id='par_1_4' title="bbox 166 933 881 1078">
     <span class='ocr_line' id='line_1_8' title="bbox 209 933 880 976; baseline 0 -10"><span class='ocrx_word' id='word_1_37' title='bbox 209 936 230 966; x_wconf 75' lang='lat'><strong>2</strong></span> <span class='ocrx_word' id='word_1_38' title='bbox 256 933 426 976; x_wconf 71' lang='lat' dir='ltr'>Per-pasto]</span> <span class='ocrx_word' id='word_1_39' title='bbox 455 933 618 975; x_wconf 70' lang='lat' dir='ltr'>Praepasto</span> <span class='ocrx_word' id='word_1_40' title='bbox 633 934 722 966; x_wconf 85' lang='lat' dir='ltr'>citat</span> <span class='ocrx_word' id='word_1_41' title='bbox 737 933 880 967; x_wconf 79' lang='lat' dir='ltr'>Salmas.</span> 
     </span>
     <span class='ocr_line' id='line_1_9' title="bbox 166 984 881 1027; baseline -0.001 -10"><span class='ocrx_word' id='word_1_42' title='bbox 166 984 293 1017; x_wconf 83' lang='lat' dir='ltr'>Exere.</span> <span class='ocrx_word' id='word_1_43' title='bbox 310 984 402 1017; x_wconf 88' lang='lat' dir='ltr'>Plin.</span> <span class='ocrx_word' id='word_1_44' title='bbox 419 994 452 1027; x_wconf 89' lang='lat' dir='ltr'>p.</span> <span class='ocrx_word' id='word_1_45' title='bbox 468 987 523 1017; x_wconf 82' lang='lat'>26.</span> <span class='ocrx_word' id='word_1_46' title='bbox 541 988 590 1027; x_wconf 87' lang='lat' dir='ltr'>et,</span> <span class='ocrx_word' id='word_1_47' title='bbox 614 984 806 1027; x_wconf 82' lang='lat' dir='ltr'>praepingui</span> <span class='ocrx_word' id='word_1_48' title='bbox 821 993 881 1016; x_wconf 88' lang='lat' dir='ltr'>ex-</span> 
     </span>
     <span class='ocr_line' id='line_1_10' title="bbox 166 1035 419 1078; baseline -0.004 -9"><span class='ocrx_word' id='word_1_49' title='bbox 166 1036 285 1078; x_wconf 84' lang='lat' dir='ltr'>plicat.</span> <span class='ocrx_word' id='word_1_50' title='bbox 311 1035 419 1075; x_wconf 69' lang='lat' dir='ltr'>Schef.</span> 
     </span>
    </p>

    <p class='ocr_par' dir='ltr' id='par_1_5' title="bbox 163 1086 880 1232">
     <span class='ocr_line' id='line_1_11' title="bbox 207 1086 880 1129; baseline -0.003 -9"><span class='ocrx_word' id='word_1_51' title='bbox 207 1086 381 1129; x_wconf 64' lang='lat' dir='ltr'>Papo-sto]</span> <span class='ocrx_word' id='word_1_52' title='bbox 403 1088 414 1106; x_wconf 82' lang='lat'><strong><em>⁴</em></strong></span> <span class='ocrx_word' id='word_1_53' title='bbox 432 1087 623 1129; x_wconf 73' lang='lat' dir='ltr'>Praepasto:</span> <span class='ocrx_word' id='word_1_54' title='bbox 656 1086 740 1119; x_wconf 89' lang='lat' dir='ltr'>Vet.</span> <span class='ocrx_word' id='word_1_55' title='bbox 766 1086 880 1119; x_wconf 83' lang='lat' dir='ltr'>Gloss.</span> 
     </span>
     <span class='ocr_line' id='line_1_12' title="bbox 165 1135 879 1180; baseline -0.004 -9"><span class='ocrx_word' id='word_1_56' title='bbox 165 1138 176 1157; x_wconf 91' lang='lat'>‘</span> <span class='ocrx_word' id='word_1_57' title='bbox 188 1137 328 1180; x_wconf 78' lang='lat' dir='ltr'>Pastas,</span> <span class='ocrx_word' id='word_1_58' title='bbox 338 1136 483 1179; x_wconf 68' lang='grc' dir='ltr'>πιμελὴς,</span> <span class='ocrx_word' id='word_1_59' title='bbox 493 1136 647 1180; x_wconf 59' lang='lat' dir='ltr'>mamis?</span> <span class='ocrx_word' id='word_1_60' title='bbox 659 1135 667 1151; x_wconf 91' lang='lat'><em>&#39;</em></span> <span class='ocrx_word' id='word_1_61' title='bbox 682 1137 824 1169; x_wconf 83' lang='lat' dir='ltr'>Salmas.</span> <span class='ocrx_word' id='word_1_62' title='bbox 834 1136 879 1169; x_wconf 91' lang='lat' dir='ltr'>ad</span> 
     </span>
     <span class='ocr_line' id='line_1_13' title="bbox 163 1189 481 1232; baseline 0.006 -11"><span class='ocrx_word' id='word_1_63' title='bbox 163 1189 365 1232; x_wconf 73' lang='lat' dir='ltr'><strong>marginem.</strong></span> <span class='ocrx_word' id='word_1_64' title='bbox 392 1190 481 1223; x_wconf 69' lang='grc' dir='ltr'><strong>ΟΜ.</strong></span> 
     </span>
    </p>

    <p class='ocr_par' dir='ltr' id='par_1_6' title="bbox 162 1240 878 1434">
     <span class='ocr_line' id='line_1_14' title="bbox 209 1240 878 1283; baseline -0.003 -9"><span class='ocrx_word' id='word_1_65' title='bbox 209 1241 393 1283; x_wconf 71' lang='lat' dir='ltr'>Confectus]</span> <span class='ocrx_word' id='word_1_66' title='bbox 416 1242 474 1274; x_wconf 91' lang='lat' dir='ltr'>De</span> <span class='ocrx_word' id='word_1_67' title='bbox 489 1250 544 1282; x_wconf 92' lang='lat' dir='ltr'>eo,</span> <span class='ocrx_word' id='word_1_68' title='bbox 556 1240 655 1282; x_wconf 86' lang='lat' dir='ltr'>cujus</span> <span class='ocrx_word' id='word_1_69' title='bbox 669 1240 759 1272; x_wconf 86' lang='lat' dir='ltr'>vires</span> <span class='ocrx_word' id='word_1_70' title='bbox 774 1240 878 1282; x_wconf 88' lang='lat' dir='ltr'>plane</span> 
     </span>
     <span class='ocr_line' id='line_1_15' title="bbox 162 1291 878 1326; baseline -0.001 0"><span class='ocrx_word' id='word_1_71' title='bbox 162 1292 347 1326; x_wconf 65' lang='lat' dir='ltr'>deminutae</span> <span class='ocrx_word' id='word_1_72' title='bbox 359 1297 452 1326; x_wconf 85' lang='lat' dir='ltr'>sunt.</span> <span class='ocrx_word' id='word_1_73' title='bbox 498 1292 555 1324; x_wconf 89' lang='lat' dir='ltr'>Ita</span> <span class='ocrx_word' id='word_1_74' title='bbox 577 1292 700 1324; x_wconf 87' lang='lat' dir='ltr'>Cicero</span> <span class='ocrx_word' id='word_1_75' title='bbox 723 1291 757 1323; x_wconf 91' lang='lat' dir='ltr'>in</span> <span class='ocrx_word' id='word_1_76' title='bbox 775 1291 878 1325; x_wconf 88' lang='lat' dir='ltr'>Catil.</span> 
     </span>
     <span class='ocr_line' id='line_1_16' title="bbox 162 1342 878 1386; baseline -0.004 -8"><span class='ocrx_word' id='word_1_77' title='bbox 162 1353 190 1378; x_wconf 76' lang='grc' dir='ltr'><strong>ι.</strong></span> <span class='ocrx_word' id='word_1_78' title='bbox 212 1345 223 1363; x_wconf 90' lang='lat'>‘</span> <span class='ocrx_word' id='word_1_79' title='bbox 235 1345 354 1384; x_wconf 85' lang='lat' dir='ltr'>Fame,</span> <span class='ocrx_word' id='word_1_80' title='bbox 374 1343 522 1386; x_wconf 75' lang='lat' dir='ltr'>frigore,</span> <span class='ocrx_word' id='word_1_81' title='bbox 537 1342 654 1385; x_wconf 83' lang='lat' dir='ltr'>inopia</span> <span class='ocrx_word' id='word_1_82' title='bbox 670 1352 783 1375; x_wconf 86' lang='lat' dir='ltr'>rerum</span> <span class='ocrx_word' id='word_1_83' title='bbox 800 1352 878 1375; x_wconf 90' lang='lat' dir='ltr'>con-</span> 
     </span>
     <span class='ocr_line' id='line_1_17' title="bbox 163 1394 573 1434; baseline -0.005 -6"><span class='ocrx_word' id='word_1_84' title='bbox 163 1395 315 1430; x_wconf 79' lang='lat' dir='ltr'>fectum’</span> <span class='ocrx_word' id='word_1_85' title='bbox 333 1395 435 1428; x_wconf 82' lang='lat' dir='ltr'>dixit.</span> <span class='ocrx_word' id='word_1_86' title='bbox 463 1394 573 1434; x_wconf 74' lang='lat' dir='ltr'>Schef.</span> 
     </span>
    </p>

    <p class='ocr_par' dir='ltr' id='par_1_7' title="bbox 161 1444 876 1539">
     <span class='ocr_line' id='line_1_18' title="bbox 204 1444 876 1488; baseline -0.006 -7"><span class='ocrx_word' id='word_1_87' title='bbox 204 1450 224 1481; x_wconf 77' lang='grc'><strong>8</strong></span> <span class='ocrx_word' id='word_1_88' title='bbox 234 1447 333 1481; x_wconf 75' lang='lat' dir='ltr'>Forte</span> <span class='ocrx_word' id='word_1_89' title='bbox 338 1446 490 1487; x_wconf 74' lang='lat' dir='ltr'>occurrit]</span> <span class='ocrx_word' id='word_1_90' title='bbox 503 1446 513 1464; x_wconf 88' lang='lat'>‘</span> <span class='ocrx_word' id='word_1_91' title='bbox 523 1446 608 1488; x_wconf 85' lang='lat' dir='ltr'>Leg.</span> <span class='ocrx_word' id='word_1_92' title='bbox 618 1445 766 1478; x_wconf 80' lang='lat' dir='ltr'>Occurrit</span> <span class='ocrx_word' id='word_1_93' title='bbox 773 1444 876 1484; x_wconf 84' lang='lat' dir='ltr'>forte.</span> 
     </span>
     <span class='ocr_line' id='line_1_19' title="bbox 161 1496 844 1539; baseline -0.004 -8"><span class='ocrx_word' id='word_1_94' title='bbox 161 1497 220 1532; x_wconf 81' lang='lat' dir='ltr'>Sic</span> <span class='ocrx_word' id='word_1_95' title='bbox 236 1507 356 1530; x_wconf 85' lang='lat' dir='ltr'>versus</span> <span class='ocrx_word' id='word_1_96' title='bbox 370 1496 589 1539; x_wconf 75' lang='lat' dir='ltr'>expeditior-⁹</span> <span class='ocrx_word' id='word_1_97' title='bbox 609 1496 727 1529; x_wconf 89' lang='lat' dir='ltr'>Guiet.</span> <span class='ocrx_word' id='word_1_98' title='bbox 757 1496 844 1529; x_wconf 80' lang='lat' dir='ltr'>Gud.</span> 
     </span>
    </p>

    <p class='ocr_par' dir='ltr' id='par_1_8' title="bbox 163 1547 877 1633">
     <span class='ocr_line' id='line_1_20' title="bbox 205 1547 877 1590; baseline -0.001 -9"><span class='ocrx_word' id='word_1_99' title='bbox 205 1547 404 1590; x_wconf 58' lang='lat' dir='ltr'>wantos]</span> <span class='ocrx_word' id='word_1_100' title='bbox 427 1547 609 1588; x_wconf 88' lang='lat' dir='ltr'>Absolute,</span> <span class='ocrx_word' id='word_1_101' title='bbox 633 1557 773 1590; x_wconf 85' lang='lat' dir='ltr'>pro‚.se</span> <span class='ocrx_word' id='word_1_102' title='bbox 789 1548 877 1580; x_wconf 86' lang='lat' dir='ltr'>salu·</span> 
     </span>
     <span class='ocr_line' id='line_1_21' title="bbox 163 1598 876 1633; baseline -0.003 0"><span class='ocrx_word' id='word_1_103' title='bbox 163 1603 291 1633; x_wconf 68' lang='lat' dir='ltr'>tentes.</span> <span class='ocrx_word' id='word_1_104' title='bbox 333 1599 385 1632; x_wconf 87' lang='lat' dir='ltr'>Ut</span> <span class='ocrx_word' id='word_1_105' title='bbox 409 1599 443 1631; x_wconf 89' lang='lat' dir='ltr'>in</span> <span class='ocrx_word' id='word_1_106' title='bbox 465 1598 526 1631; x_wconf 91' lang='lat' dir='ltr'>illo</span> <span class='ocrx_word' id='word_1_107' title='bbox 539 1599 680 1631; x_wconf 87' lang='lat' dir='ltr'>Terent.</span> <span class='ocrx_word' id='word_1_108' title='bbox 693 1598 728 1631; x_wconf 89' lang='lat' dir='ltr'>in</span> <span class='ocrx_word' id='word_1_109' title='bbox 744 1598 876 1631; x_wconf 78' lang='lat' dir='ltr'>Heaut-</span> 
     </span>
    </p>
   </div>
   <div class='ocr_carea' id='block_1_4' title="bbox 100 1647 877 1689">
    <p class='ocr_par' dir='ltr' id='par_1_9' title="bbox 100 1647 877 1689">
     <span class='ocr_line' id='line_1_22' title="bbox 100 1647 877 1689; baseline -0.004 -4"><span class='ocrx_word' id='word_1_110' title='bbox 100 1678 103 1680; x_wconf 82' lang='grc'>-</span> <span class='ocrx_word' id='word_1_111' title='bbox 162 1659 206 1685; x_wconf 87' lang='lat'>11.</span> <span class='ocrx_word' id='word_1_112' title='bbox 220 1661 270 1684; x_wconf 85' lang='lat' dir='ltr'>sc.</span> <span class='ocrx_word' id='word_1_113' title='bbox 280 1653 313 1684; x_wconf 73' lang='lat'>8.</span> <span class='ocrx_word' id='word_1_114' title='bbox 332 1650 344 1668; x_wconf 86' lang='lat'>‘</span> <span class='ocrx_word' id='word_1_115' title='bbox 356 1650 438 1682; x_wconf 86' lang='lat' dir='ltr'>Sine</span> <span class='ocrx_word' id='word_1_116' title='bbox 452 1650 574 1682; x_wconf 85' lang='lat' dir='ltr'>saltem</span> <span class='ocrx_word' id='word_1_117' title='bbox 584 1649 756 1682; x_wconf 74' lang='lat' dir='ltr'>salutare-³</span> <span class='ocrx_word' id='word_1_118' title='bbox 769 1647 877 1689; x_wconf 76' lang='lat' dir='ltr'>Schef.</span> 
     </span>
    </p>
   </div>
   <div class='ocr_carea' id='block_1_5' title="bbox 123 1701 876 2873">
    <p class='ocr_par' dir='ltr' id='par_1_10' title="bbox 159 1701 876 1786">
     <span class='ocr_line' id='line_1_23' title="bbox 160 1701 876 1744; baseline -0.001 -10"><span class='ocrx_word' id='word_1_119' title='bbox 160 1701 269 1744; x_wconf 72' lang='lat' dir='ltr'>Lege,</span> <span class='ocrx_word' id='word_1_120' title='bbox 281 1701 420 1734; x_wconf 69' lang='lat' dir='ltr'>munit</span> <span class='ocrx_word' id='word_1_121' title='bbox 434 1701 508 1734; x_wconf 75' lang='lat' dir='ltr'>dein</span> <span class='ocrx_word' id='word_1_122' title='bbox 529 1702 709 1743; x_wconf 68' lang='lat' dir='ltr'>solidando,</span> <span class='ocrx_word' id='word_1_123' title='bbox 725 1701 779 1733; x_wconf 84' lang='lat' dir='ltr'>vel</span> <span class='ocrx_word' id='word_1_124' title='bbox 793 1701 876 1734; x_wconf 76' lang='lat' dir='ltr'>salu-</span> 
     </span>
     <span class='ocr_line' id='line_1_24' title="bbox 159 1751 538 1786; baseline 0 -2"><span class='ocrx_word' id='word_1_125' title='bbox 159 1755 231 1785; x_wconf 73' lang='lat' dir='ltr'>tant</span> <span class='ocrx_word' id='word_1_126' title='bbox 245 1752 390 1786; x_wconf 74' lang='lat' dir='ltr'>invicem.</span> <span class='ocrx_word' id='word_1_127' title='bbox 413 1751 538 1785; x_wconf 84' lang='lat' dir='ltr'>Heius.</span> 
     </span>
    </p>

    <p class='ocr_par' dir='ltr' id='par_1_11' title="bbox 157 1801 876 1990">
     <span class='ocr_line' id='line_1_25' title="bbox 203 1801 875 1846; baseline 0.001 -10"><span class='ocrx_word' id='word_1_128' title='bbox 203 1801 388 1836; x_wconf 57' lang='lat' dir='ltr'>Manum</span> <span class='ocrx_word' id='word_1_129' title='bbox 414 1803 489 1836; x_wconf 74' lang='lat' dir='ltr'>dein</span> <span class='ocrx_word' id='word_1_130' title='bbox 516 1803 665 1846; x_wconf 75' lang='lat' dir='ltr'>invicem]</span> <span class='ocrx_word' id='word_1_131' title='bbox 699 1804 770 1837; x_wconf 91' lang='lat' dir='ltr'>Ms.</span> <span class='ocrx_word' id='word_1_132' title='bbox 801 1804 875 1837; x_wconf 78' lang='lat' dir='ltr'>dein</span> 
     </span>
     <span class='ocr_line' id='line_1_26' title="bbox 157 1854 876 1896; baseline 0 -9"><span class='ocrx_word' id='word_1_133' title='bbox 157 1854 331 1888; x_wconf 55' lang='lat' dir='ltr'>mantes</span> <span class='ocrx_word' id='word_1_134' title='bbox 343 1854 488 1888; x_wconf 71' lang='lat' dir='ltr'>invicem.</span> <span class='ocrx_word' id='word_1_135' title='bbox 531 1855 732 1896; x_wconf 79' lang='lat' dir='ltr'>Salmasius,</span> <span class='ocrx_word' id='word_1_136' title='bbox 753 1856 828 1888; x_wconf 76' lang='lat' dir='ltr'>dein</span> <span class='ocrx_word' id='word_1_137' title='bbox 841 1866 876 1888; x_wconf 78' lang='lat' dir='ltr'>se</span> 
     </span>
     <span class='ocr_line' id='line_1_27' title="bbox 157 1906 874 1948; baseline 0.001 -10"><span class='ocrx_word' id='word_1_138' title='bbox 157 1906 298 1939; x_wconf 69' lang='lat' dir='ltr'>salutm</span> <span class='ocrx_word' id='word_1_139' title='bbox 323 1906 470 1939; x_wconf 74' lang='lat' dir='ltr'>invicem.</span> <span class='ocrx_word' id='word_1_140' title='bbox 513 1906 624 1948; x_wconf 91' lang='lat' dir='ltr'>Malo,</span> <span class='ocrx_word' id='word_1_141' title='bbox 649 1907 761 1939; x_wconf 79' lang='lat' dir='ltr'>deinde</span> <span class='ocrx_word' id='word_1_142' title='bbox 788 1908 874 1941; x_wconf 82' lang='lat' dir='ltr'>salu-</span> 
     </span>
     <span class='ocr_line' id='line_1_28' title="bbox 159 1957 397 1990; baseline -0.004 0"><span class='ocrx_word' id='word_1_143' title='bbox 159 1960 274 1990; x_wconf 66' lang='lat' dir='ltr'>tates.</span> <span class='ocrx_word' id='word_1_144' title='bbox 301 1957 397 1990; x_wconf 84' lang='lat' dir='ltr'>Gnd.</span> 
     </span>
    </p>

    <p class='ocr_par' dir='ltr' id='par_1_12' title="bbox 123 2006 875 2873">
     <span class='ocr_line' id='line_1_29' title="bbox 202 2006 873 2050; baseline 0 -9"><span class='ocrx_word' id='word_1_145' title='bbox 202 2010 224 2041; x_wconf 78' lang='grc'><strong>4</strong></span> <span class='ocrx_word' id='word_1_146' title='bbox 242 2009 333 2042; x_wconf 74' lang='lat' dir='ltr'>Unde</span> <span class='ocrx_word' id='word_1_147' title='bbox 345 2007 525 2050; x_wconf 50' lang='lat' dir='ltr'>sicana-eso,</span> <span class='ocrx_word' id='word_1_148' title='bbox 536 2008 635 2041; x_wconf 64' lang='lat' dir='ltr'>aues.</span> <span class='ocrx_word' id='word_1_149' title='bbox 627 2006 642 2032; x_wconf 73' lang='lat'>‘²</span> <span class='ocrx_word' id='word_1_150' title='bbox 658 2009 726 2040; x_wconf 81' lang='lat' dir='ltr'>Aut</span> <span class='ocrx_word' id='word_1_151' title='bbox 737 2018 796 2050; x_wconf 76' lang='lat' dir='ltr'>quo</span> <span class='ocrx_word' id='word_1_152' title='bbox 804 2008 873 2042; x_wconf 78' lang='lat' dir='ltr'>cibo</span> 
     </span>
     <span class='ocr_line' id='line_1_30' title="bbox 152 2057 873 2100; baseline -0.001 -8"><span class='ocrx_word' id='word_1_153' title='bbox 152 2058 266 2100; x_wconf 66' lang='lat' dir='ltr'>fecisti</span> <span class='ocrx_word' id='word_1_154' title='bbox 278 2061 403 2092; x_wconf 73' lang='lat' dir='ltr'>tantum</span> <span class='ocrx_word' id='word_1_155' title='bbox 415 2057 570 2100; x_wconf 79' lang='lat' dir='ltr'>corporis]</span> <span class='ocrx_word' id='word_1_156' title='bbox 600 2058 791 2100; x_wconf 79' lang='lat' dir='ltr'><strong>Eleganter</strong></span> <span class='ocrx_word' id='word_1_157' title='bbox 804 2058 873 2091; x_wconf 83' lang='lat' dir='ltr'>for·</span> 
     </span>
     <span class='ocr_line' id='line_1_31' title="bbox 123 2109 874 2151; baseline -0.003 -7"><span class='ocrx_word' id='word_1_158' title='bbox 123 2140 129 2145; x_wconf 70' lang='grc'>,</span> <span class='ocrx_word' id='word_1_159' title='bbox 159 2113 291 2143; x_wconf 88' lang='lat' dir='ltr'>matum</span> <span class='ocrx_word' id='word_1_160' title='bbox 302 2119 349 2142; x_wconf 83' lang='lat' dir='ltr'>ex</span> <span class='ocrx_word' id='word_1_161' title='bbox 363 2109 422 2142; x_wconf 91' lang='lat' dir='ltr'>illo</span> <span class='ocrx_word' id='word_1_162' title='bbox 438 2110 589 2151; x_wconf 85' lang='lat' dir='ltr'>parasito</span> <span class='ocrx_word' id='word_1_163' title='bbox 602 2109 797 2142; x_wconf 79' lang='lat' dir='ltr'>Gnathonis</span> <span class='ocrx_word' id='word_1_164' title='bbox 809 2110 874 2142; x_wconf 88' lang='lat' dir='ltr'>Te-</span> 
     </span>
     <span class='ocr_line' id='line_1_32' title="bbox 159 2158 875 2202; baseline -0.001 -8"><span class='ocrx_word' id='word_1_165' title='bbox 159 2160 322 2201; x_wconf 88' lang='lat' dir='ltr'>rentiani,</span> <span class='ocrx_word' id='word_1_166' title='bbox 344 2158 388 2193; x_wconf 86' lang='lat' dir='ltr'>ad</span> <span class='ocrx_word' id='word_1_167' title='bbox 414 2164 615 2202; x_wconf 88' lang='lat' dir='ltr'>perpastum</span> <span class='ocrx_word' id='word_1_168' title='bbox 635 2169 755 2192; x_wconf 87' lang='lat' dir='ltr'>canem</span> <span class='ocrx_word' id='word_1_169' title='bbox 773 2170 875 2202; x_wconf 81' lang='lat' dir='ltr'>para·</span> 
     </span>
     <span class='ocr_line' id='line_1_33' title="bbox 157 2211 872 2246; baseline -0.001 -1"><span class='ocrx_word' id='word_1_170' title='bbox 157 2212 336 2246; x_wconf 84' lang='lat' dir='ltr'>sitastrum</span> <span class='ocrx_word' id='word_1_171' title='bbox 352 2212 612 2245; x_wconf 84' lang='lat' dir='ltr'>concinnatum.</span> <span class='ocrx_word' id='word_1_172' title='bbox 656 2211 814 2244; x_wconf 82' lang='lat' dir='ltr'>Eunuch.</span> <span class='ocrx_word' id='word_1_173' title='bbox 830 2221 872 2244; x_wconf 91' lang='lat'>11.</span> 
     </span>
     <span class='ocr_line' id='line_1_34' title="bbox 156 2262 873 2305; baseline -0.006 -7"><span class='ocrx_word' id='word_1_174' title='bbox 156 2273 205 2298; x_wconf 79' lang='lat' dir='ltr'>sc.</span> <span class='ocrx_word' id='word_1_175' title='bbox 220 2266 252 2298; x_wconf 78' lang='lat'>2.</span> <span class='ocrx_word' id='word_1_176' title='bbox 273 2263 284 2281; x_wconf 91' lang='lat'>‘</span> <span class='ocrx_word' id='word_1_177' title='bbox 296 2263 366 2298; x_wconf 83' lang='lat' dir='ltr'>Qui</span> <span class='ocrx_word' id='word_1_178' title='bbox 380 2263 490 2304; x_wconf 86' lang='lat' dir='ltr'>color,</span> <span class='ocrx_word' id='word_1_179' title='bbox 505 2262 608 2302; x_wconf 87' lang='lat' dir='ltr'>nitor,</span> <span class='ocrx_word' id='word_1_180' title='bbox 621 2263 782 2303; x_wconf 88' lang='lat' dir='ltr'>vestitus,</span> <span class='ocrx_word' id='word_1_181' title='bbox 796 2272 873 2305; x_wconf 74' lang='lat' dir='ltr'>quoe</span> 
     </span>
     <span class='ocr_line' id='line_1_35' title="bbox 157 2313 873 2356; baseline -0.004 -7"><span class='ocrx_word' id='word_1_182' title='bbox 157 2314 326 2350; x_wconf 84' lang='lat' dir='ltr'>habitudo</span> <span class='ocrx_word' id='word_1_183' title='bbox 353 2318 406 2348; x_wconf 82' lang='lat' dir='ltr'>est</span> <span class='ocrx_word' id='word_1_184' title='bbox 432 2315 590 2356; x_wconf 85' lang='lat' dir='ltr'>corporis</span> <span class='ocrx_word' id='word_1_185' title='bbox 602 2313 627 2347; x_wconf 84' lang='lat'>?&#39;</span> <span class='ocrx_word' id='word_1_186' title='bbox 672 2313 791 2346; x_wconf 79' lang='lat' dir='ltr'>Facere</span> <span class='ocrx_word' id='word_1_187' title='bbox 806 2323 873 2346; x_wconf 79' lang='lat' dir='ltr'>cor-</span> 
     </span>
     <span class='ocr_line' id='line_1_36' title="bbox 153 2364 873 2411; baseline -0.004 -11"><span class='ocrx_word' id='word_1_188' title='bbox 153 2377 226 2411; x_wconf 68' lang='lat' dir='ltr'>pas,</span> <span class='ocrx_word' id='word_1_189' title='bbox 240 2371 279 2400; x_wconf 84' lang='lat' dir='ltr'>ut</span> <span class='ocrx_word' id='word_1_190' title='bbox 303 2367 313 2386; x_wconf 92' lang='lat'>‘</span> <span class='ocrx_word' id='word_1_191' title='bbox 327 2365 504 2399; x_wconf 87' lang='lat' dir='ltr'>Amittere</span> <span class='ocrx_word' id='word_1_192' title='bbox 519 2364 673 2407; x_wconf 86' lang='lat' dir='ltr'>corpus‚’</span> <span class='ocrx_word' id='word_1_193' title='bbox 696 2364 788 2406; x_wconf 88' lang='lat' dir='ltr'>apud</span> <span class='ocrx_word' id='word_1_194' title='bbox 815 2364 873 2398; x_wconf 90' lang='lat' dir='ltr'>Ci-</span> 
     </span>
     <span class='ocr_line' id='line_1_37' title="bbox 156 2415 873 2460; baseline -0.004 -8"><span class='ocrx_word' id='word_1_195' title='bbox 156 2428 317 2453; x_wconf 88' lang='lat' dir='ltr'>ceronem</span> <span class='ocrx_word' id='word_1_196' title='bbox 345 2418 459 2460; x_wconf 85' lang='lat' dir='ltr'>Epist.</span> <span class='ocrx_word' id='word_1_197' title='bbox 482 2417 541 2450; x_wconf 90' lang='lat' dir='ltr'>lib.</span> <span class='ocrx_word' id='word_1_198' title='bbox 556 2426 622 2449; x_wconf 87' lang='lat' dir='ltr'>vu.</span> <span class='ocrx_word' id='word_1_199' title='bbox 652 2416 697 2448; x_wconf 86' lang='lat' dir='ltr'>ad</span> <span class='ocrx_word' id='word_1_200' title='bbox 714 2415 808 2450; x_wconf 77' lang='lat' dir='ltr'>Gall.</span> <span class='ocrx_word' id='word_1_201' title='bbox 835 2421 873 2449; x_wconf 83' lang='lat' dir='ltr'>et</span> 
     </span>
     <span class='ocr_line' id='line_1_38' title="bbox 156 2468 872 2510; baseline -0.003 -6"><span class='ocrx_word' id='word_1_202' title='bbox 156 2471 359 2504; x_wconf 87' lang='lat' dir='ltr'>Lucretium</span> <span class='ocrx_word' id='word_1_203' title='bbox 382 2469 440 2503; x_wconf 88' lang='lat' dir='ltr'>lib.</span> <span class='ocrx_word' id='word_1_204' title='bbox 456 2478 482 2502; x_wconf 90' lang='lat'>1.</span> <span class='ocrx_word' id='word_1_205' title='bbox 504 2469 514 2486; x_wconf 92' lang='lat'>‘</span> <span class='ocrx_word' id='word_1_206' title='bbox 532 2468 622 2501; x_wconf 89' lang='lat' dir='ltr'>Nam</span> <span class='ocrx_word' id='word_1_207' title='bbox 640 2468 746 2510; x_wconf 72' lang='lat' dir='ltr'>veluti</span> <span class='ocrx_word' id='word_1_208' title='bbox 763 2468 872 2510; x_wconf 86' lang='lat' dir='ltr'>priva-</span> 
     </span>
     <span class='ocr_line' id='line_1_39' title="bbox 157 2516 872 2556; baseline -0.004 0"><span class='ocrx_word' id='word_1_209' title='bbox 157 2526 196 2556; x_wconf 85' lang='lat' dir='ltr'>ta</span> <span class='ocrx_word' id='word_1_210' title='bbox 221 2522 301 2556; x_wconf 88' lang='lat' dir='ltr'>cibo</span> <span class='ocrx_word' id='word_1_211' title='bbox 331 2527 455 2554; x_wconf 88' lang='lat' dir='ltr'>natura</span> <span class='ocrx_word' id='word_1_212' title='bbox 484 2521 694 2553; x_wconf 84' lang='lat' dir='ltr'>animantum</span> <span class='ocrx_word' id='word_1_213' title='bbox 731 2516 872 2553; x_wconf 81' lang='lat' dir='ltr'>Diffluit</span> 
     </span>
     <span class='ocr_line' id='line_1_40' title="bbox 158 2573 872 2617; baseline -0.003 -9"><span class='ocrx_word' id='word_1_214' title='bbox 158 2575 323 2608; x_wconf 87' lang='lat' dir='ltr'>amittens</span> <span class='ocrx_word' id='word_1_215' title='bbox 348 2573 498 2617; x_wconf 67' lang='lat' dir='ltr'>corpus!</span> <span class='ocrx_word' id='word_1_216' title='bbox 542 2574 601 2606; x_wconf 91' lang='lat' dir='ltr'>Sic</span> <span class='ocrx_word' id='word_1_217' title='bbox 624 2577 744 2606; x_wconf 83' lang='lat' dir='ltr'>noster</span> <span class='ocrx_word' id='word_1_218' title='bbox 765 2583 872 2615; x_wconf 89' lang='lat' dir='ltr'>supra</span> 
     </span>
     <span class='ocr_line' id='line_1_41' title="bbox 157 2624 871 2667; baseline -0.001 -7"><span class='ocrx_word' id='word_1_219' title='bbox 157 2627 218 2660; x_wconf 84' lang='lat' dir='ltr'>lib.</span> <span class='ocrx_word' id='word_1_220' title='bbox 232 2636 258 2660; x_wconf 87' lang='lat'>1.</span> <span class='ocrx_word' id='word_1_221' title='bbox 273 2625 344 2659; x_wconf 81' lang='lat' dir='ltr'>fab.</span> <span class='ocrx_word' id='word_1_222' title='bbox 358 2630 393 2658; x_wconf 81' lang='lat'>5.</span> <span class='ocrx_word' id='word_1_223' title='bbox 415 2627 425 2644; x_wconf 80' lang='lat'>⁴</span> <span class='ocrx_word' id='word_1_224' title='bbox 443 2625 573 2658; x_wconf 86' lang='lat' dir='ltr'>Cervus</span> <span class='ocrx_word' id='word_1_225' title='bbox 587 2624 677 2657; x_wconf 79' lang='lat' dir='ltr'>vasti</span> <span class='ocrx_word' id='word_1_226' title='bbox 689 2624 871 2667; x_wconf 72' lang='lat' dir='ltr'>corporis!</span> 
     </span>
     <span class='ocr_line' id='line_1_42' title="bbox 160 2676 871 2719; baseline -0.004 -8"><span class='ocrx_word' id='word_1_227' title='bbox 160 2677 263 2711; x_wconf 84' lang='lat' dir='ltr'>Quod</span> <span class='ocrx_word' id='word_1_228' title='bbox 279 2687 361 2710; x_wconf 85' lang='lat' dir='ltr'>vero</span> <span class='ocrx_word' id='word_1_229' title='bbox 377 2680 432 2709; x_wconf 84' lang='lat' dir='ltr'>est</span> <span class='ocrx_word' id='word_1_230' title='bbox 446 2676 538 2719; x_wconf 86' lang='lat' dir='ltr'>apud</span> <span class='ocrx_word' id='word_1_231' title='bbox 551 2676 574 2710; x_wconf 83' lang='lat' dir='ltr'>J</span> <span class='ocrx_word' id='word_1_232' title='bbox 578 2676 727 2708; x_wconf 89' lang='lat' dir='ltr'>ustinum</span> <span class='ocrx_word' id='word_1_233' title='bbox 741 2676 775 2708; x_wconf 89' lang='lat' dir='ltr'>in</span> <span class='ocrx_word' id='word_1_234' title='bbox 792 2685 871 2718; x_wconf 85' lang='lat' dir='ltr'>pro·</span> 
     </span>
     <span class='ocr_line' id='line_1_43' title="bbox 156 2726 871 2770; baseline -0.004 -8"><span class='ocrx_word' id='word_1_235' title='bbox 156 2730 251 2770; x_wconf 82' lang='lat' dir='ltr'>logo,</span> <span class='ocrx_word' id='word_1_236' title='bbox 272 2730 282 2748; x_wconf 91' lang='lat'>‘</span> <span class='ocrx_word' id='word_1_237' title='bbox 295 2729 410 2761; x_wconf 82' lang='lat' dir='ltr'><strong>Breve</strong></span> <span class='ocrx_word' id='word_1_238' title='bbox 426 2728 533 2761; x_wconf 88' lang='lat' dir='ltr'>veluti</span> <span class='ocrx_word' id='word_1_239' title='bbox 547 2726 671 2760; x_wconf 87' lang='lat' dir='ltr'>florum</span> <span class='ocrx_word' id='word_1_240' title='bbox 686 2737 871 2769; x_wconf 83' lang='lat' dir='ltr'>corpuscu-</span> 
     </span>
     <span class='ocr_line' id='line_1_44' title="bbox 157 2778 870 2822; baseline -0.001 -9"><span class='ocrx_word' id='word_1_241' title='bbox 157 2781 228 2813; x_wconf 85' lang='lat' dir='ltr'>lum</span> <span class='ocrx_word' id='word_1_242' title='bbox 243 2778 338 2821; x_wconf 68' lang='lat' dir='ltr'>feci:</span> <span class='ocrx_word' id='word_1_243' title='bbox 363 2780 431 2812; x_wconf 88' lang='lat' dir='ltr'>huc</span> <span class='ocrx_word' id='word_1_244' title='bbox 446 2779 586 2822; x_wconf 88' lang='lat' dir='ltr'>quidem</span> <span class='ocrx_word' id='word_1_245' title='bbox 610 2788 678 2812; x_wconf 88' lang='lat' dir='ltr'>non</span> <span class='ocrx_word' id='word_1_246' title='bbox 694 2778 870 2821; x_wconf 59' lang='lat' dir='ltr'>pertinen</span> 
     </span>
     <span class='ocr_line' id='line_1_45' title="bbox 157 2830 869 2873; baseline -0.001 -8"><span class='ocrx_word' id='word_1_247' title='bbox 157 2830 312 2866; x_wconf 76' lang='lat' dir='ltr'>ostendit</span> <span class='ocrx_word' id='word_1_248' title='bbox 338 2834 453 2864; x_wconf 83' lang='lat' dir='ltr'>tamen</span> <span class='ocrx_word' id='word_1_249' title='bbox 472 2830 583 2870; x_wconf 76' lang='lat' dir='ltr'>facere</span> <span class='ocrx_word' id='word_1_250' title='bbox 606 2840 716 2873; x_wconf 78' lang='lat' dir='ltr'>corpus</span> <span class='ocrx_word' id='word_1_251' title='bbox 745 2830 869 2864; x_wconf 86' lang='lat' dir='ltr'>eadem</span> 
     </span>
    </p>
   </div>
   <div class='ocr_carea' id='block_1_6' title="bbox 1561 219 1646 263">
    <p class='ocr_par' dir='ltr' id='par_1_13' title="bbox 1561 219 1646 263">
     <span class='ocr_line' id='line_1_46' title="bbox 1561 219 1646 263; baseline -0.012 0"><span class='ocrx_word' id='word_1_252' title='bbox 1561 219 1646 263; x_wconf 85' lang='lat'>501</span> 
     </span>
    </p>
   </div>
   <div class='ocr_carea' id='block_1_7' title="bbox 1012 531 1165 575">
    <p class='ocr_par' dir='ltr' id='par_1_14' title="bbox 1012 531 1165 575">
     <span class='ocr_line' id='line_1_47' title="bbox 1012 531 1165 575; baseline -0.007 0"><span class='ocrx_word' id='word_1_253' title='bbox 1012 531 1124 575; x_wconf 89' lang='lat' dir='ltr'>VII.</span> <span class='ocrx_word' id='word_1_254' title='bbox 1152 547 1165 554; x_wconf 67' lang='lat'><em>⁴</em></span> 
     </span>
    </p>
   </div>
   <div class='ocr_carea' id='block_1_8' title="bbox 923 674 1649 2157">
    <p class='ocr_par' dir='ltr' id='par_1_15' title="bbox 930 674 1649 1180">
     <span class='ocr_line' id='line_1_48' title="bbox 931 674 1646 720; baseline -0.003 -10"><span class='ocrx_word' id='word_1_255' title='bbox 931 677 1186 720; x_wconf 77' lang='lat' dir='ltr'>significatione</span> <span class='ocrx_word' id='word_1_256' title='bbox 1223 676 1294 710; x_wconf 88' lang='lat' dir='ltr'>dici</span> <span class='ocrx_word' id='word_1_257' title='bbox 1330 685 1443 719; x_wconf 86' lang='lat' dir='ltr'>posse,</span> <span class='ocrx_word' id='word_1_258' title='bbox 1479 680 1520 708; x_wconf 89' lang='lat' dir='ltr'>ut</span> <span class='ocrx_word' id='word_1_259' title='bbox 1553 674 1646 717; x_wconf 86' lang='lat' dir='ltr'>apud</span> 
     </span>
     <span class='ocr_line' id='line_1_49' title="bbox 932 726 1648 763; baseline -0.006 -1"><span class='ocrx_word' id='word_1_260' title='bbox 932 729 1195 763; x_wconf 80' lang='lat' dir='ltr'>Quintilianum.</span> <span class='ocrx_word' id='word_1_261' title='bbox 1208 729 1219 747; x_wconf 89' lang='lat'>‘</span> <span class='ocrx_word' id='word_1_262' title='bbox 1231 729 1365 761; x_wconf 89' lang='lat' dir='ltr'>Facere</span> <span class='ocrx_word' id='word_1_263' title='bbox 1378 726 1490 760; x_wconf 86' lang='lat' dir='ltr'>vires.’</span> <span class='ocrx_word' id='word_1_264' title='bbox 1535 726 1648 759; x_wconf 86' lang='lat' dir='ltr'>Immo</span> 
     </span>
     <span class='ocr_line' id='line_1_50' title="bbox 932 778 1648 814; baseline -0.004 -1"><span class='ocrx_word' id='word_1_265' title='bbox 932 780 1168 814; x_wconf 80' lang='lat' dir='ltr'>Quintilianus</span> <span class='ocrx_word' id='word_1_266' title='bbox 1180 779 1240 812; x_wconf 90' lang='lat' dir='ltr'>lib.</span> <span class='ocrx_word' id='word_1_267' title='bbox 1256 789 1291 812; x_wconf 87' lang='lat' dir='ltr'>x.</span> <span class='ocrx_word' id='word_1_268' title='bbox 1306 780 1376 812; x_wconf 86' lang='lat' dir='ltr'>sic:</span> <span class='ocrx_word' id='word_1_269' title='bbox 1399 779 1409 796; x_wconf 93' lang='lat'>‘</span> <span class='ocrx_word' id='word_1_270' title='bbox 1420 779 1510 812; x_wconf 87' lang='lat' dir='ltr'>Nam</span> <span class='ocrx_word' id='word_1_271' title='bbox 1525 778 1648 811; x_wconf 81' lang='lat' dir='ltr'>Macer</span> 
     </span>
     <span class='ocr_line' id='line_1_51' title="bbox 932 829 1647 874; baseline -0.004 -10"><span class='ocrx_word' id='word_1_272' title='bbox 932 836 969 865; x_wconf 92' lang='lat' dir='ltr'>et</span> <span class='ocrx_word' id='word_1_273' title='bbox 984 831 1164 864; x_wconf 82' lang='lat' dir='ltr'>Lucretius</span> <span class='ocrx_word' id='word_1_274' title='bbox 1181 830 1319 874; x_wconf 84' lang='lat' dir='ltr'>legendi</span> <span class='ocrx_word' id='word_1_275' title='bbox 1335 830 1488 873; x_wconf 87' lang='lat' dir='ltr'>quidem,</span> <span class='ocrx_word' id='word_1_276' title='bbox 1502 829 1561 862; x_wconf 89' lang='lat' dir='ltr'>sed</span> <span class='ocrx_word' id='word_1_277' title='bbox 1578 838 1647 862; x_wconf 90' lang='lat' dir='ltr'>non</span> 
     </span>
     <span class='ocr_line' id='line_1_52' title="bbox 932 881 1647 925; baseline 0 -10"><span class='ocrx_word' id='word_1_278' title='bbox 932 887 971 915; x_wconf 89' lang='lat' dir='ltr'>ut</span> <span class='ocrx_word' id='word_1_279' title='bbox 987 883 1137 925; x_wconf 87' lang='lat' dir='ltr'>phrasin,</span> <span class='ocrx_word' id='word_1_280' title='bbox 1164 883 1200 915; x_wconf 85' lang='lat' dir='ltr'>id</span> <span class='ocrx_word' id='word_1_281' title='bbox 1215 887 1283 924; x_wconf 88' lang='lat' dir='ltr'>est,</span> <span class='ocrx_word' id='word_1_282' title='bbox 1299 891 1422 924; x_wconf 86' lang='lat' dir='ltr'>corpus</span> <span class='ocrx_word' id='word_1_283' title='bbox 1438 881 1647 924; x_wconf 83' lang='lat' dir='ltr'>eloquentiae</span> 
     </span>
     <span class='ocr_line' id='line_1_53' title="bbox 931 932 1647 976; baseline -0.004 -9"><span class='ocrx_word' id='word_1_284' title='bbox 931 933 1064 967; x_wconf 86' lang='lat' dir='ltr'>faciant</span> <span class='ocrx_word' id='word_1_285' title='bbox 1074 933 1096 975; x_wconf 88' lang='lat'>;&#39;</span> <span class='ocrx_word' id='word_1_286' title='bbox 1117 935 1183 967; x_wconf 84' lang='lat' dir='ltr'>hoc</span> <span class='ocrx_word' id='word_1_287' title='bbox 1198 938 1265 976; x_wconf 86' lang='lat' dir='ltr'>est,</span> <span class='ocrx_word' id='word_1_288' title='bbox 1286 943 1414 975; x_wconf 86' lang='lat' dir='ltr'>corpus</span> <span class='ocrx_word' id='word_1_289' title='bbox 1436 932 1647 974; x_wconf 72' lang='lat' dir='ltr'>eloquentiae</span> 
     </span>
     <span class='ocr_line' id='line_1_54' title="bbox 931 984 1647 1027; baseline -0.003 -9"><span class='ocrx_word' id='word_1_290' title='bbox 931 985 1160 1027; x_wconf 81' lang='lat' dir='ltr'>constituant,</span> <span class='ocrx_word' id='word_1_291' title='bbox 1194 986 1386 1018; x_wconf 87' lang='lat' dir='ltr'>orationem</span> <span class='ocrx_word' id='word_1_292' title='bbox 1422 984 1647 1017; x_wconf 82' lang='lat' dir='ltr'>constituant.</span> 
     </span>
     <span class='ocr_line' id='line_1_55' title="bbox 930 1036 1649 1079; baseline -0.001 -10"><span class='ocrx_word' id='word_1_293' title='bbox 930 1036 1002 1069; x_wconf 88' lang='lat' dir='ltr'>Sed</span> <span class='ocrx_word' id='word_1_294' title='bbox 1015 1037 1091 1069; x_wconf 82' lang='lat' dir='ltr'>haec</span> <span class='ocrx_word' id='word_1_295' title='bbox 1107 1046 1176 1070; x_wconf 90' lang='lat' dir='ltr'>non</span> <span class='ocrx_word' id='word_1_296' title='bbox 1193 1037 1372 1079; x_wconf 73' lang='lat' dir='ltr'>pertinent</span> <span class='ocrx_word' id='word_1_297' title='bbox 1384 1036 1428 1069; x_wconf 89' lang='lat' dir='ltr'>ad</span> <span class='ocrx_word' id='word_1_298' title='bbox 1443 1036 1532 1069; x_wconf 88' lang='lat' dir='ltr'>hanc</span> <span class='ocrx_word' id='word_1_299' title='bbox 1548 1036 1649 1069; x_wconf 80' lang='lat' dir='ltr'><strong>Phae-</strong></span> 
     </span>
     <span class='ocr_line' id='line_1_56' title="bbox 931 1085 1647 1129; baseline 0.003 -11"><span class='ocrx_word' id='word_1_300' title='bbox 931 1085 985 1118; x_wconf 92' lang='lat' dir='ltr'>dri</span> <span class='ocrx_word' id='word_1_301' title='bbox 999 1087 1151 1129; x_wconf 85' lang='lat' dir='ltr'>phrasin,</span> <span class='ocrx_word' id='word_1_302' title='bbox 1166 1087 1260 1129; x_wconf 87' lang='lat' dir='ltr'>apud</span> <span class='ocrx_word' id='word_1_303' title='bbox 1276 1097 1380 1129; x_wconf 89' lang='lat' dir='ltr'>quem</span> <span class='ocrx_word' id='word_1_304' title='bbox 1405 1096 1517 1129; x_wconf 66' lang='lat' dir='ltr'>corpu</span> <span class='ocrx_word' id='word_1_305' title='bbox 1533 1085 1647 1126; x_wconf 75' lang='lat' dir='ltr'>facere</span> 
     </span>
     <span class='ocr_line' id='line_1_57' title="bbox 930 1138 1362 1180; baseline 0.005 -11"><span class='ocrx_word' id='word_1_306' title='bbox 930 1141 994 1178; x_wconf 86' lang='lat' dir='ltr'>est,</span> <span class='ocrx_word' id='word_1_307' title='bbox 1010 1138 1249 1180; x_wconf 79' lang='lat' dir='ltr'>pinguescere.</span> <span class='ocrx_word' id='word_1_308' title='bbox 1276 1139 1362 1171; x_wconf 83' lang='lat' dir='ltr'>Gud.</span> 
     </span>
    </p>

    <p class='ocr_par' dir='ltr' id='par_1_16' title="bbox 925 1189 1647 1954">
     <span class='ocr_line' id='line_1_58' title="bbox 974 1189 1647 1231; baseline 0 -9"><span class='ocrx_word' id='word_1_309' title='bbox 974 1189 1085 1231; x_wconf 78' lang='lat' dir='ltr'>Nites]</span> <span class='ocrx_word' id='word_1_310' title='bbox 1121 1190 1262 1223; x_wconf 81' lang='lat' dir='ltr'>Terent.</span> <span class='ocrx_word' id='word_1_311' title='bbox 1290 1190 1327 1222; x_wconf 90' lang='lat' dir='ltr'>in</span> <span class='ocrx_word' id='word_1_312' title='bbox 1355 1189 1513 1223; x_wconf 88' lang='lat' dir='ltr'>Eunuch.</span> <span class='ocrx_word' id='word_1_313' title='bbox 1542 1189 1552 1207; x_wconf 94' lang='lat'>‘</span> <span class='ocrx_word' id='word_1_314' title='bbox 1576 1190 1647 1225; x_wconf 83' lang='lat' dir='ltr'>Qui</span> 
     </span>
     <span class='ocr_line' id='line_1_59' title="bbox 930 1240 1647 1284; baseline 0 -11"><span class='ocrx_word' id='word_1_315' title='bbox 930 1241 1036 1283; x_wconf 88' lang='lat' dir='ltr'>color,</span> <span class='ocrx_word' id='word_1_316' title='bbox 1059 1241 1166 1281; x_wconf 89' lang='lat' dir='ltr'>nitor,</span> <span class='ocrx_word' id='word_1_317' title='bbox 1188 1241 1349 1282; x_wconf 89' lang='lat' dir='ltr'>vestitus,</span> <span class='ocrx_word' id='word_1_318' title='bbox 1373 1251 1452 1284; x_wconf 81' lang='lat' dir='ltr'>quae</span> <span class='ocrx_word' id='word_1_319' title='bbox 1478 1240 1647 1273; x_wconf 82' lang='lat' dir='ltr'>habitudo</span> 
     </span>
     <span class='ocr_line' id='line_1_60' title="bbox 929 1291 1647 1334; baseline 0 -10"><span class='ocrx_word' id='word_1_320' title='bbox 929 1295 984 1325; x_wconf 87' lang='lat' dir='ltr'>est</span> <span class='ocrx_word' id='word_1_321' title='bbox 1000 1291 1157 1334; x_wconf 85' lang='lat' dir='ltr'>corporis</span> <span class='ocrx_word' id='word_1_322' title='bbox 1170 1291 1195 1324; x_wconf 86' lang='lat'>?&#39;</span> <span class='ocrx_word' id='word_1_323' title='bbox 1240 1292 1288 1324; x_wconf 89' lang='lat' dir='ltr'>Et</span> <span class='ocrx_word' id='word_1_324' title='bbox 1305 1292 1432 1325; x_wconf 84' lang='lat' dir='ltr'>Horat.</span> <span class='ocrx_word' id='word_1_325' title='bbox 1458 1292 1467 1310; x_wconf 89' lang='lat'>‘</span> <span class='ocrx_word' id='word_1_326' title='bbox 1482 1292 1563 1324; x_wconf 89' lang='lat' dir='ltr'>Non</span> <span class='ocrx_word' id='word_1_327' title='bbox 1588 1291 1647 1324; x_wconf 88' lang='lat' dir='ltr'>de-</span> 
     </span>
     <span class='ocr_line' id='line_1_61' title="bbox 928 1343 1646 1386; baseline 0 -10"><span class='ocrx_word' id='word_1_328' title='bbox 928 1343 1039 1377; x_wconf 87' lang='lat' dir='ltr'>terius</span> <span class='ocrx_word' id='word_1_329' title='bbox 1059 1343 1226 1385; x_wconf 73' lang='lat' dir='ltr'>nituisfis,</span> <span class='ocrx_word' id='word_1_330' title='bbox 1241 1354 1261 1376; x_wconf 96' lang='lat' dir='ltr'>o</span> <span class='ocrx_word' id='word_1_331' title='bbox 1276 1344 1400 1386; x_wconf 69' lang='lat' dir='ltr'>pueri!</span> <span class='ocrx_word' id='word_1_332' title='bbox 1424 1343 1538 1376; x_wconf 79' lang='lat' dir='ltr'>Faber.</span> <span class='ocrx_word' id='word_1_333' title='bbox 1575 1344 1646 1376; x_wconf 86' lang='lat' dir='ltr'>Eos</span> 
     </span>
     <span class='ocr_line' id='line_1_62' title="bbox 929 1395 1647 1439; baseline -0.001 -10"><span class='ocrx_word' id='word_1_334' title='bbox 929 1396 1070 1439; x_wconf 83' lang='lat' dir='ltr'>proprie</span> <span class='ocrx_word' id='word_1_335' title='bbox 1097 1395 1286 1439; x_wconf 86' lang='lat' dir='ltr'>significat,</span> <span class='ocrx_word' id='word_1_336' title='bbox 1312 1406 1456 1439; x_wconf 88' lang='lat' dir='ltr'>quorum</span> <span class='ocrx_word' id='word_1_337' title='bbox 1478 1395 1578 1438; x_wconf 86' lang='lat' dir='ltr'>pellis</span> <span class='ocrx_word' id='word_1_338' title='bbox 1602 1406 1647 1428; x_wconf 83' lang='lat' dir='ltr'>ex</span> 
     </span>
     <span class='ocr_line' id='line_1_63' title="bbox 927 1447 1646 1491; baseline -0.003 -10"><span class='ocrx_word' id='word_1_339' title='bbox 927 1449 1050 1491; x_wconf 86' lang='lat' dir='ltr'>sagina</span> <span class='ocrx_word' id='word_1_340' title='bbox 1065 1448 1222 1481; x_wconf 88' lang='lat' dir='ltr'>distenta</span> <span class='ocrx_word' id='word_1_341' title='bbox 1234 1448 1409 1491; x_wconf 85' lang='lat' dir='ltr'>splendet.</span> <span class='ocrx_word' id='word_1_342' title='bbox 1456 1447 1585 1480; x_wconf 82' lang='lat' dir='ltr'>Hausit</span> <span class='ocrx_word' id='word_1_343' title='bbox 1601 1456 1646 1479; x_wconf 85' lang='lat' dir='ltr'>ex</span> 
     </span>
     <span class='ocr_line' id='line_1_64' title="bbox 927 1499 1646 1543; baseline -0.001 -11"><span class='ocrx_word' id='word_1_344' title='bbox 927 1499 1087 1541; x_wconf 84' lang='lat' dir='ltr'>Virgilio,</span> <span class='ocrx_word' id='word_1_345' title='bbox 1102 1499 1161 1543; x_wconf 89' lang='lat' dir='ltr'>qui</span> <span class='ocrx_word' id='word_1_346' title='bbox 1175 1500 1226 1532; x_wconf 87' lang='lat' dir='ltr'>sic</span> <span class='ocrx_word' id='word_1_347' title='bbox 1243 1499 1318 1532; x_wconf 87' lang='lat' dir='ltr'>AEn.</span> <span class='ocrx_word' id='word_1_348' title='bbox 1334 1509 1392 1532; x_wconf 80' lang='grc' dir='ltr'><strong>ιιι.</strong></span> <span class='ocrx_word' id='word_1_349' title='bbox 1414 1500 1424 1517; x_wconf 80' lang='lat'><strong><em>⁴</em></strong></span> <span class='ocrx_word' id='word_1_350' title='bbox 1442 1500 1646 1542; x_wconf 70' lang='lat' dir='ltr'>Super-oque</span> 
     </span>
     <span class='ocr_line' id='line_1_65' title="bbox 926 1549 1646 1592; baseline -0.001 -9"><span class='ocrx_word' id='word_1_351' title='bbox 926 1550 1098 1584; x_wconf 87' lang='lat' dir='ltr'>nitentem</span> <span class='ocrx_word' id='word_1_352' title='bbox 1121 1551 1323 1583; x_wconf 83' lang='lat' dir='ltr'>Coelicolum</span> <span class='ocrx_word' id='word_1_353' title='bbox 1347 1550 1422 1592; x_wconf 86' lang='lat' dir='ltr'>regi</span> <span class='ocrx_word' id='word_1_354' title='bbox 1448 1549 1646 1583; x_wconf 83' lang='lat' dir='ltr'>mactabam</span> 
     </span>
     <span class='ocr_line' id='line_1_66' title="bbox 926 1600 1646 1643; baseline -0.001 -9"><span class='ocrx_word' id='word_1_355' title='bbox 926 1601 963 1634; x_wconf 92' lang='lat' dir='ltr'>in</span> <span class='ocrx_word' id='word_1_356' title='bbox 987 1602 1104 1635; x_wconf 89' lang='lat' dir='ltr'>littore</span> <span class='ocrx_word' id='word_1_357' title='bbox 1131 1601 1292 1634; x_wconf 87' lang='lat' dir='ltr'>taurum.’</span> <span class='ocrx_word' id='word_1_358' title='bbox 1314 1600 1420 1641; x_wconf 81' lang='lat' dir='ltr'>Schef.</span> <span class='ocrx_word' id='word_1_359' title='bbox 1464 1602 1503 1634; x_wconf 91' lang='lat' dir='ltr'>C.</span> <span class='ocrx_word' id='word_1_360' title='bbox 1525 1602 1646 1643; x_wconf 80' lang='lat' dir='ltr'>Nepos</span> 
     </span>
     <span class='ocr_line' id='line_1_67' title="bbox 926 1651 1646 1688; baseline -0.003 -2"><span class='ocrx_word' id='word_1_361' title='bbox 926 1654 1027 1686; x_wconf 87' lang='lat' dir='ltr'>Eum.</span> <span class='ocrx_word' id='word_1_362' title='bbox 1041 1657 1074 1687; x_wconf 75' lang='lat'>6.</span> <span class='ocrx_word' id='word_1_363' title='bbox 1093 1653 1104 1672; x_wconf 79' lang='lat'><strong><em>⁴</em></strong></span> <span class='ocrx_word' id='word_1_364' title='bbox 1118 1654 1283 1688; x_wconf 86' lang='lat' dir='ltr'>Jumenta</span> <span class='ocrx_word' id='word_1_365' title='bbox 1298 1651 1434 1685; x_wconf 86' lang='lat' dir='ltr'>nitida.’</span> <span class='ocrx_word' id='word_1_366' title='bbox 1478 1652 1548 1685; x_wconf 90' lang='lat' dir='ltr'>Ubi</span> <span class='ocrx_word' id='word_1_367' title='bbox 1566 1652 1646 1684; x_wconf 85' lang='lat' dir='ltr'>vide</span> 
     </span>
     <span class='ocr_line' id='line_1_68' title="bbox 927 1703 1647 1738; baseline -0.001 -1"><span class='ocrx_word' id='word_1_368' title='bbox 927 1704 1163 1738; x_wconf 83' lang='lat' dir='ltr'>Gebhardum.</span> <span class='ocrx_word' id='word_1_369' title='bbox 1208 1703 1315 1737; x_wconf 83' lang='lat' dir='ltr'>ovid.</span> <span class='ocrx_word' id='word_1_370' title='bbox 1331 1705 1422 1737; x_wconf 89' lang='lat' dir='ltr'>Met.</span> <span class='ocrx_word' id='word_1_371' title='bbox 1434 1713 1459 1736; x_wconf 89' lang='lat'>1.</span> <span class='ocrx_word' id='word_1_372' title='bbox 1474 1707 1550 1737; x_wconf 84' lang='lat'>61⁰.</span> <span class='ocrx_word' id='word_1_373' title='bbox 1564 1703 1647 1736; x_wconf 90' lang='lat' dir='ltr'>‘In-</span> 
     </span>
     <span class='ocr_line' id='line_1_69' title="bbox 926 1756 1647 1800; baseline -0.001 -10"><span class='ocrx_word' id='word_1_374' title='bbox 926 1766 995 1800; x_wconf 88' lang='lat' dir='ltr'>que</span> <span class='ocrx_word' id='word_1_375' title='bbox 1009 1757 1180 1790; x_wconf 89' lang='lat' dir='ltr'>nitentem</span> <span class='ocrx_word' id='word_1_376' title='bbox 1197 1756 1385 1790; x_wconf 87' lang='lat' dir='ltr'>Inachidos</span> <span class='ocrx_word' id='word_1_377' title='bbox 1403 1757 1520 1789; x_wconf 86' lang='lat' dir='ltr'>vultus</span> <span class='ocrx_word' id='word_1_378' title='bbox 1536 1761 1647 1789; x_wconf 85' lang='lat' dir='ltr'>muta-</span> 
     </span>
     <span class='ocr_line' id='line_1_70' title="bbox 927 1807 1645 1851; baseline -0.001 -10"><span class='ocrx_word' id='word_1_379' title='bbox 927 1813 1026 1842; x_wconf 86' lang='lat' dir='ltr'>verat</span> <span class='ocrx_word' id='word_1_380' title='bbox 1051 1809 1109 1841; x_wconf 90' lang='lat' dir='ltr'>ille</span> <span class='ocrx_word' id='word_1_381' title='bbox 1129 1807 1340 1851; x_wconf 65' lang='lat' dir='ltr'>juvencam!</span> <span class='ocrx_word' id='word_1_382' title='bbox 1382 1807 1645 1841; x_wconf 81' lang='lat' dir='ltr'>Vid.1.ambin.</span> 
     </span>
     <span class='ocr_line' id='line_1_71' title="bbox 926 1858 1643 1893; baseline -0.001 -1"><span class='ocrx_word' id='word_1_383' title='bbox 926 1859 971 1892; x_wconf 90' lang='lat' dir='ltr'>ad</span> <span class='ocrx_word' id='word_1_384' title='bbox 995 1860 1122 1893; x_wconf 88' lang='lat' dir='ltr'>Horat.</span> <span class='ocrx_word' id='word_1_385' title='bbox 1147 1858 1361 1892; x_wconf 80' lang='lat' dir='ltr'>Od.n1.12.</span> <span class='ocrx_word' id='word_1_386' title='bbox 1387 1863 1425 1892; x_wconf 91' lang='lat' dir='ltr'>et</span> <span class='ocrx_word' id='word_1_387' title='bbox 1450 1859 1574 1892; x_wconf 88' lang='lat' dir='ltr'>Weitz.</span> <span class='ocrx_word' id='word_1_388' title='bbox 1597 1859 1643 1892; x_wconf 86' lang='lat' dir='ltr'>ad</span> 
     </span>
     <span class='ocr_line' id='line_1_72' title="bbox 925 1911 1380 1954; baseline -0.002 -10"><span class='ocrx_word' id='word_1_389' title='bbox 925 1912 1072 1944; x_wconf 89' lang='lat' dir='ltr'>Petron.</span> <span class='ocrx_word' id='word_1_390' title='bbox 1085 1921 1164 1954; x_wconf 90' lang='lat' dir='ltr'>cap.</span> <span class='ocrx_word' id='word_1_391' title='bbox 1180 1913 1233 1944; x_wconf 89' lang='lat' dir='ltr'>ll.</span> <span class='ocrx_word' id='word_1_392' title='bbox 1261 1911 1380 1944; x_wconf 85' lang='lat' dir='ltr'>Burm.</span> 
     </span>
    </p>

    <p class='ocr_par' dir='ltr' id='par_1_17' title="bbox 923 1961 1642 2157">
     <span class='ocr_line' id='line_1_73' title="bbox 968 1961 1642 2004; baseline 0 -10"><span class='ocrx_word' id='word_1_393' title='bbox 968 1965 988 1994; x_wconf 84' lang='lat'><strong>5</strong></span> <span class='ocrx_word' id='word_1_394' title='bbox 1017 1962 1135 1994; x_wconf 79' lang='lat' dir='ltr'>Fecisti</span> <span class='ocrx_word' id='word_1_395' title='bbox 1160 1965 1287 1994; x_wconf 78' lang='lat' dir='ltr'>tantum</span> <span class='ocrx_word' id='word_1_396' title='bbox 1318 1961 1474 2004; x_wconf 72' lang='lat' dir='ltr'>corporis]</span> <span class='ocrx_word' id='word_1_397' title='bbox 1510 1961 1642 1995; x_wconf 82' lang='lat' dir='ltr'>Notan-</span> 
     </span>
     <span class='ocr_line' id='line_1_74' title="bbox 925 2012 1642 2055; baseline 0.003 -11"><span class='ocrx_word' id='word_1_398' title='bbox 925 2012 1019 2051; x_wconf 90' lang='lat' dir='ltr'>dum,</span> <span class='ocrx_word' id='word_1_399' title='bbox 1037 2012 1150 2052; x_wconf 81' lang='lat' dir='ltr'>sucere</span> <span class='ocrx_word' id='word_1_400' title='bbox 1163 2022 1286 2055; x_wconf 78' lang='lat' dir='ltr'>corpus,</span> <span class='ocrx_word' id='word_1_401' title='bbox 1310 2022 1387 2055; x_wconf 87' lang='lat' dir='ltr'>pro,</span> <span class='ocrx_word' id='word_1_402' title='bbox 1406 2013 1642 2054; x_wconf 87' lang='lat' dir='ltr'>corpulentio-</span> 
     </span>
     <span class='ocr_line' id='line_1_75' title="bbox 925 2062 1642 2106; baseline 0.003 -12"><span class='ocrx_word' id='word_1_403' title='bbox 925 2072 999 2095; x_wconf 91' lang='lat' dir='ltr'>rem</span> <span class='ocrx_word' id='word_1_404' title='bbox 1009 2067 1047 2096; x_wconf 87' lang='lat' dir='ltr'>et</span> <span class='ocrx_word' id='word_1_405' title='bbox 1055 2063 1261 2096; x_wconf 87' lang='lat' dir='ltr'>habitiorem</span> <span class='ocrx_word' id='word_1_406' title='bbox 1274 2062 1372 2095; x_wconf 87' lang='lat' dir='ltr'>fieri:</span> <span class='ocrx_word' id='word_1_407' title='bbox 1398 2063 1491 2106; x_wconf 90' lang='lat' dir='ltr'>quod</span> <span class='ocrx_word' id='word_1_408' title='bbox 1505 2063 1642 2096; x_wconf 87' lang='lat' dir='ltr'>etiamsi</span> 
     </span>
     <span class='ocr_line' id='line_1_76' title="bbox 923 2108 1642 2157; baseline 0.003 -11"><span class='ocrx_word' id='word_1_409' title='bbox 923 2114 998 2147; x_wconf 89' lang='lat' dir='ltr'>sine</span> <span class='ocrx_word' id='word_1_410' title='bbox 1013 2115 1173 2157; x_wconf 88' lang='lat' dir='ltr'>exemplo</span> <span class='ocrx_word' id='word_1_411' title='bbox 1191 2118 1293 2157; x_wconf 88' lang='lat' dir='ltr'>putat</span> <span class='ocrx_word' id='word_1_412' title='bbox 1315 2108 1642 2157; x_wconf 73' lang='lat' dir='ltr'>Rittershusius‚&#39;ta-</span> 
     </span>
    </p>
   </div>
   <div class='ocr_carea' id='block_1_9' title="bbox 899 2159 1641 2208">
    <p class='ocr_par' dir='ltr' id='par_1_18' title="bbox 899 2159 1641 2208">
     <span class='ocr_line' id='line_1_77' title="bbox 899 2159 1641 2208; baseline 0.001 -10"><span class='ocrx_word' id='word_1_413' title='bbox 899 2159 1003 2198; x_wconf 69' lang='lat' dir='ltr'>⁴men</span> <span class='ocrx_word' id='word_1_414' title='bbox 1036 2166 1200 2198; x_wconf 86' lang='lat' dir='ltr'>nonnulla</span> <span class='ocrx_word' id='word_1_415' title='bbox 1230 2175 1368 2207; x_wconf 87' lang='lat' dir='ltr'>possum</span> <span class='ocrx_word' id='word_1_416' title='bbox 1400 2165 1560 2208; x_wconf 81' lang='lat' dir='ltr'>proferre</span> <span class='ocrx_word' id='word_1_417' title='bbox 1591 2167 1641 2199; x_wconf 88' lang='lat' dir='ltr'>ita</span> 
     </span>
    </p>
   </div>
   <div class='ocr_carea' id='block_1_10' title="bbox 920 2216 1641 2875">
    <p class='ocr_par' dir='ltr' id='par_1_19' title="bbox 920 2216 1641 2875">
     <span class='ocr_line' id='line_1_78' title="bbox 924 2216 1638 2259; baseline 0.006 -11"><span class='ocrx_word' id='word_1_418' title='bbox 924 2216 1062 2258; x_wconf 86' lang='lat' dir='ltr'>similia,</span> <span class='ocrx_word' id='word_1_419' title='bbox 1077 2220 1117 2249; x_wconf 91' lang='lat' dir='ltr'>ut</span> <span class='ocrx_word' id='word_1_420' title='bbox 1133 2226 1297 2259; x_wconf 84' lang='lat' dir='ltr'>germana</span> <span class='ocrx_word' id='word_1_421' title='bbox 1319 2226 1395 2250; x_wconf 88' lang='lat' dir='ltr'>esse</span> <span class='ocrx_word' id='word_1_422' title='bbox 1407 2217 1515 2252; x_wconf 86' lang='lat' dir='ltr'>dicas.</span> <span class='ocrx_word' id='word_1_423' title='bbox 1558 2218 1638 2252; x_wconf 83' lang='lat' dir='ltr'>Jam</span> 
     </span>
     <span class='ocr_line' id='line_1_79' title="bbox 924 2267 1641 2312; baseline 0.004 -13"><span class='ocrx_word' id='word_1_424' title='bbox 924 2267 1072 2309; x_wconf 83' lang='lat' dir='ltr'>primum</span> <span class='ocrx_word' id='word_1_425' title='bbox 1086 2277 1165 2300; x_wconf 90' lang='lat' dir='ltr'>cum</span> <span class='ocrx_word' id='word_1_426' title='bbox 1183 2267 1308 2300; x_wconf 87' lang='lat' dir='ltr'>Cicero</span> <span class='ocrx_word' id='word_1_427' title='bbox 1322 2267 1359 2300; x_wconf 88' lang='lat' dir='ltr'>in</span> <span class='ocrx_word' id='word_1_428' title='bbox 1374 2268 1521 2301; x_wconf 82' lang='lat' dir='ltr'>Verrem</span> <span class='ocrx_word' id='word_1_429' title='bbox 1538 2269 1641 2312; x_wconf 84' lang='lat' dir='ltr'>dixit,</span> 
     </span>
     <span class='ocr_line' id='line_1_80' title="bbox 922 2318 1638 2360; baseline 0.004 -9"><span class='ocrx_word' id='word_1_430' title='bbox 922 2320 932 2335; x_wconf 89' lang='lat'>‘</span> <span class='ocrx_word' id='word_1_431' title='bbox 944 2318 1136 2351; x_wconf 87' lang='lat' dir='ltr'>Maximam</span> <span class='ocrx_word' id='word_1_432' title='bbox 1148 2326 1311 2351; x_wconf 86' lang='lat' dir='ltr'>unoanno</span> <span class='ocrx_word' id='word_1_433' title='bbox 1324 2319 1506 2360; x_wconf 88' lang='lat' dir='ltr'>pecuniam</span> <span class='ocrx_word' id='word_1_434' title='bbox 1519 2319 1638 2354; x_wconf 84' lang='lat' dir='ltr'>facere</span> 
     </span>
     <span class='ocr_line' id='line_1_81' title="bbox 924 2369 1638 2414; baseline 0.004 -12"><span class='ocrx_word' id='word_1_435' title='bbox 924 2369 1070 2412; x_wconf 80' lang='lat' dir='ltr'>posset‚’</span> <span class='ocrx_word' id='word_1_436' title='bbox 1085 2369 1169 2413; x_wconf 88' lang='lat' dir='ltr'>quid</span> <span class='ocrx_word' id='word_1_437' title='bbox 1194 2380 1312 2414; x_wconf 82' lang='lat' dir='ltr'>quaeso</span> <span class='ocrx_word' id='word_1_438' title='bbox 1326 2370 1375 2403; x_wconf 90' lang='lat' dir='ltr'>ibi</span> <span class='ocrx_word' id='word_1_439' title='bbox 1382 2370 1494 2411; x_wconf 79' lang='lat' dir='ltr'>facere</span> <span class='ocrx_word' id='word_1_440' title='bbox 1507 2371 1638 2414; x_wconf 82' lang='lat' dir='ltr'>signifi-</span> 
     </span>
     <span class='ocr_line' id='line_1_82' title="bbox 923 2422 1639 2464; baseline 0.003 -10"><span class='ocrx_word' id='word_1_441' title='bbox 923 2425 993 2463; x_wconf 86' lang='lat' dir='ltr'>cat,</span> <span class='ocrx_word' id='word_1_442' title='bbox 1022 2431 1125 2464; x_wconf 88' lang='lat' dir='ltr'>quam</span> <span class='ocrx_word' id='word_1_443' title='bbox 1155 2431 1334 2464; x_wconf 78' lang='lat' dir='ltr'>aggerare,</span> <span class='ocrx_word' id='word_1_444' title='bbox 1362 2422 1515 2464; x_wconf 89' lang='lat' dir='ltr'>undique</span> <span class='ocrx_word' id='word_1_445' title='bbox 1543 2423 1639 2456; x_wconf 91' lang='lat' dir='ltr'>colli-</span> 
     </span>
     <span class='ocr_line' id='line_1_83' title="bbox 923 2472 1638 2515; baseline 0.003 -10"><span class='ocrx_word' id='word_1_446' title='bbox 923 2473 1030 2515; x_wconf 84' lang='lat' dir='ltr'>gere?</span> <span class='ocrx_word' id='word_1_447' title='bbox 1074 2472 1182 2512; x_wconf 88' lang='lat' dir='ltr'>Dein,</span> <span class='ocrx_word' id='word_1_448' title='bbox 1195 2482 1274 2504; x_wconf 91' lang='lat' dir='ltr'>cum</span> <span class='ocrx_word' id='word_1_449' title='bbox 1288 2472 1524 2506; x_wconf 83' lang='lat' dir='ltr'>Quintilianus</span> <span class='ocrx_word' id='word_1_450' title='bbox 1534 2473 1638 2515; x_wconf 83' lang='lat' dir='ltr'>longe</span> 
     </span>
     <span class='ocr_line' id='line_1_84' title="bbox 922 2522 1636 2566; baseline 0.001 -10"><span class='ocrx_word' id='word_1_451' title='bbox 922 2522 1185 2556; x_wconf 84' lang='lat' dir='ltr'>florentissimus</span> <span class='ocrx_word' id='word_1_452' title='bbox 1211 2529 1336 2556; x_wconf 83' lang='lat' dir='ltr'>auctor</span> <span class='ocrx_word' id='word_1_453' title='bbox 1360 2524 1504 2566; x_wconf 84' lang='lat' dir='ltr'>scripsit</span> <span class='ocrx_word' id='word_1_454' title='bbox 1527 2524 1587 2557; x_wconf 89' lang='lat' dir='ltr'>lib.</span> <span class='ocrx_word' id='word_1_455' title='bbox 1601 2533 1636 2566; x_wconf 72' lang='lat' dir='ltr'>x,</span> 
     </span>
     <span class='ocr_line' id='line_1_85' title="bbox 923 2573 1637 2616; baseline 0.004 -11"><span class='ocrx_word' id='word_1_456' title='bbox 923 2584 955 2606; x_wconf 87' lang='lat' dir='ltr'>c.</span> <span class='ocrx_word' id='word_1_457' title='bbox 981 2576 1014 2606; x_wconf 79' lang='lat'>3.</span> <span class='ocrx_word' id='word_1_458' title='bbox 1045 2575 1055 2593; x_wconf 91' lang='lat'>‘</span> <span class='ocrx_word' id='word_1_459' title='bbox 1074 2574 1174 2606; x_wconf 87' lang='lat' dir='ltr'>Vires</span> <span class='ocrx_word' id='word_1_460' title='bbox 1204 2573 1371 2606; x_wconf 82' lang='lat' dir='ltr'>faciamus</span> <span class='ocrx_word' id='word_1_461' title='bbox 1398 2578 1479 2608; x_wconf 89' lang='lat' dir='ltr'>ante</span> <span class='ocrx_word' id='word_1_462' title='bbox 1508 2576 1637 2616; x_wconf 87' lang='lat' dir='ltr'>omnia,</span> 
     </span>
     <span class='ocr_line' id='line_1_86' title="bbox 921 2623 1638 2668; baseline 0.003 -12"><span class='ocrx_word' id='word_1_463' title='bbox 921 2634 999 2668; x_wconf 76' lang='lat' dir='ltr'>quae</span> <span class='ocrx_word' id='word_1_464' title='bbox 1029 2623 1204 2658; x_wconf 88' lang='lat' dir='ltr'>sufficiant</span> <span class='ocrx_word' id='word_1_465' title='bbox 1238 2625 1350 2657; x_wconf 87' lang='lat' dir='ltr'>labori</span> <span class='ocrx_word' id='word_1_466' title='bbox 1386 2626 1638 2667; x_wconf 87' lang='lat' dir='ltr'>certaminum,&#39;</span> 
     </span>
     <span class='ocr_line' id='line_1_87' title="bbox 922 2675 1635 2718; baseline 0.004 -11"><span class='ocrx_word' id='word_1_467' title='bbox 922 2675 1003 2718; x_wconf 89' lang='lat' dir='ltr'>quid</span> <span class='ocrx_word' id='word_1_468' title='bbox 1019 2675 1110 2708; x_wconf 89' lang='lat' dir='ltr'>aliud</span> <span class='ocrx_word' id='word_1_469' title='bbox 1127 2675 1309 2718; x_wconf 80' lang='lat' dir='ltr'>significat,</span> <span class='ocrx_word' id='word_1_470' title='bbox 1329 2676 1406 2718; x_wconf 89' lang='lat' dir='ltr'>nisi,</span> <span class='ocrx_word' id='word_1_471' title='bbox 1429 2677 1519 2709; x_wconf 80' lang='lat' dir='ltr'>vires</span> <span class='ocrx_word' id='word_1_472' title='bbox 1536 2677 1635 2710; x_wconf 89' lang='lat' dir='ltr'>nobis</span> 
     </span>
     <span class='ocr_line' id='line_1_88' title="bbox 921 2728 1636 2770; baseline 0.003 -11"><span class='ocrx_word' id='word_1_473' title='bbox 921 2737 1094 2770; x_wconf 88' lang='lat' dir='ltr'>paremus,</span> <span class='ocrx_word' id='word_1_474' title='bbox 1105 2728 1319 2769; x_wconf 83' lang='lat' dir='ltr'>colligamus,</span> <span class='ocrx_word' id='word_1_475' title='bbox 1333 2730 1400 2761; x_wconf 73' lang='grc' dir='ltr'><strong>διο.</strong></span> <span class='ocrx_word' id='word_1_476' title='bbox 1414 2729 1426 2760; x_wconf 83' lang='lat'><em>?</em></span> <span class='ocrx_word' id='word_1_477' title='bbox 1453 2728 1636 2762; x_wconf 85' lang='lat' dir='ltr'>Praeterea</span> 
     </span>
     <span class='ocr_line' id='line_1_89' title="bbox 920 2778 1634 2822; baseline 0.001 -11"><span class='ocrx_word' id='word_1_478' title='bbox 920 2779 970 2812; x_wconf 87' lang='lat' dir='ltr'>ita</span> <span class='ocrx_word' id='word_1_479' title='bbox 991 2779 1126 2812; x_wconf 87' lang='lat' dir='ltr'>locutos</span> <span class='ocrx_word' id='word_1_480' title='bbox 1153 2788 1228 2811; x_wconf 85' lang='lat' dir='ltr'>esse</span> <span class='ocrx_word' id='word_1_481' title='bbox 1254 2778 1399 2812; x_wconf 82' lang='lat' dir='ltr'>Graecos</span> <span class='ocrx_word' id='word_1_482' title='bbox 1426 2779 1508 2822; x_wconf 72' lang='lat' dir='ltr'>mihi</span> <span class='ocrx_word' id='word_1_483' title='bbox 1532 2781 1634 2822; x_wconf 85' lang='lat' dir='ltr'>plane</span> 
     </span>
     <span class='ocr_line' id='line_1_90' title="bbox 920 2829 1635 2875; baseline 0.003 -11"><span class='ocrx_word' id='word_1_484' title='bbox 920 2834 1069 2873; x_wconf 84' lang='lat' dir='ltr'>constat,</span> <span class='ocrx_word' id='word_1_485' title='bbox 1104 2829 1196 2873; x_wconf 86' lang='lat' dir='ltr'>apud</span> <span class='ocrx_word' id='word_1_486' title='bbox 1225 2840 1311 2875; x_wconf 89' lang='lat' dir='ltr'>quos</span> <span class='ocrx_word' id='word_1_487' title='bbox 1346 2829 1386 2864; x_wconf 78' lang='grc' dir='ltr'>τὸ</span> <span class='ocrx_word' id='word_1_488' title='bbox 1410 2833 1635 2872; x_wconf 79' lang='grc' dir='ltr'>σωματοπυιεΐν</span> 
     </span>
    </p>
   </div>
  </div>
 </body>
</html>
