1806 3236
458 199 725 234 ascensus
758 200 1047 232 Em‘rloNUM
1085 200 1309 235 rnAEnm.
1543 191 1631 237 721

142 301 381 351 mim.
397 302 572 344 historiis
600 303 859 344 miscellaneis
893 303 1127 352 instructus,
1146 303 1251 346 notis
1284 302 1536 344 Germanicis
1564 317 1633 344 ex·

141 367 333 422 putatus,
350 368 510 409 duobus
529 370 731 410 Indicibus
745 370 1028 423 locupletatus,
1048 370 1212 422 aliisque
1229 370 1530 410 accessionibus
1543 371 1634 424 plu·

138 432 252 474 ribus
264 431 425 484 ductus,
442 435 481 474 in
501 448 615 474 usum
637 435 864 488 Paedagogii
876 436 1082 488 Mar-burg.
1100 435 1246 484 editus,
1265 449 1289 475 a
1307 436 1372 476 Jo.
1393 436 1513 489 Casp.
1531 438 1631 477 San—

142 505 324 540 torocco.
344 500 566 553 Marburgi,
586 501 689 553 typis
709 507 750 540 et
769 500 960 554 impensis
977 501 1075 541 Phil.
1098 501 1243 541 Casim.
1265 501 1438 541 Miilleri.
1460 507 1500 543 8.

193 587 250 597 --
269 565 428 605 Phaedri
442 566 620 614 Fabulae,
633 579 726 606 cum
741 566 881 607 Aviani
891 566 1019 608 Fabb.
1035 573 1076 607 et
1089 567 1194 608 notis
1210 568 1508 620 Hoogstratani,
1519 568 1629 609 alior.

138 629 470 735 Pngvll’bssfirus,
481 700 530 726 ex
545 685 610 727 ed.
626 686 754 727 Mich.
775 687 1000 728 Maittairii.
1021 687 1205 736 Londini,
1223 701 1272 729 ex
1291 687 1396 728 offic.
1416 689 1506 729 Jac.
1519 689 1629 728 Ton-

140 763 215 792 son
233 756 275 792 et
297 751 363 792 Jo.
384 752 526 792 Watts.
550 753 871 806 12.-—Repetitio
891 753 955 793 ed.
982 758 1100 800 1713.
1213 803 1218 805 α

193 839 250 848 —-
277 817 440 858 Phaedri
469 818 706 858 Fabularum
730 819 840 860 Libri
872 832 916 859 v.
941 833 1034 859 cum
1060 819 1384 874 interpretatione
1412 818 1632 872 Anglicana

140 882 336 936 'praxique
354 883 651 934 grammaticali.
707 885 845 936 Opera
863 885 918 925 N.
940 885 1091 939 Bailey.
1120 885 1306 926 Londini.
1329 892 1368 926 8.
1624 939 1630 942 χ

189 953 300 995 1722
320 947 475 988 Ibidem
493 948 625 989 denuo
645 950 759 1002 prelo
779 950 966 1002 subjecta
984 951 1091 991 Petr.
1109 951 1253 992 Daneti
1271 950 1411 991 editio.
1434 956 1456 991 8
1478 950 1575 1004 maj.

190 1035 248 1044 -·-
264 1013 479 1062 Phaedrus,
502 1028 591 1055 cum
612 1016 716 1055 notis
730 1017 872 1056 Germ.
898 1017 1027 1058 Halae.
1053 1024 1116 1059 12.

195 1085 298 1126 1723
320 1080 668 1133 ΡὴωᾱτίγΕοὺυΙεε
701 1089 742 1124 et
772 1084 819 1124 P.
839 1083 928 1136 Syri
955 1083 1185 1131 Sententiae,
1212 1083 1288 1123 hac
1319 1087 1430 1122 sexta
1456 1081 1631 1134 editione

134 1145 349 1194 auctiores,
385 1160 477 1186 cum
511 1147 615 1187 notis
649 1154 691 1188 et
710 1149 1056 1190 emendationibus
1080 1150 1187 1190 Tan.
1225 1148 1356 1188 Fabri.
1387 1147 1560 1188 Accedit
1589 1152 1630 1188 et

133 1210 298 1253 Gallica
314 1212 460 1264 versio,
481 1213 564 1254 fere
587 1214 639 1254 de
667 1229 772 1256 novo
792 1215 943 1257 reficta.
975 1214 1275 1265 Amstelodami‚
1295 1227 1363 1267 ap.
1389 1215 1495 1255 Dav·
1514 1213 1626 1254 Paul.

130 1277 296 1319 Mutet.
317 1285 359 1320 8.
385 1309 390 1314 ,
1275 1318 1277 1320 ,

150 1378 154 1381 .
189 1347 297 1389 1724
328 1344 538 1396 Phaedrus,
570 1360 666 1387 cura
687 1348 751 1388 Jo.
774 1348 928 1401 Georg.
963 1347 1148 1396 Walchii,
1177 1347 1229 1388 ad
1256 1346 1422 1387 modum
1442 1344 1628 1386 Minellii.

132 1407 267 1448 Editio
287 1419 343 1450 11.
372 1410 532 1463 Lipsiae.
557 1419 622 1454 12.

191 1479 295 1520 1725
317 1474 475 1515 Phaedri
494 1477 661 1518 Fabulae
680 1483 724 1518 et
740 1477 786 1518 P.
816 1478 905 1528 Syri
926 1477 1042 1515 Mimi
1067 1477 1291 1526 Sententiae,
1311 1477 1388 1516 hac
1415 1481 1529 1516 sexta
1548 1476 1630 1516 edi-

131 1537 237 1579 tione
254 1539 468 1586 auctiores,
486 1542 566 1579 διο.
587 1541 683 1580 utin
702 1540 768 1581 ed.
794 1546 912 1586 1723.
934 1541 1063 1592 Hagae
1084 1541 1198 1581 Com.
1219 1554 1283 1593 ap.
1303 1542 1410 1580 Petr.
1431 1541 1574 1581 Gosse.
1588 1547 1627 1582 8.

185 1625 240 1634 ·--
255 1603 467 1653 Phaedrus,
483 1618 575 1645 cum
595 1605 775 1645 versione
794 1606 902 1645 Gan.
922 1606 973 1646 R.
986 1606 1166 1646 Prevost.
1185 1605 1362 1645 Parisiis.
1386 1605 1627 1648 12.—Conf.

129 1681 196 1711 αἱ.
219 1674 340 1716 1734.
598 1708 601 1709 γ

190 1734 296 1780 1726
327 1735 571 1789 P2Terentii
595 1735 684 1776 Afri
704 1736 938 1785 Comoedias,
969 1735 1127 1776 Phaedri
1160 1735 1322 1776 Fabulae
1355 1736 1546 1790 AEsopiae,
1578 1737 1626 1777 P.

130 1798 220 1853 Syri
249 1806 290 1841 et
319 1800 490 1842 aliorum
517 1807 695 1842 veterum
730 1802 959 1849 Sententiae,
994 1815 1043 1841 ex
1080 1801 1308 1841 recensione
1328 1807 1370 1841 et
1399 1815 1491 1841 cum
1522 1803 1625 1843 notis

129 1864 249 1907 Rich.
270 1867 450 1909 Bentleii.
472 1868 757 1921 Cantabrigiae,
778 1868 886 1921 apud
901 1868 1021 1908 Corn.
1038 1867 1293 1908 Crownfield.
1309 1873 1336 1907 4
1355 1867 1626 1919 maj.--Basin

125 1930 162 1971 is
181 1930 345 1984 quidem
362 1931 458 1973 fecit
475 1939 627 1973 textum
645 1946 670 1973 a
695 1935 922 1973 Burmanno
954 1934 996 1973 in
1015 1935 1080 1974 ed.
1109 1939 1229 1980 1718.
1250 1933 1523 1981 constitutum,
1555 1933 1625 1978 sed

124 2008 219 2036 eum
239 1997 459 2051 saepissime
475 1999 655 2047 mutavit,
687 1999 836 2039 ratione
854 2000 895 2039 in
924 2000 1028 2040 notis
1052 1999 1147 2039 satis
1174 1999 1424 2052 imperatorie
1452 1999 1622 2042 reddita.

128 2062 180 2102 In
195 2075 276 2115 quo
294 2076 386 2104 cum
407 2064 596 2105 audacius
616 2066 739 2117 egisse
755 2066 970 2114 videretur,
992 2079 1058 2106 eas
1074 2065 1340 2106 correctiones
1360 2065 1436 2104 sub
1457 2078 1623 2107 examen

127 2135 308 2169 severum
325 2131 482 2171 vocavit
502 2132 734 2185 Anonymus
754 2133 906 2184 (Franc.
937 2132 1062 2181 Hare)
1086 2131 1125 2170 in
1161 2131 1290 2184 Epist.
1317 2131 1480 2181 Critica,
1503 2145 1620 2185 quam

125 2205 291 2247 quoque
327 2196 630 2237 Burmannianae
657 2211 771 2238 novae
802 2211 864 2237 an.
887 2211 970 2250 seq.
993 2197 1215 2249 subjectam
1244 2197 1365 2249 legaS.
1393 2196 1533 2237 Eidem
1552 2196 1622 2238 au·

129 2257 256 2299 daciae
284 2260 453 2300 Bentleii
482 2262 631 2303 criticae
661 2262 927 2303 adversariam
957 2263 1164 2304 constituit
1194 2264 1438 2302 Burmannus
1470 2262 1619 2303 Praefa-

126 2323 274 2366 tionem
293 2339 407 2367 novae
427 2327 532 2367 illins
552 2328 752 2369 editionis.
811 2329 996 2381 Repetita
1015 2331 1147 2369 Amst.
1172 2335 1290 2377 1727.

181 2392 410 2432 -Phaedri
430 2393 669 2434 Fabularum
695 2396 831 2447 AEsop.
854 2395 961 2435 Libri
981 2406 1023 2434 v,
1050 2396 1383 2448 Interpretatione
1399 2401 1440 2436 et
1455 2394 1557 2436 notis
1574 2394 1620 2434 il-

127 2458 310 2499 lustravit
324 2458 433 2500 Petr.
451 2460 657 2500 Danetius.
677 2461 799 2500 Nova
817 2459 938 2500 editio
957 2461 1177 2509 emendata,
1201 2462 1316 2501 Notis
1332 2460 1616 2510 selectissimis‚

125 2524 364 2578 Appendice
384 2525 434 2564 ad
468 2525 651 2576 ejusdem
670 2524 840 2573 fabulas,
862 2525 993 2565 Publii
1014 2526 1103 2578 Syri
1131 2526 1377 2580 aliorumque
1400 2525 1616 2566 Sententiis

127 2596 244 2631 aucta
263 2593 365 2642 (cur.
386 2591 433 2630 P.
455 2591 617 2641 Fabro.)
644 2591 813 2640 Parisiis,
831 2591 940 2645 apud
961 2592 1133 2631 Barbou.
1148 2598 1188 2631 4.

183 2662 288 2704 1727
342 2658 559 2697 Burmanni
596 2669 659 2698 lv.
698 2657 857 2699 Phaedri
893 2660 998 2710 Aug.
1026 2657 1176 2698 Liberti
1208 2658 1447 2698 Fabularum
1480 2658 1614 2711 AEsop.

129 2722 237 2763 Libri
257 2733 300 2763 v,
319 2736 410 2763 cum
427 2738 530 2764 novo
549 2725 832 2767 commentario
847 2724 955 2765 Petri
969 2723 1199 2766 Burmanni.
1217 2723 1364 2775 Leidae,
1376 2722 1487 2778 apud
1502 2725 1613 2765 Sam.

213 2789 331 2833 Delph.
345 2794 377 2823 et
397 2791 476 2826 ναν.
493 2791 581 2827 (ἴω.
820 2791 952 2826 Phaedr.
1444 2791 1465 2824 3
1488 2788 1521 2823 Α
