1806 3236
406 216 616 252 ,rnAEmu
652 214 760 248 ΜΒ.
793 213 1100 247 AEsomARuM
1136 214 1233 247 ms.
1265 214 1319 246 11.
1349 203 1393 247 2.

166 316 236 351 dex
261 314 502 358 August-nna:
533 313 585 347 Εἷς
613 312 736 347 κοιλίαν
760 311 875 355 πόρνης

163 365 378 411 W&
389 362 444 398 καὶ
457 364 636 408 ἐφθάρησαν
651 364 799 407 χρήματα
812 364 874 396 ὅσα

163 414 356 453 &Em
368 414 482 449 κόπων.
526 416 641 457 Bulga
662 415 873 455 meretricis,

162 467 293 512 ΜΨ,
305 466 422 510 κοιλία,
445 476 584 508 cavum,
605 465 714 513 fossa,
737 474 873 508 specus,

154 518 335 565 *profunda
346 528 490 560 vorago.
514 518 597 559 Εἰς.

171 576 192 597 ··
218 569 396 612 mmm]
438 566 565 602 Mallet
605 568 871 610 Rittershusius,

161 620 319 663 W.
341 621 496 654 Frustra.
542 620 632 653 Nam
646 623 803 661 utcunque
816 619 872 652 hic

162 676 230 716 est,
243 672 365 715 quovis
379 672 494 713 modo,
517 676 624 714 prout
649 675 769 713 potest
783 670 871 704 fieri.

160 722 308 757 vorent.
322 722 432 756 Andr.
444 731 496 756 lv.
509 722 567 755 Sc.
582 725 615 756 3.
645 722 656 740 ‘
671 722 723 754 'Pu
738 722 872 755 utsub-

161 774 293 808 servias
319 774 479 815 orationi,
503 778 681 817 utcunque
710 783 797 816 opus
826 774 875 807 sit

161 825 291 867 verbis,
305 824 411 858 vide!
433 825 509 858 Cic.
523 824 569 858 de
585 823 656 858 Off.
671 833 699 858 1.
720 824 732 843 ‘
747 825 876 857 Danda

162 875 392 918 igitur-'opera
407 880 475 918 est,
488 878 540 917 nt,
553 875 690 908 etiamsi
710 875 875 908 aberrare

165 925 212 959 ad
241 925 310 960 alia
331 925 492 968 eoeperit,
519 925 564 958 ad
589 925 665 958 haec
692 930 877 959 revocetur

162 976 297 1011 oratio:
312 996 315 999 -
331 975 412 1018 Sed,
426 980 604 1019 utcunque
613 1008 619 1015 ,
629 976 780 1010 aderunt
799 980 877 1010 res-⁹

162 1027 222 1062 Sic
229 1027 286 1061 hic
297 1027 393 1060 loeus
403 1026 668 1069 distinguendus
674 1031 740 1060 est.
761 1027 878 1061 Etiam

163 1077 279 1111 Fabro
303 1077 524 1121 displicuisse
547 1077 774 1111 Rittershusii
795 1088 878 1111 con-

157 1129 348 1172 jecturam,
373 1137 466 1162 nune
484 1137 531 1162 ex
553 1129 644 1161 notis
668 1129 745 1171 ejus
770 1128 877 1162 disco.

162 1180 271 1221 Saites.
293 1179 407 1213 -Vide
431 1181 541 1213 mulla
565 1181 601 1213 in
623 1180 714 1213 hanc
738 1184 877 1214 senten-

161 1230 247 1264 tiam
255 1234 504 1274 congerentem
512 1230 692 1265 Gebhard.
703 1230 876 1274 Crepund.

161 1283 222 1315 m.
237 1280 294 1315 ἢ.

185 1341 188 1344 ’
221 1333 406 1377 Utcunque]
450 1333 659 1377 Suspicabar
696 1333 875 1377 scripsisse

162 1384 350 1419 Pbaedrnm
371 1385 531 1430 uto-inque,
555 1385 592 1419 id
624 1390 690 1428 est,
726 1390 875 1428 utroque

206 1486 364 1530 apum]
397 1487 558 1531 Proprie.
588 1487 720 1521 Vetula
742 1486 875 1520 Teren-

164 1537 262 1570 tiana
282 1537 443 1571 hortatur
465 1542 503 1570 et
527 1542 647 1571 mouet
671 1537 876 1570 meretricu-

163 1586 247 1632 hm',
266 1590 278 1608 ‘
294 1588 352 1621 Ne
365 1589 567 1631 cujusquam
593 1589 768 1630 misereat,
782 1588 878 1622 Quin

164 1637 306 1681 spoliet,
331 1638 484 1680 mutilet,
504 1639 648 1680 laceret,
672 1647 878 1680 quemquem

164 1693 270 1723 nacta
282 1689 351 1732 sit,’
365 1688 497 1731 Hecyr.
514 1688 598 1722 Act.
615 1699 642 1722 1.
655 1689 712 1722 Sc.
727 1691 760 1721 1.
783 1689 878 1721 Mar-

166 1739 259 1773 tIalis
273 1740 339 1782 Ep.
353 1749 390 1773 v.
403 1742 459 1772 43.
481 1739 492 1758 ‘
507 1739 798 1782 Dispensatorem
813 1740 878 1773 fal-

164 1791 224 1823 lax
249 1789 414 1832 spoliabit
448 1789 585 1823 amica.'
626 1790 718 1823 Talis
752 1791 878 1823 mulier

163 1840 320 1874 Martiali
346 1840 476 1874 dicitur
511 1841 521 1859 ‘
537 1841 650 1874 amica
672 1841 877 1884 spoliatrix‚'

164 1893 233 1935 Ep.
242 1891 302 1926 lib.
316 1901 368 1925 iv.
383 1895 439 1926 29.
450 1891 529 1926 ‘Sic
538 1892 773 1935 spoliatricem
786 1903 878 1926 com-

163 1942 309 1977 mendat
334 1943 483 1976 Faustus
506 1943 665 1986 amicam,
678 1944 794 1977 Janua
812 1953 878 1977 nec

161 1994 327 2037 juvenem
349 2003 486 2036 semper
499 1998 623 2036 aperta
648 1996 771 2027 tenet!
806 1993 878 2026 Ubi

166 2048 252 2078 nota
271 2042 313 2076 τὸ
336 2047 434 2076 tenet.
455 2043 581 2078 Juven.
604 2043 680 2077 Sat.
702 2053 746 2078 u.
767 2044 778 2062 ‘
794 2044 879 2077 Nul-

166 2095 236 2127 lam
262 2093 429 2136 invenies,
456 2103 534 2137 quae
571 2099 697 2137 parcat
725 2094 878 2135 amanti3

168 2144 303 2178 Ardent
325 2143 400 2186 ipsa
421 2143 520 2186 licet,
545 2144 729 2177 tormentis
751 2144 881 2186 gaudet

168 2196 315 2229 amantis
330 2195 378 2228 Et
393 2195 537 2238 spoliis!
581 2197 665 2229 Mss.
682 2196 738 2229 hic
753 2196 882 2229 habent

167 2245 338 2289 expoliare.
353 2245 448 2279 Gnd.
478 2246 697 2288 [Schwabius
713 2251 830 2279 tamen
845 2247 881 2279 in

170 2298 249 2332 VV.
265 2297 337 2331 LL.
351 2297 474 2331 scribit
485 2309 496 2331 z
518 2298 528 2316 ⁴
545 2298 588 2331 In
604 2298 716 2331 Codd.
732 2299 818 2331 Mss.
834 2298 883 2331 in-

169 2348 281 2382 veniri
295 2348 468 2391 exspoliari
481 2352 634 2382 testatur
649 2348 823 2390 Gudiusss]

211 2403 234 2437 2
254 2399 388 2442 Amen-t,
401 2400 562 2442 amentur]
586 2400 724 2433 Omissa
743 2409 881 2443 praepo-

168 2450 296 2485 sitione
323 2450 410 2484 nive:
443 2451 623 2494 eleganter
646 2461 688 2485 ac
710 2450 881 2486 absolute.

212 2555 345 2597 Amen,
357 2554 517 2597 amentur]
532 2554 576 2588 Id
591 2558 657 2598 est,
664 2554 736 2588 sive
751 2557 880 2597 ament,

170 2605 242 2640 sive
256 2610 425 2639 amentur.
447 2606 520 2638 Rit.

215 2657 352 2701 Nempe]
387 2657 503 2690 Etiam
532 2657 606 2689 hoec
632 2656 818 2700 particula,
841 2659 883 2690 ut

172 2707 250 2741 alin
265 2709 454 2750 nonnullae,
479 2708 664 2750 desumpta
686 2717 729 2741 ex
752 2707 882 2740 Latini-

175 2758 249 2791 tate
277 2759 404 2801 media,
431 2759 610 2802 eleganter
636 2759 750 2793 locum
776 2759 881 2793 istum

260 2812 377 2856 Daph.
389 2816 421 2847 et
440 2814 514 2849 Var.
528 2814 615 2848 Clas.

855 2812 985 2845 Phaedr.

1555 206 1642 251 433

922 313 1089 352 occupat,
1111 314 1150 343 et
1174 310 1244 343 vim
1270 309 1376 343 habet
1398 308 1636 346 affirmationis

924 362 1110 405 amplioris.
1139 361 1247 403 Senes.

966 416 986 445 3
1008 413 1132 445 AEtatis
1153 413 1281 455 media]
1303 411 1502 448 Lectionem
1518 424 1636 448 veram

920 464 1096 497 invenisse
1110 464 1242 507 videor,
1258 475 1335 509 quoe
1352 466 1431 499 talis
1445 471 1519 500 est:
1543 467 1638 501 AEta-

921 516 966 548 tis
994 517 1107 561 mediae
1133 519 1288 559 quendam
1315 518 1429 551 mulier
1454 527 1515 552 non
1543 520 1636 553 rudis

925 567 1072 610 Tenebat,
1099 577 1198 600 annos
1225 569 1328 601 celans
1353 569 1522 610 elegantia.
1566 571 1636 603 De-

920 618 1053 660 scripta
1074 621 1128 651 est
1153 615 1275 651 eadem
1300 618 1419 652 fabula
1443 620 1487 652 ab
1509 620 1639 663 AEsopo

921 669 991 703 fab.
1018 673 1094 703 165.
1118 674 1156 704 et
1181 670 1291 709 Gabr.
1315 669 1386 704 fab.
1414 672 1469 704 24.
1502 672 1639 706 Prasch.

922 720 1025 753 Inter
1047 721 1237 763 juvenilem
1267 726 1306 754 et
1335 722 1495 756 senilem.
1548 723 1641 757 Vide

923 771 1089 805 Plautum
1105 771 1224 805 Aulul.
1241 782 1286 806 11.
1304 777 1337 807 1.
1359 772 1576 807 Μεσαιπόλιον
1591 778 1642 808 ta-

924 823 993 856 lem
1005 827 1109 856 vocat
1123 824 1263 865 Longus
1278 824 1313 856 in
1330 825 1540 859 Pastoralib.
1558 835 1642 868 pag.

925 877 1002 908 123.
1056 874 1127 907 Ubi
1155 875 1248 915 vide,
1279 885 1355 918 qua»,
1387 876 1643 910 eruditissimus

926 924 1081 966 Mallius,
1107 924 1144 956 in
1166 924 1377 958 nitidissima
1400 926 1556 960 editione
1580 937 1644 960 nu-

927 984 1026 1017 pera,
1043 974 1188 1008 notavit.
1221 974 1330 1015 Schef.
1376 975 1467 1008 Vide
1491 977 1645 1020 Schopp.

927 1025 1029 1068 Susp.
1042 1026 1143 1058 Lect.
1157 1034 1193 1059 v.
1207 1027 1263 1058 20.
1285 1025 1432 1059 Freinsh.
1476 1026 1585 1061 Mart.
1602 1036 1643 1070 x„

927 1081 983 1111 82.
1005 1079 1016 1095 ‘
1030 1078 1123 1111 Talis
1139 1082 1217 1111 erat
1231 1078 1374 1111 Marcus
1390 1077 1513 1111 mediis
1530 1077 1643 1112 Anto·

927 1129 1002 1162 nius
1017 1128 1115 1162 annis
1130 1128 1294 1162 Primus!

970 1180 1093 1213 AEtata‘s
1104 1180 1216 1213 med-ioe
1225 1179 1367 1222 cuidam]
1380 1179 1438 1212 Sic
1447 1179 1646 1224 legendum,

926 1229 1232 1274 nihilque'deesse
1258 1235 1357 1272 puto.
1389 1230 1540 1263 Babrins
1562 1230 1645 1272 μιξό-

925 1294 1020 1326 τριχι.
1045 1283 1104 1316 Sic
1118 1282 1260 1326 Apulei.
1277 1282 1338 1315 lib.
1356 1290 1390 1316 v.
1405 1292 1508 1325 quem
1524 1283 1535 1301 ‘
1549 1283 1645 1316 Rara

926 1335 1056 1368 canitie
1084 1334 1345 1377 interspersum’
1375 1334 1527 1376 dixerat,
1560 1345 1646 1368 eun-

926 1387 1006 1421 dem
1036 1391 1162 1429 postea
1187 1391 1303 1428 vocat,
1333 1387 1343 1405 ‘
1368 1387 1493 1420 AEtatis
1518 1386 1645 1421 mediae

927 1438 1093 1472 candenti
1122 1438 1250 1471 canitie
1279 1437 1456 1471 lucidum!
1507 1438 1645 1472 Glossoe

926 1495 1090 1524 veteresz
1112 1491 1123 1509 ‘
1139 1489 1335 1530 Medietas;
1359 1490 1525 1531 Μεσῆλιξ,’
1555 1490 1646 1523 Aliae

927 1542 1080 1576 rectius:
1115 1542 1126 1561 ‘
1149 1543 1314 1582 Μεσῆλιξς
1350 1542 1480 1574 Mediae
1506 1541 1645 1575 aetatis:

971 1643 1095 1676 AEtalis
1109 1643 1222 1676 medie
1238 1643 1373 1684 cuidam,
1387 1643 1503 1675 mulier
1515 1653 1578 1675 non
1592 1652 1647 1675 ru-

927 1693 978 1726 dis
1017 1694 1166 1734 regebat,
1202 1703 1300 1725 annos
1334 1693 1439 1725 cebzns
1474 1692 1648 1736 elegantia]

928 1743 1050 1777 Scribe
1080 1743 1231 1784 omnino,
1259 1743 1413 1784 quendam
1441 1742 1556 1775 mulier
1584 1752 1648 1774 non

926 1794 1016 1826 rudis
1045 1793 1193 1834 Tenebat,
1216 1792 1388 1836 quomodo
1413 1794 1518 1826 etiam
1542 1794 1647 1826 Pras-

928 1845 1026 1878 chius
1053 1844 1186 1886 optime
1214 1845 1441 1886 conjecerat:
1481 1844 1541 1876 sed
1564 1847 1648 1877 ante

927 1895 1135 1928 Praschium
1153 1905 1208 1928 me
1221 1895 1264 1927 ad
1281 1894 1360 1927 libri
1375 1894 1444 1927 mei
1456 1895 1647 1937 marginem

928 1947 979 1980 ita
1006 1947 1096 1979 hunc
1125 1947 1240 1978 locum
1268 1946 1482 1987 emendasse,
1507 1945 1648 1978 ostendi

929 1997 1080 2030 Lutetiae
1118 1996 1333 2028 Parisiorum
1370 1996 1446 2037 ejus
1484 1999 1647 2037 cognato,

929 2048 1004 2080 viro
1019 2047 1152 2089 optimo
1167 2051 1205 2079 et
1221 2046 1436 2087 doctissimo,
1450 2046 1646 2079 Kerschero

929 2098 999 2130 An.
1028 2099 1125 2129 1660.
1155 2106 1233 2129 cum
1258 2097 1340 2129 mihi
1367 2097 1525 2130 Praschii
1541 2097 1647 2130 suiin

930 2147 1117 2180 Phaedrum
1130 2151 1242 2188 notas,
1254 2147 1459 2180 Ratisbonae
1474 2152 1546 2180 tum
1559 2152 1647 2181 tem-

931 2198 1026 2241 poris
1042 2198 1167 2239 editas,
1182 2207 1295 2240 neque
1320 2202 1426 2231 antea
1448 2198 1530 2232 mihi
1546 2198 1648 2241 visas,

932 2246 1096 2281 offerret:
1131 2248 1223 2291 quod
1249 2257 1291 2280 eo
1314 2248 1449 2282 dictum
1470 2248 1646 2290 velim,ne

932 2299 1008 2341 quis
1035 2298 1280 2330 Praschianam
1307 2299 1396 2331 hanc
1433 2299 1648 2332 emendatio·

932 2359 1012 2382 nem
1028 2358 1082 2381 me
1098 2349 1291 2391 sublegisse
1307 2349 1496 2382 existimet.
1541 2350 1647 2382 Levis

931 2401 1011 2433 mihi
1025 2400 1161 2443 quidem
1176 2404 1230 2432 est
1240 2400 1380 2442 jactura
1395 2404 1465 2433 tam
1482 2399 1649 2442 parabilis

932 2461 1102 2491 annonae3
1125 2450 1259 2493 gaudeo
1282 2450 1411 2492 potius,
1436 2450 1528 2482 idem
1545 2459 1647 2492 egre-

932 2502 990 2544 gio
1003 2502 1055 2534 illi
1071 2501 1144 2534 viro
1161 2501 1196 2533 iu
1212 2505 1363 2533 mentem
1388 2501 1537 2542 venisse,
1555 2500 1648 2543 quod

931 2552 1014 2585 mihi
1028 2562 1037 2585 :
1061 2562 1140 2584 nam
1157 2551 1241 2584 nihil
1256 2551 1369 2584 verius
1382 2556 1435 2584 est
1450 2551 1519 2584 ista
1534 2560 1650 2583 emen-

932 2603 1093 2644 datione;
1126 2602 1331 2635 manuducit
1355 2602 1398 2634 ad
1424 2612 1499 2634 eam
1526 2601 1648 2634 Codex

932 2654 1132 2696 Remensis,
1168 2654 1202 2685 in
1234 2663 1301 2696 quo
1332 2657 1480 2696 apparet
1505 2654 1648 2695 quedam,

933 2707 1060 2740 lineola
1088 2716 1192 2749 supra
1217 2716 1234 2738 e
1261 2705 1411 2748 adjecta,
1435 2709 1474 2737 ut
1496 2706 1648 2747 quendam

933 2758 1003 2800 legi
1019 2762 1149 2802 posset.
1194 2757 1248 2790 De
1264 2757 1397 2800 reliquo
1423 2756 1571 2790 mutatio
1594 2759 1650 2789 est
