1806 3236
231 212 262 255 2
833 223 1089 256 nmsrom.

292 319 367 364 Sic
390 332 471 374 age
492 332 592 361 cum
613 319 823 372 Phaedro,
853 324 907 362 ut
933 318 1230 363 Athenienses
1262 322 1308 360 et
1334 317 1530 362 Romani
1557 320 1695 364 terra-

233 400 329 431 rum
347 387 516 429 domini
536 387 741 430 solebant
760 400 889 442 agere
909 401 1010 431 cum
1030 389 1183 439 servis,
1216 387 1378 443 quibus
1403 388 1518 430 inter
1541 387 1697 432 Satur·

232 455 358 499 nalia
377 455 545 497 dabant
563 455 760 510 aliquam
778 456 960 499 ludendi
995 469 1161 507 secum,
1192 455 1417 510 epulandi,
1441 447 1696 511 colloquen-

235 523 296 574 di,
327 523 579 578 imperandi
617 526 895 577 potestatem.
954 523 1119 578 Neque
1157 536 1278 574 vero,
1304 535 1579 577 ,quanquam
1616 521 1696 565 ille

236 597 308 635 est
347 592 617 636 Fabularum
652 591 831 643 artifex,
868 591 1060 634 habebis
1093 592 1300 634 comitem
1338 591 1561 645 indignum
1593 590 1699 635 Tui.

237 660 366 713 Quot
386 661 502 702 enim
522 659 662 701 edidit
681 659 892 711 FabulaS,
923 663 991 701 tot
1010 664 1175 715 satyrae
1198 662 1318 710 sunt,
1347 658 1395 699 in
1426 658 1589 712 quibus
1620 657 1698 702 vel

236 728 522 771 abstrusioris
562 727 867 781 Philosophiae
909 727 1146 769 utilissima
1185 727 1339 780 capita
1372 725 1696 781 jucundissime

234 796 457 847 tractavit,
488 795 560 838 vel
582 795 744 837 callide
767 794 1046 837 adumbravit
1071 795 1217 836 aetatis
1247 807 1340 836 suae
1357 792 1700 848 corruptissima

235 868 453 919 tempora,
477 867 520 905 et
540 867 724 906 conatus
745 866 828 920 est,
849 874 1049 905 sermone
1067 862 1230 904 belluis
1251 862 1477 913 attributo,
1494 861 1698 921 homines

236 931 485 975 emendare.
547 930 821 974 Provocavit
841 942 919 973 eos
950 927 1018 972 ad'
1040 929 1186 985 ipsum
1209 933 1376 972 naturae
1411 928 1621 981 tribunal,
1650 932 1702 973 ut

236 999 356 1055 quod
373 1001 417 1042 in
437 1012 484 1041 se
498 999 606 1041 mali
626 1003 702 1041 aut
720 999 830 1042 boni
850 999 1064 1041 nolebant
1080 1010 1335 1052 agnoscere,
1351 996 1399 1039 id
1414 997 1461 1039 in
1471 997 1579 1039 feris
1595 1009 1701 1040 con-

238 1067 445 1122 templati
465 1066 665 1120 sugerent
684 1071 762 1108 aut
782 1069 1001 1121 optarent.
1060 1064 1180 1107 Nam
1204 1065 1303 1120 quis
1324 1065 1371 1107 in
1398 1077 1523 1116 cane,
1542 1063 1700 1119 fidem3

235 1133 280 1177 iu
301 1147 433 1189 agno,
455 1134 714 1187 lenitatem3
744 1133 1010 1184 inffformica,
1031 1132 1202 1174 laboris
1234 1132 1549 1174 assiduitatem
1580 1145 1703 1175 com-

239 1203 439 1245 mendari
459 1202 636 1255 audiat3
656 1214 740 1242 nec
760 1201 804 1242 in
823 1199 1002 1242 homine
1023 1199 1204 1241 damnet
1224 1199 1432 1241 continuo
1452 1198 1701 1253 perfidiam,

238 1270 555 1320 crudelitatem,
578 1268 832 1322 ignaviam?
893 1266 986 1310 Aut
1008 1267 1110 1322 quis
1131 1269 1314 1309 accuset
1350 1266 1396 1307 in
1414 1266 1543 1321 lupo,
1571 1280 1703 1324 rapa-

239 1336 439 1391 citatem3
461 1337 605 1386 dolos,
620 1336 668 1377 in
686 1335 845 1390 vulpe,
866 1336 912 1376 in
924 1336 1067 1388 leone,
1082 1334 1332 1386 saev1t1am
1354 1347 1433 1376 nec
1446 1335 1538 1378 ista
1551 1335 1704 1386 omnia

238 1402 286 1446 in
306 1417 445 1446 unum
464 1416 587 1458 saepe
607 1402 825 1445 hominem
846 1402 1121 1445 confluxisse
1141 1402 1428 1456 indignetur?
1731 1392 1734 1395 ’

299 1470 438 1523 Quod
461 1472 499 1513 si
519 1471 682 1512 referre
704 1471 899 1512 volueris·
929 1471 1139 1522 animum,
1171 1469 1532 1519 SERElesmss
1546 1452 1705 1514 Pam-

242 1550 379 1590 cEPs,
411 1539 466 1581 ad
487 1538 592 1581 illas
612 1550 757 1580 rerum
782 1538 1010 1592 imagines,
1042 1550 1283 1591 cognosces
1316 1540 1459 1581 totam
1489 1537 1546 1580 de
1575 1539 1705 1583 mori-

229 1604 325 1649 bus
365 1606 663 1660 disciplinam,
705 1610 849 1647 totam
883 1605 1065 1648 civilem
1106 1604 1340 1647 scientiam
1377 1605 1435 1647 iis
1474 1607 1704 1659 contineri,

242 1686 430 1728 quarum
471 1674 608 1716 altera
644 1673 787 1719 vitam
818 1673 956 1716 debet
993 1673 1192 1715 omnium
1231 1666 1485 1724 intbrmare,
1516 1677 1704 1729 utraque

243 1745 382 1784 tuam.
450 1741 609 1796 Cogita
630 1741 761 1792 enim,
785 1746 830 1783 et
849 1742 951 1796 ipse
976 1747 1118 1783 tecum
1140 1746 1318 1795 reputa,
1340 1744 1448 1796 quot
1467 1744 1512 1783 et
1531 1741 1706 1796 quantis

242 1809 484 1852 virtutibus
517 1809 776 1850 instructum
813 1822 915 1852 esse
949 1808 1017 1850 Tc
1047 1812 1265 1864 oporteat,
1296 1813 1346 1849 ut
1377 1812 1529 1850 teneas
1557 1806 1706 1862 Regni

244 1875 619 1919 christianissimi
640 1876 833 1928 clavum,
867 1881 916 1918 et
944 1876 1153 1918 Parentis
1171 1876 1236 1918 tui
1256 1875 1409 1918 sedem
1427 1882 1551 1918 tanta
1570 1875 1708 1932 aequi-

244 1948 336 1986 tate
365 1945 624 1995 stabilitam,
646 1936 723 1986 'tot
743 1945 947 1987 victoriis
970 1944 1274 1999 conspicuam,
1306 1947 1377 1986 tot
1398 1948 1577 1985 auctam
1594 1942 1708 1986 Pro-

243 2012 420 2055 vinciis.
482 2013 633 2054 Debes
653 2013 720 2055 Te
742 2012 906 2063 Gallis,
935 2025 1116 2067 quorum
1138 2016 1185 2054 ut
1206 2025 1401 2054 summus
1426 2016 1497 2054 est
1524 2011 1570 2053 in
1597 2023 1706 2054 suos

245 2079 394 2133 Reges
416 2092 553 2130 amor,
584 2093 758 2120 summa
785 2081 1029 2129 veneratio,
1058 2079 1124 2120 ita
1162 2092 1381 2121 summam
1415 2091 1600 2135 necesse
1635 2082 1709 2121 est
1768 2124 1773 2130 ,

245 2159 345 2189 esse
368 2147 547 2200 Regum
568 2147 612 2187 in
638 2147 838 2200 regendis
858 2148 947 2188 illis
966 2147 1195 2200 pietatem,
1229 2147 1537 2201 integritatem,
1569 2145 1709 2201 aequi-

245 2216 392 2256 tatem.
452 2213 639 2254 Sedebis
660 2214 707 2254 in
737 2214 839 2254 luce
859 2214 1069 2267 Europae,
1100 2214 1145 2254 in
1179 2213 1318 2255 oculis
1351 2213 1589 2255 clarissimi
1619 2212 1710 2255 Im-

245 2281 373 2335 perii,
405 2286 541 2334 atque
569 2281 616 2321 in
637 2281 817 2322 auribus
857 2282 1159 2322 universarum
1193 2281 1285 2322 late
1316 2281 1506 2334 gentium
1539 2293 1593 2321 ac
1633 2293 1711 2323 na·
1739 2313 1741 2315 -

247 2348 414 2389 tionum
454 2349 641 2402 positus.
703 2348 954 2389 Intuebitur
989 2349 1033 2388 in
1064 2348 1131 2388 Te
1169 2347 1439 2389 incredibilis
1467 2347 1632 2388 civium
1661 2351 1710 2391 et

247 2415 530 2468 populorum,
562 2428 661 2457 cum
682 2415 921 2464 sociorum,
953 2420 1045 2456 tum
1077 2415 1215 2456 etiam
1241 2415 1429 2455 hostium
1451 2413 1709 2458 multitudo.

249 2479 529 2523 convertent
549 2495 598 2524 se
618 2486 719 2523 tuos
749 2481 806 2522 ad
834 2484 966 2522 nutus
988 2481 1169 2524 infinitae
1190 2482 1338 2531 urbes,
1369 2482 1709 2525 innumerabiles

248 2547 513 2600 Provinciae,
524 2563 576 2591 ac
596 2549 775 2591 virtutes
792 2562 944 2591 omnes
959 2553 1059 2591 tuas
1072 2553 1279 2603 tanquam
1293 2561 1354 2591 ex
1372 2549 1496 2592 edito
1514 2549 1709 2605 quodam

248 2614 440 2657 Theatro
471 2618 733 2671 suspicient.

307 2681 499 2725 Accedit
519 2685 573 2725 ad
598 2685 713 2726 hanc
730 2683 1045 2735 difficultatem,
1062 2684 1403 2726 SEREMssmss
1418 2684 1707 2735 DEhPHINE,

232 2748 516 2795 ‘sustinenda
545 2751 650 2794 Tibi
685 2751 921 2805 Ludovici,
953 2751 1078 2795 bello
1113 2755 1157 2794 et
1187 2765 1300 2807 pace
1331 2750 1542 2804 Maximi,
1570 2750 1707 2803 fama,
