1806 3236
220 231 307 274 450

223 347 264 369 ac
278 336 433 369 viridaria
454 333 607 367 dixerint
627 337 776 375 veteres,
795 336 835 365 ut
855 332 930 374 jam

188 413 191 416 s
222 387 357 421 infinita
371 387 528 428 exempla
543 389 622 418 sunt
637 384 775 426 prolata
789 381 930 426 (quibus

224 439 314 472 adde
330 439 422 472 Plin.
440 439 505 480 Ep.
522 446 557 470 v.
571 440 603 470 6.
625 440 662 469 et
677 436 814 475 vitruv.
831 443 864 467 v.
880 433 931 476 9.)

223 490 355 533 quidni,
385 493 425 521 ut
453 488 566 521 versui
604 487 816 527 consulatur,
848 485 932 518 licet

223 553 298 576 eam
329 551 451 575 vocem
481 541 660 581 reducere,
684 549 748 582 pro
777 538 931 581 ejusdem

224 593 482 635 significationis
497 592 587 625 alia?
622 590 686 624 Cui
701 600 784 623 vero
799 593 933 632 praeter

223 653 339 685 unum,
371 643 428 686 qni
458 646 673 676 commentus
700 646 766 682 est,
793 641 931 683 placere

223 699 388 736 poterunt
401 703 490 726 sacra
503 690 681 726 viridaria?
702 692 783 735 quia
798 691 933 724 scilicet

225 745 404 777 sanctione
431 744 546 787 aliqua
569 742 761 776 custodiam
777 742 850 783 ejus
865 741 932 774 loci

223 795 385 828 Tiberius
411 795 714 836 circumsepserat.
764 793 823 826 Sic
848 802 932 834 ergo

223 849 233 866 ‘
252 846 377 879 sacras’
402 847 552 887 Capreas
571 845 700 887 majore
716 845 798 886 jure
814 843 932 877 dicere

225 898 275 930 fas
301 897 472 937 essetsad
497 906 592 940 quas,
612 900 781 929 secretum
806 899 932 937 agente

224 948 376 989 Tiberio,
399 948 484 980 nulli
508 948 603 980 adire
629 947 779 987 licebat;
801 947 849 979 sic
863 955 934 979 om-

225 999 285 1031 nia
309 1008 400 1031 sacra
425 999 515 1039 loca,
549 998 609 1031 ubi
635 998 712 1041 quis
741 997 884 1039 punitur
913 1005 934 1028 a

226 1049 359 1082 crudeli
387 1049 554 1091 principe.
600 1049 668 1081 Sed
699 1058 754 1089 an,
777 1047 806 1080 si
830 1057 934 1090 pavo-

226 1109 303 1133 nem
318 1100 378 1132 ille
392 1110 435 1132 ex
450 1101 518 1132 alio
533 1101 608 1132 loco
621 1099 855 1141 surripuisset,
873 1098 936 1130 im-

227 1161 320 1196 pune
335 1151 491 1184 abiturus
514 1150 635 1183 fuisset
660 1150 724 1182 sub
753 1155 824 1183 tam
848 1149 934 1181 duro

227 1202 396 1245 tyranno?
441 1203 599 1244 Denique
615 1211 682 1234 non
696 1201 761 1233 sibi
776 1200 841 1242 ipsi
856 1209 934 1242 per-

228 1254 374 1285 suasisse
413 1252 580 1285 Criticum
622 1251 748 1291 credo;
784 1261 863 1283 nam
899 1251 934 1283 in

228 1302 370 1335 Phaedri
385 1302 513 1335 fabulis
540 1312 560 1334 a
584 1312 621 1334 se
639 1302 755 1342 editis,
777 1301 873 1334 nobis
897 1307 935 1334 et

229 1353 305 1385 aliis
349 1353 497 1395 probata
534 1353 638 1385 lectio
679 1357 825 1394 recepta
868 1355 935 1384 est.

230 1404 346 1436 Burm.

276 1458 316 1487 15
339 1454 483 1496 Alveolo]
520 1454 652 1495 Ligneo
681 1461 774 1493 vase,
799 1461 843 1483 ex
867 1461 936 1483 uno

229 1506 373 1539 caudice
387 1510 567 1539 excavato.
614 1505 759 1536 Lintrem
779 1503 862 1535 alias
878 1512 937 1546 ap-

230 1559 374 1602 pellant.
419 1558 483 1590 Ein
497 1557 603 1598 throg.
627 1554 745 1589 Schef.

272 1609 402 1642 Alveolo
439 1608 560 1650 ligneo]
605 1607 739 1640 Glossae
778 1610 935 1639 veteres:

231 1661 241 1679 ‘
259 1659 404 1700 Alveus,
420 1657 555 1699 Σκάφη.’
581 1658 658 1699 Rig.

276 1710 505 1752 Con-spargere]
543 1708 723 1743 Quomodo
752 1707 937 1740 Suetonius

229 1762 264 1794 in
278 1762 387 1803 Calig.
401 1771 431 1792 c.
444 1763 499 1792 43.
537 1761 546 1778 ‘
565 1758 665 1791 Adeo
686 1758 847 1798 delicate,
863 1762 902 1790 ut
917 1768 938 1789 a

232 1812 337 1855 plebe
368 1812 458 1844 verri
487 1810 551 1842 sibi
577 1810 658 1848 vias,
694 1814 730 1841 et
755 1808 937 1850 conspergi

231 1867 375 1906 propter
400 1863 577 1905 pulverem
608 1859 789 1902 exigeret)
835 1859 937 1891 Plau-

233 1919 310 1946 tus:
346 1914 356 1931 ‘
373 1914 611 1954 Conspergere
637 1914 715 1943 ante
743 1909 856 1951 aedes,'
877 1907 957 1940 fri-‘

232 1963 312 2006 gida
327 1963 462 1996 scilicet
473 1971 572 2004 aqua,
582 1961 625 1993 ad
638 1958 863 2001 mitigandum
878 1968 940 1991 aes-

234 2020 318 2048 tum.
362 2014 453 2046 Vide
467 2013 615 2046 Salmas.
631 2011 675 2044 ad
690 2010 796 2044 Solin.
813 2020 847 2052 p.
864 2012 940 2042 82⁷.

232 2065 337 2105 Schef.

279 2120 320 2149 16
344 2117 485 2148 Humum
510 2113 709 2154 oestuantem]
744 2111 787 2144 Id
812 2116 879 2153 est,
895 2121 939 2144 ex

233 2168 338 2200 nimio
354 2168 469 2199 calore
497 2166 577 2198 solis
605 2166 747 2206 pulvere
763 2164 940 2197 concitato

232 2218 423 2250 ardentem.
468 2216 526 2248 Sic
551 2215 679 2249 Justin.
706 2214 766 2246 lib.
791 2223 834 2246 ιι.
858 2224 889 2246 c.
908 2217 938 2247 1.

231 2271 241 2288 ‘
259 2270 398 2311 Quippe
412 2278 489 2311 quae
503 2265 708 2309 (AEgyptus)
728 2267 832 2298 etiam
848 2275 939 2298 nunc

235 2320 381 2353 torrenti
394 2319 474 2351 solis
490 2319 604 2351 calore
619 2316 818 2349 exaestuat.'

279 2372 425 2415 Officium
445 2369 544 2411 come]
576 2367 821 2406 Ministerium‚
848 2366 939 2408 quod

227 2422 421 2465 jucundum
432 2425 469 2454 et
484 2425 618 2463 gratnm
632 2419 676 2459 ei,
692 2418 747 2451 cui
763 2418 815 2450 fit.
847 2418 939 2450 Olim

234 2484 328 2506 comae
342 2472 534 2515 legebatur,
560 2470 604 2503 ad
627 2469 718 2512 quod
734 2468 937 2501 Prascliius:

234 2526 245 2543 ‘
260 2524 369 2557 Simili
381 2524 556 2564 elegantia
566 2521 576 2539 ‘
593 2522 721 2563 Legem
736 2519 819 2551 dare
834 2519 940 2560 capil-

234 2575 285 2608 lis'
300 2575 446 2607 dicitur:
482 2573 628 2616 Officium
641 2574 753 2604 autem
768 2570 833 2610 legi
848 2579 940 2612 saepe

236 2624 443 2667 respondet!
486 2624 533 2657 Et
561 2622 703 2655 Ursinus
729 2621 765 2653 in
791 2620 938 2652 Indice:

235 2677 245 2694 ⁴
265 2677 312 2708 Et
339 2676 550 2708 abstractum
588 2682 650 2716 pro
687 2676 862 2711 concreto,
902 2675 941 2704 ut

237 2736 333 2768 saepe
348 2725 439 2767 apud
454 2725 650 2765 Phaedrum,
671 2733 768 2756 coma
791 2721 942 2755 officiosa

231 2778 314 2819 joco
341 2777 491 2810 dicitur!
548 2776 674 2808 Omnia
699 2776 764 2807 huc
789 2774 868 2806 nihil
893 2773 941 2806 fa-

214 2829 344 2861 ciunt.
388 2829 507 2861 Sermo
535 2832 587 2860 est
627 2826 671 2859 de
696 2825 945 2867 conspersione,

692 227 836 270 No'rAE
866 236 1136 270 VAmonuM
1171 237 1220 269 in

979 348 1049 372 non
1065 339 1108 372 de
1122 347 1231 372 coma.
1270 338 1432 372 Manilius
1451 338 1572 372 eedem
1587 340 1690 374 modo

981 390 1039 423 lib.
1054 399 1089 424 v.
1104 393 1182 425 ⁶35.
1224 390 1235 410 ‘
1252 391 1360 424 Come
1382 390 1449 434 'per
1473 389 1624 424 officium
1637 391 1691 425 vi·

981 440 1124 483 gilantia
1137 441 1290 474 membra
1313 440 1488 475 ferentes!
1534 442 1581 474 Et
1595 442 1691 475 Mar-

981 491 1074 525 tialis
1085 492 1150 534 Ep.
1165 493 1228 526 lib.
1244 502 1271 525 1.
1287 495 1341 527 90.
1383 494 1393 511 ‘
1410 493 1518 527 Come
1540 492 1602 526 sed
1617 492 1691 527 offi-

981 543 1072 576 cinm
1097 543 1191 577 circa
1214 547 1251 576 te
1273 551 1412 586 semper
1440 543 1587 577 obibat:
1633 544 1692 578 lta

981 594 1072 626 enim
1098 593 1148 627 ibi
1178 594 1264 636 legit
1289 594 1457 637 Scaliger,
1496 594 1691 638 probatque

981 645 1184 678 Scriverius.
1207 644 1312 685 Solios.
1345 646 1392 679 Et
1406 646 1455 678 ita
1469 645 1555 687 legit
1569 645 1691 679 Heius.

982 696 1061 739 Vel,
1073 706 1155 729 come
1180 696 1313 740 officium
1328 695 1508 736 jactitans:
1527 696 1583 728 νεὶ
1597 695 1693 728 deni-

981 757 1047 791 que
1061 747 1206 790 conjicit
1230 746 1323 780 forte
1337 747 1409 787 legi
1434 755 1548 789 posse,
1561 745 1693 787 jactans

981 808 1098 831 comem
1135 797 1294 840 officiam.
1349 797 1402 831 Ut
1438 796 1535 838 apud
1574 795 1691 831 Phae.

983 848 1125 881 Mostel.
1141 857 1168 880 1.
1195 849 1227 881 3.
1249 849 1324 881 107.
1347 845 1458 879 -Vide
1481 846 1536 879 hie
1553 847 1693 890 egregie

984 898 1278 942 Hoogstratannm
1286 921 1297 939 ,
1313 901 1433 931 contra
1446 896 1694 940 negligentiam

982 950 1133 982 virorum
1176 948 1357 982 doctorum
1398 947 1502 980 metri
1537 956 1694 982 mussan

983 1004 1156 1042 agentem.
1180 1000 1296 1032 Bur-m.

1029 1050 1177 1093 Officium
1203 1048 1303 1090 come]
1338 1049 1398 1081 Ita
1427 1048 1471 1081 V.
1489 1047 1528 1081 O.
1559 1046 1694 1080 310„ae

985 1105 1143 1134 veteres:
1176 1101 1186 1119 ⁴
1205 1099 1331 1140 comis,
1359 1096 1505 1139 κόσμιος.’
1536 1097 1695 1140 Donatus

983 1152 1018 1184 in
1034 1152 1173 1185 Phorm.
1195 1152 1206 1170 ‘
1226 1150 1368 1182 Conater
1378 1152 1517 1181 veteres
1531 1147 1695 1182 dixerunt

982 1201 1067 1244 παρὰ
1078 1201 1118 1234 τὸ
1129 1200 1437 1246 κόσμοςῆῥῇῐαείαῃε
1447 1198 1583 1243 qfflen'm
1592 1192 1690 1239 coine,

984 1253 1008 1285 i.
1036 1263 1067 1285 e.
1093 1253 1236 1294 jactans
1264 1248 1370 1283 officii
1398 1249 1450 1282 sni
1479 1249 1689 1291 elegantiam

984 1305 1267 1347 munditiamque.
1293 1301 1372 1343 Rig.

1028 1354 1138 1396 Come]
1176 1354 1247 1387 Alii
1275 1354 1396 1396 legunt
1425 1362 1531 1385 com.
1583 1350 1695 1383 Simili

984 1406 1168 1449 elegantia,
1193 1406 1205 1424 ‘
1222 1406 1352 1447 Legem
1377 1403 1460 1436 dare
1475 1402 1624 1446 capillis’
1645 1402 1697 1435 di-

986 1458 1099 1492 citur:
1122 1457 1255 1501 officium
1270 1456 1360 1489 enim
1369 1455 1434 1497 legi
1445 1463 1540 1497 saepe
1554 1463 1697 1496 respon-

988 1507 1059 1541 det.
1104 1508 1174 1540 Sed
1191 1507 1294 1539 male-
1319 1506 1408 1538 Gud.

1031 1561 1072 1591 17
1097 1558 1195 1591 Notis
1211 1556 1369 1601 flexibus]
1402 1554 1508 1589 Notis
1528 1554 1699 1589 divortiis.

987 1608 1112 1650 Vin-gil.
1141 1608 1218 1641 AEn.
1249 1616 1304 1640 xx.
1333 1606 1542 1649 ‘objiciunt
1563 1605 1698 1648 equites

988 1668 1061 1691 sese
1078 1658 1121 1691 ad
1137 1658 1288 1692 divortia
1303 1659 1410 1690 nota.’
1439 1655 1695 1698 Notkflexibsm

989 1714 1028 1742 ut
1042 1719 1157 1752 supra,
1179 1710 1190 1728 ‘
1205 1708 1402 1741 Pernicitas
1415 1705 1522 1747 nota-,³
1548 1707 1559 1726 ⁴
1574 1707 1698 1739 Exitus

988 1760 1110 1793 notos!
1151 1759 1264 1800 Infra,
1279 1759 1289 1777 ‘
1304 1758 1462 1791 Candore
1476 1755 1583 1798 noto:
1597 1758 1610 1776 ⁶
1627 1756 1700 1791 Nc·

988 1813 1060 1841 tum
1077 1809 1272 1841 canticum?
1303 1809 1382 1848 Rig-

1033 1859 1197 1901 flexibus]
1218 1858 1443 1900 Compendiis
1458 1859 1601 1890 viarum.
1624 1857 1696 1890 Pu-

989 1914 1026 1942 to
1041 1910 1091 1942 sic
1105 1915 1142 1943 et
1155 1910 1356 1943 Ciceronem
1379 1918 1565 1950 usurpasse
1586 1909 1622 1940 in
1637 1909 1697 1940 illo

988 1960 1035 1992 ad
1051 1960 1125 1994 Att.
1147 1960 1157 1978 ‘
1174 1961 1270 1993 Pons
1281 1960 1442 2000 Tirenus,
1453 1959 1490 1991 in
1504 1968 1575 2002 qno
1586 1957 1698 1991 flexus

990 2016 1045 2044 est
1057 2011 1102 2044 ad
1117 2011 1186 2044 iter
1199 2011 1375 2052 Arpinas.⁷
1396 2009 1503 2050 Senes.

1038 2063 1219 2095 Praecurrit
1233 2062 1331 2094 alium
1353 2059 1545 2103 ivs-xystum]
1581 2060 1699 2093 Meur-

992 2113 1073 2155 sins,
1097 2114 1196 2146 illum.
1251 2111 1451 2154 Legendum
1492 2115 1619 2144 autem?
1644 2115 1699 2143 est

992 2165 1144 2206 Xystum.
1188 2164 1235 2196 Et
1263 2164 1314 2196 ita.
1327 2162 1525 2196 Salmasius.
1558 2162 1696 2195 Glossae

990 2215 1074 2248 Div.
1089 2218 1122 2247 2.
1146 2214 1156 2233 ‘
1170 2215 1312 2256 Xystus.-
1333 2212 1429 2246 locus
1451 2211 1698 2245 deambulatio·

990 2265 1065 2298 nis!
1109 2264 1298 2298 Philander
1323 2263 1366 2296 ad
1398 2262 1596 2295 Vitruvium
1632 2262 1699 2295 dis·

991 2316 1118 2358 tinguit
1133 2316 1225 2348 inter
1252 2315 1372 2357 Xystos
1397 2318 1434 2346 et
1457 2313 1588 2355 Χρείας
1621 2313 1697 2344 illos
1720 2331 1722 2333 ·

991 2373 1092 2412 putat
1107 2377 1247 2400 vocasse
1261 2367 1398 2400 Latinos
1409 2365 1561 2408 porticus
1575 2368 1700 2404 tectas,

989 2419 1202 2462 hyemalibus
1226 2417 1532 2454 exercitationibus
1544 2414 1696 2448 destina-

991 2475 1067 2510 tas;
1091 2468 1197 2512 Xysta
1223 2474 1338 2502 autem
1359 2467 1532 2504 subdiales
1548 2463 1697 2498 ambula-

991 2522 1114 2559 tiones,
1127 2521 1187 2553 ubi
1211 2520 1297 2553 sudo
1310 2529 1347 2552 se
1362 2518 1448 2551 coelo
1462 2516 1671 2549 exercebant
1685 2527 1695 2556 ;

991 2572 1027 2604 id
1055 2571 1239 2604 discrimen
1269 2571 1372 2612 plane
1397 2565 1570 2601 convertit
1595 2565 1696 2598 1²11ae-

992 2623 1090 2662 drus;
1113 2622 1206 2654 vides
1230 2621 1321 2652 enim
1348 2619 1486 2661 Xystttm
1508 2617 1696 2650 masculino

991 2682 1116 2715 genere
1151 2681 1214 2714 pro
1249 2669 1394 2703 subdiuli
1439 2667 1696 2702 deambulacrm

991 2723 1232 2767 pulverulento
1245 2721 1390 2754 scilicet.
1415 2719 1500 2752 Gna.

1037 2774 1190 2817 Xysium]
1221 2774 1349 2806 Locum
1365 2770 1695 2803 deambulationibus

992 2825 1157 2860 faciendis
1189 2823 1406 2863 adornatum,
1422 2821 1563 2854 consitis
1585 2822 1694 2854 utrin—
