1806 3236
0 0 14 303 Ι
258 270 276 294 s
348 245 552 279 prmum
586 234 695 278 FA'B.
728 243 1034 278 AEsomARUM
1069 245 1164 277 Lm.
1199 245 1270 278 111.
1305 245 1449 278 pum„
1548 234 1636 279 483

0 307 9 324 ι

102 378 108 383 ,
156 343 268 378 Extat
291 342 336 377 de
358 343 483 376 eodem
508 347 546 376 et
571 343 606 376 iu
632 342 822 376 Catalectis
844 341 1043 384 virgilianis
1063 341 1298 386 Epigramma,
1319 342 1501 376 continens
1538 343 1638 386 hujus

157 397 328 442 almaria
343 397 607 440 expositionem.
654 396 698 429 Id
714 400 767 429 est
786 396 974 438 ejusmodi:

370 473 549 506 Threicius
570 471 743 516 quondam
765 473 875 505 Vates
896 471 967 505 fide
989 472 1143 506 creditur
1165 482 1294 506 canora

416 527 570 561 Movisse
592 536 712 559 sensus
737 526 867 559 acrium
890 524 1057 568 ferarum,

373 581 493 626 Atque
512 591 629 614 amnes
652 581 805 614 tenuisse
827 590 931 624 vago·
983 579 1003 599 ¹*

1094 579 1115 599 ὑ

415 637 463 671 Et
485 637 593 670 surda
614 640 722 670 cantu
743 635 938 670 concitasse
961 645 1057 668 saxa.

369 691 631 735 suavisonoque
653 690 755 723 modo
777 689 960 723 testudinis
981 689 1119 722 arbores
1140 692 1272 723 secutae

415 745 581 780 Umbram
602 745 764 779 feruntur
786 744 977 788 praebuisse
998 743 1095 777 Vati.

367 800 438 835 Sed
461 801 605 844 placidis
626 800 800 834 hominum
822 799 927 833 dictis
949 797 1027 832 fera
1048 797 1156 832 corda
1177 796 1365 842 mitigavit,

410 855 598 899 Doctaque
618 854 725 888 vitam
747 864 837 888 voce
859 854 1086 897 temperavit.

366 904 546 947 Justitiam
567 909 697 952 docuit,
718 912 812 943 coetn
834 918 974 953 quoque
996 908 1226 951 congregavit
1247 917 1330 952 uno,

409 965 596 1009 Moresque
617 969 771 1008 agrestes
793 963 962 1008 expolivit
984 961 1160 1006 Orpheus.

192 1066 236 1098 59
256 1061 435 1106 Hebrique]
449 1061 568 1097 Editio
579 1060 727 1095 Mem-sii
742 1065 780 1095 et
790 1061 862 1095 Ne·

148 1114 255 1148 veleti
276 1113 386 1148 habet
401 1113 559 1156 Erebique
565 1123 579 1152 ,·
594 1117 633 1147 ut
647 1112 691 1146 ad
708 1111 861 1146 fabulam

148 1164 343 1208 Eurydices
369 1163 561 1197 referatur:
597 1164 659 1197 sed
688 1163 791 1204 male,
820 1166 861 1196 ut

130 1210 245 1260 'puta
287 1215 430 1259 Inopem
457 1215 550 1248 enim
573 1213 698 1258 rapido
726 1211 861 1248 flumini

147 1265 277 1302 rectius
314 1265 500 1308 convenit3
529 1269 568 1300 et
605 1275 693 1298 mom
721 1274 858 1299 cursum

146 1327 245 1353 suam
259 1317 466 1353 retardanti.
511 1317 638 1352 senec.
654 1316 764 1350 Herc.
778 1317 860 1352 Fur.

144 1371 222 1404 6⁷⁸.
240 1367 252 1389 ‘
265 1368 336 1403 Ara
351 1378 430 1414 qum
449 1368 652 1412 praebuerat
665 1367 860 1402 fluminibus

144 1422 286 1455 moras?
326 1418 386 1454 stc
400 1420 413 1440 ‘
425 1420 592 1464 Magnum
604 1419 772 1463 impetum
786 1429 859 1453 ma-

143 1470 205 1505 ria’
220 1471 311 1506 dixit
322 1471 397 1508 Jnl.
414 1471 506 1507 Caes.
530 1471 577 1504 de
599 1471 677 1504 Bel.
700 1470 781 1504 Gal.
798 1480 858 1506 ιιι.

141 1521 315 1614 affl
329 1570 387 1606 Ne
414 1571 490 1615 quis
516 1575 620 1614 putet
646 1572 733 1605 illud
756 1573 859 1606 lena-i

139 1621 250 1656 faisse
278 1632 357 1657 cum
386 1623 560 1667 molestia,
591 1628 629 1658 et
656 1624 855 1659 invitorum.

142 1674 199 1707 Ita
213 1674 348 1708 Statius
369 1675 380 1693 ⁸
394 1674 476 1708 Vim
491 1675 652 1710 blandam
666 1675 690 1717 ;’
713 1676 772 1710 alii
788 1677 856 1710 alia

142 1725 243 1769 lmJus
257 1726 396 1769 generis
416 1725 547 1760 dixere.
569 1727 678 1768 Schef.

183 1781 229 1811 60
260 1778 394 1821 Gema]
426 1778 613 1822 Proprium
638 1779 769 1821 livoris,
797 1789 853 1822 ge-

141 1837 226 1861 me
248 1827 294 1862 ob
322 1827 526 1862 felicitatem
553 1829 713 1863 alienam.
757 1829 852 1873 Ergo

141 1887 222 1912 eum
244 1877 320 1912 vult
337 1878 472 1921 abesse,
494 1889 538 1912 ne
565 1880 697 1923 gemitu
723 1881 853 1915 habeat

141 1939 241 1974 opus,
285 1932 315 1964 si
344 1931 464 1966 videat
477 1930 654 1966 fortunam
699 1933 852 1968 Phaedri.

181 2035 233 2067 ol·
249 2033 422 2080 Quoniam]
445 2034 562 2069 Credo
587 2035 774 2069 Phaedrum
800 2036 850 2070 sic

1457 962 1544 998 Ritt.

917 1059 1121 1103 scripsisse:
1160 1059 1255 1098 Quod
1277 1058 1352 1101 jam
1379 1061 1517 1095 solennis
1540 1063 1634 1096 detur

915 1111 996 1144 mihi
1016 1112 1136 1153 gloria.
1181 1112 1261 1145 Non
1288 1112 1380 1146 enim
1407 1114 1517 1156 gemit
1540 1112 1633 1149 livor

915 1162 1039 1196 deberi
1087 1163 1144 1198 cui
1189 1163 1347 1207 gloriam,
1406 1165 1470 1199 sed
1515 1166 1632 1201 reddi.

916 1214 1067 1248 Freinsh.

957 1265 1127 1310 Solemnis]
1141 1264 1263 1301 Solita.
1300 1267 1460 1311 Respicit
1469 1270 1631 1313 exempla

915 1316 994 1349 Lini
1008 1321 1046 1350 et
1061 1315 1212 1360 Orphei,
1229 1318 1301 1362 qui,
1323 1319 1463 1353 tametsi
1477 1319 1630 1354 'Phi-acea

913 1366 1058 1410 fuerint,
1089 1372 1206 1402 tamen
1237 1373 1371 1403 tantam
1399 1369 1630 1405 obtinuerant

914 1418 1070 1462 gloriam.
1095 1419 1204 1461 Sohqt‘.

956 1470 1118 1514 Debetur]
1140 1471 1212 1505 Ms.
1233 1473 1396 1506 debentur.
1420 1474 1514 1508 Gnd.

955 1525 999 1555 62
1022 1521 1159 1565 Induxi]
1189 1523 1270 1557 Non
1297 1526 1463 1570 optantis,
1490 1531 1552 1560 aut
1576 1527 1628 1560 in-

912 1574 1134 1618 terrogantis,
1156 1575 1218 1609 sed
1239 1574 1444 1611 affirmantis
1463 1583 1500 1612 et
1520 1578 1628 1613 firmi-

910 1631 968 1660 ter
991 1627 1167 1662 credentis
1183 1630 1291 1663 verba
1306 1636 1401 1674 sunt,
1418 1632 1483 1666 hoc
1499 1643 1625 1668 sensu:

910 1678 1003 1721 Scio,
1023 1689 1080 1712 me
1094 1679 1148 1713 his
1164 1681 1368 1724 compulisse
1393 1687 1442 1725 te,
1463 1688 1504 1717 ut
1518 1685 1627 1727 legas.

909 1729 983 1763 Pto
998 1729 1064 1764 hac
1079 1741 1156 1765 mea
1170 1741 1291 1775 opera,
1312 1733 1342 1766 si
1368 1742 1413 1767 ex
1439 1744 1482 1768 ea
1499 1736 1626 1779 jucun-

909 1782 992 1815 dum
1019 1783 1150 1826 aliquid
1177 1783 1240 1817 tibi
1264 1783 1415 1829 accidet,
1437 1786 1503 1821 hoc
1519 1798 1625 1823 unum

908 1837 1004 1876 peto,
1025 1837 1065 1866 ut
1080 1834 1206 1868 reddas
1219 1835 1406 1878 judicium.
1428 1837 1537 1880 Schef.

949 1887 992 1918 63
1019 1885 1165 1920 Candore
1177 1887 1266 1929 noto]
1289 1887 1377 1931 Ego,
1398 1889 1523 1933 inquit,
1542 1901 1624 1925 can·

906 1935 992 1969 dore
1022 1942 1125 1970 notus
1148 1947 1221 1970 sum
1247 1938 1416 1972 omnibus.
1471 1940 1565 1984 Ergo
1587 1949 1623 1976 te

907 1997 1046 2031 qnoque
1067 1987 1112 2021 de
1138 1989 1223 2022 meis
1242 1989 1420 2024 laboribus
1436 1992 1570 2027 sincere
1586 1999 1623 2028 ct

907 2038 1055 2072 candide
1065 2039 1227 2081 judicare
1245 2050 1382 2085 aequum
1398 2047 1463 2077 cst.
1489 2044 1576 2080 Ritt.
