1806 3236
225 190 312 233 354

225 296 365 338 leraque
390 294 524 328 illorum
548 295 714 328 hactenus
741 300 931 337 promovet.

226 347 304 381 Quo
331 346 460 378 iutuitu
486 350 522 378 et
549 346 678 378 Ennius
704 346 796 387 apud
819 346 930 379 Cicer.

225 396 270 428 de
285 395 386 429 Offic.
401 405 444 428 11.
467 397 476 413 ‘
491 395 680 428 Beuefacta
699 397 789 429 male
804 397 930 438 locata,

223 445 408 479 malefacta
432 446 602 479 arbitror!
662 446 734 479 Pro
757 447 932 487 malefactis

222 502 342 531 noster
351 500 481 539 peccata
494 497 652 530 dixisset.
675 497 780 537 Schef.

268 550 287 580 3
311 546 457 588 Impune]
494 547 575 580 Sine
589 546 808 592 detrimento,
824 556 928 580 nocu-

221 601 352 629 mento.
395 596 520 639 virgil.
544 597 621 631 AEn.
636 606 688 630 xx.
708 599 718 616 ⁴
732 597 801 630 Per
816 599 928 640 sylvas

219 649 360 689 Teucri,
371 649 530 691 mistique
545 649 685 691 impune
700 650 813 682 Latini
825 651 927 682 Erra-

220 708 301 731 vere
309 698 431 741 jugis.'
474 699 611 731 Servius
629 700 671 732 ad
687 701 775 732 hunc
790 701 924 733 locum:

222 749 232 767 ‘
247 750 408 790 Impune,
435 749 501 782 hoc
525 750 613 790 loco,
638 750 711 783 sine
745 751 926 792 periculo?

219 802 295 834 Imo
308 800 380 832 sine
397 809 500 841 noxa,
514 801 586 832 sine
601 793 737 841 damno,
751 805 790 834 ut
805 802 838 834 in
861 812 926 834 cae-

220 851 304 883 teris
320 850 435 892 poetae
447 850 543 884 locis.
586 851 683 892 Vult,
694 857 853 886 neutrum
867 853 926 885 lae-

218 903 303 935 sisse
317 903 463 935 alterum
479 906 624 944 propter
650 903 817 943 inducias,
837 905 924 937 licet

217 961 331 989 essent
346 957 476 988 hostes.
524 956 663 988 Curtius
677 965 710 989 v.
728 966 759 990 c.
774 960 806 990 3.
829 958 839 976 ‘
855 958 925 990 Na-

217 1008 364 1041 tantium
380 1017 498 1040 manus
510 1007 687 1049 stipitibus
703 1008 862 1051 saxisque
875 1009 925 1041 la-

217 1058 400 1099 cerabant,
431 1057 542 1091 donec
583 1057 757 1091 debilitati
787 1058 924 1101 impune

216 1110 360 1152 navigiis
385 1108 500 1150 excipi
526 1108 692 1150 possent.'
737 1109 926 1151 Eleganter

217 1160 408 1193 eutemvhoc
425 1159 624 1194 vocabulum
639 1163 784 1201 usurpat
797 1163 925 1202 noster,

217 1211 297 1254 quia
310 1210 451 1252 peccati
473 1210 562 1243 illius
577 1211 629 1242 sui
642 1210 728 1243 hanc
743 1211 839 1243 velut
853 1221 925 1252 poe-

216 1272 295 1294 nam
312 1261 427 1294 subire
439 1265 616 1303 coguntur,
627 1260 685 1302 qui
699 1261 763 1293 hoc
778 1259 922 1293 faciunt.

216 1313 306 1345 Vide
322 1311 410 1345 infra
424 1322 502 1354 cap.
517 1315 572 1344 21.
600 1311 706 1350 Schqf.

260 1365 393 1406 Impune
406 1363 492 1396 abire
506 1363 616 1396 deinde
631 1362 780 1404 quiajam
794 1373 854 1396 non
867 1374 921 1405 po-

214 1415 291 1457 test]
312 1415 392 1447 Non
409 1413 510 1446 video
537 1423 603 1456 quo
619 1413 731 1455 modo,
746 1414 920 1455 Phaedre;

214 1476 293 1498 nam
318 1465 413 1507 prins
436 1469 476 1498 ut
501 1465 566 1499 tibi
595 1464 796 1506 concedam,
823 1469 919 1498 certe

214 1517 388 1558 posterius
400 1526 468 1549 non
479 1524 626 1558 possum.
670 1516 815 1558 Impune
828 1517 919 1548 enim

215 1567 312 1600 abire
326 1577 393 1600 non
419 1577 534 1609 posse,
557 1571 740 1609 peccatum
764 1576 834 1599 non
855 1570 920 1609 est,

213 1617 274 1649 sed
292 1618 406 1659 potius
421 1616 607 1650 infelicitas
623 1626 643 1651 e
657 1621 806 1659 peccato
829 1621 921 1650 nata.

212 1668 339 1710 Itaque
367 1672 402 1701 te
429 1667 522 1710 fugit
546 1667 648 1700 ratio.
682 1668 805 1701 Meurs.
852 1668 919 1700 Re-

213 1717 402 1758 sponderet
430 1718 613 1757 Phaedrus,
649 1716 716 1749 sibi
753 1717 920 1750 rationem

212 1770 384 1799 constare.
430 1767 621 1800 Peccatum
649 1771 741 1800 esset
756 1767 919 1809 adjuvare

214 1816 420 1858 improbum,
434 1817 568 1849 etiamsi
583 1816 660 1850 fier-i
676 1817 748 1849 sine
764 1816 919 1858 periculo

213 1871 345 1908 posset.
405 1866 564 1900 Alterum
599 1865 707 1909 igitur
735 1871 919 1908 peccatum

213 1920 280 1956 est,
306 1926 366 1951 sua
381 1918 485 1958 culpa
509 1916 551 1948 in
571 1917 762 1958 periculum
788 1917 918 1952 venire.

209 1967 355 2001 Freinsh.
401 1967 480 2001 Hoc
495 1967 646 1999 alterum
658 1970 710 1998 est
726 1971 919 2008 peccatum.

213 2016 342 2058 Efficit,
357 2017 481 2060 inquit,
499 2017 556 2060 qui
582 2016 732 2059 pretium
746 2017 859 2049 meriti
875 2017 919 2049 ab

214 2067 372 2108 improbo
389 2067 573 2109 desiderat,
587 2071 625 2100 ut
640 2077 707 2099 nou
728 2068 836 2109 possit
860 2068 919 2101 ab·

211 2117 263 2148 ire
278 2117 430 2159 impune.
476 2117 568 2151 Quid
584 2118 655 2150 ita?
677 2118 758 2160 quia
771 2119 920 2160 improbi

211 2177 276 2209 pro
293 2168 406 2209 gratia
420 2168 581 2201 damnum
597 2167 765 2201 referunt.
810 2169 919 2202 Isocr.

213 2219 256 2250 ad
272 2219 427 2252 Daemon.
450 2223 459 2237 ‘
472 2218 627 2261 Improbi
642 2228 709 2251 nou
723 2219 834 2252 minus
849 2230 921 2262 eos,

212 2269 271 2311 qui
288 2269 376 2302 bene
388 2270 432 2302 de
445 2270 528 2311 ipsis
543 2274 730 2310 merentur,
745 2279 844 2312 quam
861 2272 918 2313 qui

216 2320 264 2352 eis
278 2325 416 2358 nocent,
442 2319 596 2356 laednnt.'
642 2320 765 2361 Porro,
789 2320 917 2362 facere,

212 2375 265 2410 ut,
274 2371 332 2412 qni
344 2371 471 2405 meruit
484 2371 642 2412 gratiam,
653 2375 810 2412 reportet
821 2371 914 2404 dam-

212 2433 307 2464 num,
343 2423 378 2455 id
408 2423 498 2457 haud
534 2422 636 2458 dubie
674 2426 727 2454 est
757 2432 915 2463 peccare.

212 2472 383 2505 Meursius
397 2472 450 2504 hic
467 2471 594 2507 frustra
615 2476 764 2506 nostrum
781 2473 917 2515 sugilla-

212 2523 274 2555 vit.
290 2522 395 2561 Schef.
429 2523 560 2565 Supple
574 2533 583 2555 ε
606 2522 695 2565 quod
710 2526 822 2557 tamen
838 2533 916 2564 pro-

212 2572 320 2605 videri
339 2577 477 2614 poterat
490 2583 531 2605 ac
553 2572 715 2605 debebat.
759 2572 913 2608 Primum

212 2632 294 2664 ergo
309 2628 501 2664 peccatum,
525 2622 745 2664 improbitas;
770 2622 912 2656 alterum

213 2671 455 2713 imprudentia.
499 2673 603 2712 Hanc
621 2672 838 2715 βραχυλογίαν
863 2683 912 2706 as-

210 2726 371 2762 sequutus
381 2732 448 2754 non
463 2722 601 2755 videtur
613 2723 799 2756 Meursius.
819 2724 913 2759 Pras-

211 2772 307 2808 clu'us.
353 2772 513 2810 Barthius
528 2783 612 2807 vero
628 2772 776 2811 Advers.
795 2782 910 2812 xnvu.

692 201 836 256 Novis
866 200 1136 235 vAmoRUM
1170 202 1222 235 IN

982 300 1034 330 lo.
1049 301 1164 339 putat,
1179 306 1299 331 vocem
1310 296 1431 340 peccati
1444 296 1502 330 hic
1515 295 1686 340 ambigna

979 343 1238 388 significationis
1268 357 1355 389 osse,
1391 352 1428 383 et
1455 347 1573 390 priore
1606 348 1685 383 loeo

980 398 1128 440 culpam,
1152 398 1344 440 posteriore
1364 408 1516 432 errorem
1530 398 1701 441 designa--

980 456 1031 479 re.
1076 448 1234 481 Eri-orem
1248 454 1361 482 autem
1378 450 1412 482 in
1426 460 1468 483 eo
1482 450 1686 490 consistere,

980 497 1084 539 quod,
1100 498 1224 531 deinde
1247 500 1284 532 in
1305 500 1507 534 societatem
1530 500 1612 534 mali
1626 509 1685 533 ve-

979 548 1076 581 niens
1091 553 1128 581 et
1142 549 1231 582 liber
1245 550 1423 592 demissus,
1442 561 1510 584 non
1525 551 1633 594 videt,
1647 561 1684 584 se

979 599 1062 631 satis
1083 609 1243 642 magnum
1270 596 1686 644 beneficium⁹aecepuse‚
1709 596 1713 597 ⁷

978 649 1067 691 quod
1083 660 1102 682 a
1119 649 1242 693 perfidi
1268 651 1414 684 hominis
1437 652 1612 686 consortio
1633 652 1685 686 in-

979 705 1078 742 teger
1107 705 1144 734 et
1173 701 1356 734 inviolatus
1385 701 1499 735 redire
1521 702 1683 746 potuerit.

977 750 1055 784 Hoc
1070 760 1113 783 ex
1129 752 1218 793 Lupi
1234 751 1278 785 ad
1294 752 1426 785 Gruem
1441 753 1552 786 verbis
1566 753 1604 786 in
1614 753 1684 787 fine

975 801 1073 843 hujus
1099 800 1227 834 fabulae
1254 806 1351 835 recte
1370 801 1600 845 efficisputau
1621 803 1684 836 sed

975 856 1015 884 ut
1030 862 1072 884 ea
1097 854 1270 886 sententia
1294 853 1346 886 his
1363 853 1478 886 verbis
1492 852 1687 896 affingat-r,

974 903 1159 944 legendum
1175 904 1376 945 nionet,jam
1385 914 1467 936 nunc
1477 906 1581 946 potest
1593 914 1608 943 ,-
1630 904 1686 936 vel

975 954 1186 997 concinnius,
1207 955 1280 996 jum
1309 959 1409 994 cume,-
1446 955 1537 998 quod
1566 959 1683 989 tamen

975 1006 1103 1039 nemini
1116 1007 1183 1039 huc
1204 1016 1310 1050 usque
1326 1007 1684 1050 persuaderepotnit.

975 1057 1138 1090 Heinsius
1150 1057 1298 1100 margini
1309 1057 1557 1099 adscripserat,
1569 1053 1686 1099 legeni-

975 1107 1077 1140 dum:
1103 1110 1248 1150 quianam
1267 1119 1328 1141 non
1341 1111 1473 1150 poem.
1499 1106 1683 1142 Gebhard.

976 1157 1153 1200 Crepund.
1170 1168 1229 1192 ιιι.
1251 1162 1304 1191 10.
1324 1158 1424 1200 legit,
1448 1159 1582 1200 Impune
1597 1158 1685 1192 abire

974 1209 1085 1242 deinde
1100 1210 1204 1242 inanis
1229 1220 1290 1243 non
1312 1212 1438 1251 potaest:
1461 1209 1523 1242 sed
1539 1213 1604 1243 nee
1624 1209 1683 1242 ille

975 1257 1078 1292 facile
1112 1260 1262 1293 lectores
1287 1260 1321 1292 in
1355 1270 1451 1292 suam
1477 1259 1683 1293 sententiam

974 1310 1098 1343 trahet.
1164 1311 1243 1344 Non
1272 1309 1592 1344 animadverterunt
1620 1311 1684 1343 viri

961 1360 1071 1394 ‘docti
1089 1362 1158 1394 vim
1173 1361 1419 1404 particularum
1427 1361 1498 1401 jum
1511 1371 1590 1394 uon:
1605 1370 1682 1404 qnae

971 1415 1093 1444 notant
1104 1423 1112 1444 z
1126 1412 1149 1446 J
1153 1422 1207 1444 am
1218 1421 1285 1444 non
1296 1415 1412 1454 potest
1423 1411 1519 1446 abire
1529 1411 1679 1454 impune,

971 1467 1011 1495 ut
1035 1467 1115 1495 ante
1132 1473 1234 1506 quam
1249 1472 1286 1495 se
1296 1461 1460 1504 improbo
1481 1461 1682 1496 venditave-

971 1516 1036 1544 rat.
1078 1512 1171 1545 Vide
1193 1522 1269 1554 quae
1292 1511 1337 1544 ad
1363 1512 1530 1546 Quinctil.
1554 1512 1614 1545 lib.
1631 1521 1682 1547 vr.

971 1562 1070 1604 praef.
1085 1563 1289 1606 notavimus,
1304 1565 1340 1596 et
1353 1561 1398 1595 ad
1413 1561 1518 1596 Ovid.
1541 1561 1621 1598 Art.
1635 1571 1677 1597 11.

974 1615 1028 1646 93.
1051 1614 1165 1647 Burm.

1014 1665 1107 1707 Jam]
1129 1664 1331 1699 Lectissima
1354 1664 1478 1699 iterum
1496 1665 1681 1708 particula,

972 1719 1008 1748 et
1029 1725 1073 1748 ex
1099 1716 1228 1749 intimis
1257 1717 1451 1750 recessibus
1476 1716 1674 1752 Latinitatk

971 1766 1190 1808 deprompta.
1234 1767 1314 1799 Vim
1333 1767 1440 1799 habet
1454 1766 1677 1808 singularem,

970 1817 1065 1859 quasi
1093 1817 1265 1850 dixisset:
1288 1817 1413 1850 Statim
1429 1817 1508 1850 inde
1531 1817 1566 1849 in
1588 1817 1679 1859 peri-

971 1868 1086 1899 culum
1117 1867 1310 1908 hujusmodi
1344 1867 1423 1899 talis
1451 1866 1585 1907 incidit,
1613 1877 1678 1900 nee

970 1918 1096 1950 malurn
1115 1916 1270 1960 effugere
1290 1917 1360 1951 ulla
1383 1916 1528 1959 posthac
1543 1916 1677 1949 ratione

970 1971 1099 2008 potest.
1145 1968 1256 1999 Varro
1283 1967 1328 1999 de
1354 1967 1397 2000 R.
1421 1967 1463 2000 R.
1485 1975 1526 1999 11.
1551 1975 1628 2008 cap.
1644 1970 1677 2000 4.

969 2018 979 2039 ‘
993 2018 1106 2051 Quum
1122 2017 1219 2059 porci
1235 2017 1370 2059 depulsi
1392 2020 1471 2049 sunt
1485 2026 1506 2048 a
1520 2025 1678 2058 mamma,

972 2077 992 2099 a
1015 2067 1217 2110 quibusdam
1238 2068 1331 2101 delict·
1355 2067 1594 2110 appellantur:
1618 2076 1677 2102 ne-

970 2129 1036 2161 que
1059 2119 1132 2161 jam
1163 2120 1314 2152 lactantes
1341 2117 1524 2154 dicuntur:
1582 2117 1678 2154 Male

969 2169 1129 2202 Barthius
1151 2169 1316 2202 sollicitat
1340 2168 1429 2203 hunc
1451 2168 1563 2200 locum
1584 2167 1678 2202 AdV.

969 2228 1085 2254 van.
1103 2230 1181 2262 cap.
1198 2223 1250 2254 10.
1274 2219 1381 2259 Schef.
1433 2237 1439 2243 ·

1012 2275 1032 2303 4
1058 2273 1104 2303 Os
1129 2271 1326 2315 devoratum]
1349 2271 1465 2304 Simile
1495 2271 1673 2314 quidpiam

972 2322 1016 2355 de
1027 2322 1208 2356 Crocodilo
1219 2325 1337 2355 narrat
1348 2321 1515 2364 Apuleius
1528 2322 1674 2366 Apolog.

968 2373 978 2390 ‘
991 2373 1113 2405 Bellua
1127 2372 1282 2406 immanis
1307 2372 1506 2405 Crocodilus
1528 2373 1600 2414 ille,
1614 2375 1674 2415 qui

966 2422 1001 2455 in
1015 2423 1096 2455 Nilo
1109 2423 1257 2464 gignitur
1269 2433 1279 2462 ς
1304 2432 1346 2459 ea
1357 2432 1506 2465 quoque,
1520 2423 1575 2456 nti
1582 2432 1672 2457 com-

966 2474 1094 2515 perior,
1108 2474 1302 2516 purgandos
1318 2473 1382 2507 sibi
1398 2473 1518 2506 dentes
1533 2473 1671 2506 innoxio

964 2525 1059 2558 hiatu
1087 2526 1233 2566 praebet.
1293 2525 1383 2558 Nam
1405 2524 1494 2567 qnod
1525 2530 1578 2557 est
1608 2535 1668 2558 ore

965 2576 1092 2616 amplo,
1121 2575 1182 2611 sed
1217 2575 1361 2616 elingui,
1397 2575 1598 2616 plerumque
1634 2577 1670 2610 in

963 2634 1050 2667 aqua
1074 2626 1207 2660 recluso
1234 2626 1351 2658 multae
1373 2624 1572 2657 hirundines
1587 2625 1668 2662 den-

963 2675 1054 2706 tibus
1090 2676 1362 2717 implectuntur:
1396 2685 1454 2707 eas
1489 2675 1551 2717 ini,
1589 2685 1667 2711 cum

962 2734 1119 2766 egressus
1141 2726 1175 2757 iu
1205 2725 1365 2768 praeripia
1386 2724 1534 2758 fluminis
1549 2725 1670 2768 hiavit,

962 2785 1027 2812 una
1042 2785 1085 2819 ex
1102 2776 1221 2811 avibus
1245 2774 1438 2818 fluvialibus
1454 2777 1566 2816 amica
1579 2777 1664 2819 avis,
