1806 3236
364 198 567 233 prmum
602 197 714 231 rsa.
746 197 1053 231 AEsomARuu
1090 198 1186 230 mu.
1219 198 1297 230 111.
1330 187 1399 230 18.

142 295 309 340 w,-
341 294 434 329 rorte
460 294 644 339 legendum
668 294 858 336 ingentium

145 348 206 385 8ο
219 346 318 390 virg.
332 345 412 381 En.
425 345 488 379 lib.
501 355 529 379 1.
553 346 565 367 ⁴
577 345 651 379 Olli
673 345 858 379 subridens

144 398 322 437 mnn-
334 401 432 432 sator
441 401 548 440 atque
558 397 712 430 Deorum
726 396 860 430 Oscula

146 448 272 486 libuit
284 446 401 483 aste!
425 448 513 481 Gud.

190 504 232 537 u
253 500 390 544 &pisas
410 499 532 542 dicore]
562 499 618 532 An
639 499 860 533 scribendum

144 553 262 595 aba,
293 550 450 586 secunda
476 559 627 593 persona
656 550 861 592 praesentis;

144 606 170 640 i.
187 615 222 640 e.
243 605 369 640 mei-ito
384 604 523 647 sapiens
549 603 712 637 haberis?
748 603 860 637 Gaiet.

146 657 230 693 11oe
252 656 380 692 alludit
402 655 560 690 Martial.
574 664 602 689 1.
617 658 673 690 ⁷6.
689 659 728 689 nt
743 655 861 690 obser-

145 713 208 744 vet
221 708 271 743 ibi
285 707 470 751 Rigaltius.
490 707 625 740 Prason,

191 764 234 796 12
268 761 346 795 Nisi
371 759 468 802 sutile]
512 758 645 793 Reddit
679 758 861 801 rationem,

145 822 211 846 cur
232 811 371 846 dicetur
398 811 550 854 sapiens.
604 810 744 852 Nempe
770 811 863 845 sicut

147 863 276 906 passim
295 862 406 897 docet
429 861 665 896 Aristoteles:
694 862 784 895 Boni
800 862 862 896 ali·

148 914 250 958 cnjus
273 923 380 948 eausa
406 917 516 956 agunt
544 906 736 955 sapientes,
763 913 862 956 quid-

146 966 231 1010 quid
247 969 369 1009 agunt.
412 965 505 1007 Ergo
517 964 689 1007 sequitur,
714 965 862 998 stultum

148 1017 290 1061 gloriam
312 1021 457 1060 captare
480 1025 526 1050 ex
550 1014 660 1058 facto,
675 1015 769 1058 quod
786 1016 861 1049 nul-

147 1069 219 1102 lam
247 1068 352 1111 plane
379 1068 486 1101 babet
511 1066 713 1100 utilitatem.
767 1066 863 1100 Puto

149 1118 284 1152 dictum
298 1128 374 1152 esse
385 1118 567 1162 optimum,
581 1117 674 1161 quod
684 1117 792 1150 habes
806 1127 861 1151 re-

147 1170 297 1212 petitum
326 1170 361 1203 in
389 1174 563 1203 marmore
592 1169 736 1212 antiquo
756 1167 860 1202 Albae

147 1221 264 1264 June,
277 1231 319 1255 ac
334 1221 549 1264 descriptum
564 1220 658 1263 apud
670 1220 862 1254 Gruterum

148 1281 230 1315 pag.
243 1274 323 1306 998.
342 1278 382 1305 ut
396 1275 434 1306 et
447 1271 633 1305 Bucbnero
647 1274 864 1305 annotatum.

193 1376 271 1409 Nisi
282 1376 362 1410 utile
374 1379 437 1418 eat,
449 1375 690 1419 quodfucimus‚
702 1375 802 1408 stultu
816 1379 864 1408 est

143 1426 266 1470 gloria]
299 1427 492 1469 Eleganter
518 1427 693 1460 Lucilius:
730 1427 741 1446 ‘
757 1426 863 1460 Hunc

146 1479 303 1513 laborem
333 1488 461 1520 sumas,
485 1477 623 1511 laudem
647 1477 707 1521 qui
730 1476 796 1510 tibi
821 1487 863 1511 ac

150 1530 306 1564 fructum
331 1528 449 1563 ferat!
497 1529 582 1562 Non
606 1532 724 1561 tamen
749 1529 865 1561 omnia

147 1583 193 1616 ad
207 1582 396 1616 utilitatem
419 1580 617 1620 referenda,
635 1585 697 1613 aut
710 1579 776 1613 boc
791 1590 864 1613 mo-

149 1634 231 1668 dulo
243 1634 421 1668 metienda
433 1637 527 1666 sunt.
550 1632 638 1666 Rite.

193 1686 272 1720 Nisi
284 1685 364 1719 utile
377 1688 438 1727 m,
451 1685 534 1727 qaod
539 1683 695 1725 facimus,
705 1683 804 1716 staua
815 1686 863 1716 eet

145 1737 268 1780 gloria]
285 1735 483 1770 Zamoscius
495 1735 631 1768 notavit
642 1733 744 1770 Albae
754 1734 862 1769 Juliae

148 1787 184 1820 in
194 1786 306 1819 Dacia
316 1785 437 1830 (bodie
449 1785 584 1819 Transii
589 1783 703 1827 vania)
716 1784 865 1827 reperiri

148 1837 314 1881 lapidem,
329 1837 429 1880 eujus
444 1837 518 1871 haec
545 1836 738 1880 epigraphe
759 1837 864 1880 gemi-

1541 188 1630 232 543

914 305 968 329 ιιι»,
997 294 1245 330 defunctorum
1275 294 1521 338 superadditur
1555 294 1632 330 effi·

914 345 1003 390 giei:
1028 356 1116 381 urst.
1139 355 1263 381 utrm.
1286 355 1364 381 usa·-
1389 354 1504 382 αιιοι).
1531 355 1632 381 nct-

916 409 1002 443 mus,
1026 408 1172 434 swan.
1199 409 1271 433 επ.
1294 408 1447 434 ειοιιιΑ.
1492 401 1548 433 Ex
1562 400 1630 434 Za·

914 451 1042 485 moscio
1063 452 1152 486 banc
1176 451 1437 494 inscriptionem
1455 451 1631 486 Gruterus

913 502 950 536 iu
973 512 1100 545 corpus
1127 502 1394 544 inscriptionum
1423 503 1544 536 retulit
1574 513 1635 546 pa·

914 554 997 597 gina
1020 563 1057 587 10
1067 562 1266 588 cccxcvm.
1281 557 1335 587 16.
1379 554 1546 588 Extitisse
1569 555 1633 595 sd-

915 607 983 640 huc
997 611 1117 640 nostro
1142 612 1300 650 tempore
1325 606 1361 639 in
1386 616 1431 640 ea
1445 607 1532 640 urbe
1546 607 1633 650 lapi-

914 658 996 692 dem
1010 658 1106 692 illum
1122 668 1201 692 cum
1223 658 1290 691 hac
1314 657 1509 701 epigraphe
1523 662 1633 692 testa-

916 714 976 743 tur
1003 710 1177 744 Johanues
1207 710 1396 743 Trosterus
1430 709 1466 742 in
1496 709 1556 743 lib.
1581 719 1632 743 iv.

914 764 1013 795 c.21.
1035 762 1123 795 Dae.
1133 762 1226 795 Nov.
1242 759 1329 794 Ant.
1341 760 1549 803 Noribergoe
1563 761 1632 795 Ao.

917 815 1016 847 1666.
1031 813 1151 848 editae.
1194 813 1323 847 Similis
1333 817 1474 847 vetusta
1488 813 1598 855 ῑγνῶμη
1612 824 1634 847 e

915 864 1032 897 Publii
1047 865 1127 908 Syri
1141 864 1272 898 lambis
1288 864 1442 897 senariis
1459 866 1634 909 reperitur

915 915 952 948 in
981 916 1097 959 lapide
1126 915 1312 959 sepulcrali
1344 915 1503 950 Romano
1537 917 1632 961 apud

917 966 1060 1002 Gruter.
1084 977 1161 1010 pag.
1191 976 1229 1000 ιο
1240 976 1328 1000 ccoc
1339 975 1475 1002 xxvm.
1501 972 1536 1002 9.
1569 978 1631 1004 ΑΒ.

915 1028 1013 1053 Auo.
1026 1028 1171 1053 senuas.
1184 1027 1330 1052 summ.
1340 1026 1453 1054 ouon.
1470 1029 1631 1055 memus.

917 1070 1088 1103 Gruterus
1115 1070 1151 1102 in
1179 1069 1258 1112 Syri
1281 1068 1412 1102 lambis
1437 1070 1562 1112 edidit,
1580 1071 1633 1105 Ab

915 1121 980 1154 ulio
1006 1125 1127 1163 spectes
1140 1131 1152 1160 ,·
1175 1121 1255 1154 aliae
1281 1119 1469 1163 editiones,
1493 1123 1547 1155 Ab
1568 1123 1633 1155 alio

915 1176 1086 1216 exspectes.
1110 1173 1204 1207 Gud.

961 1227 1002 1257 13
1038 1224 1135 1257 Nihil
1163 1224 1275 1267 agere]
1306 1224 1537 1258 Scribendum
1564 1229 1634 1266 est,

918 1276 981 1308 Nil
1001 1285 1107 1316 agere.
1149 1275 1209 1309 Sic
1237 1275 1330 1308 enim
1355 1276 1486 1309 citatur·
1515 1285 1635 1309 versus

916 1326 974 1359 hic
999 1326 1058 1359 lib.
1082 1335 1135 1359 ιν.
1158 1336 1235 1369 cap.
1250 1329 1306 1359 23.
1333 1327 1419 1359 licet
1446 1337 1632 1370 perperam

917 1377 1091 1411 adductus
1115 1378 1150 1410 iu
1175 1377 1335 1421 antiquis.
1362 1378 1468 1418 Schef.
1513 1379 1636 1412 Subiu-

918 1428 1053 1471 tellige,
1062 1432 1227 1470 oportere
1243 1439 1252 1460 ι
1276 1427 1412 1470 ἐλλείψει
1425 1429 1559 1462 Graecis
1570 1430 1634 1462 usi—

918 1483 1005 1512 tata.
1050 1479 1231 1521 Occurrit,
1261 1479 1378 1512 nescio
1411 1489 1456 1512 an
1490 1485 1634 1513 auctore

918 1529 1080 1568 Phaedro,
1091 1529 1186 1562 idem
1201 1539 1320 1562 versus
1334 1529 1403 1562 fab.
1418 1533 1474 1562 80.
1496 1531 1633 1564 Pmsch.

917 1581 982 1614 Est
998 1591 1117 1614 versus
1131 1580 1303 1614 confictus
1318 1591 1360 1614 ex
1376 1581 1478 1614 simili
1492 1581 1560 1616 fab.
1577 1585 1633 1617 80.

917 1632 1035 1665 Heius.

963 1686 1004 1716 13
1040 1683 1136 1716 Nihil
1163 1693 1259 1724 agere
1282 1685 1364 1726 quod
1389 1694 1421 1717 n.
1444 1684 1497 1727 p.]
1533 1683 1634 1718 Infra

917 1733 978 1767 lib.
994 1743 1045 1767 xv.
1068 1734 1078 1752 ‘
1091 1733 1186 1767 Nihil
1199 1744 1316 1777 agere,
1327 1736 1419 1779 quod
1430 1746 1499 1769 non
1512 1737 1637 1781 prosit,

918 1784 1050 1819 fabella
1064 1785 1221 1820 indicat.'
1247 1787 1328 1829 Rig-

630 2126 890 2170 FABULA
941 2127 1138 2171 XVIII.

194 2294 340 2354 Pavo-ud
352 2294 525 2337 Junonem]
550 2294 770 2329 Camerarius
783 2305 865 2340 pag.

152 2349 227 2430 ΝΞ.
240 2346 366 2430 ga„
389 2398 547 2441 Lacinia]
580 2399 760 2433 Luscinius
774 2401 875 2442 ψιλά--

148 2459 266 2489 nonnos
279 2448 332 2482 nal
346 2447 518 2490 φιλόδοξος.
555 2450 679 2485 AElian.
692 2450 762 2494 περὶ
777 2451 865 2494 ζώων

149 2499 190 2534 ts.
205 2510 241 2534 v.
257 2511 335 2543 cap.
349 2503 404 2535 88.
426 2501 509 2542 Εἰς.

191 2551 379 2594 ικεοίιιίιἹ*
393 2551 589 2585 Luscinius’
605 2557 643 2586 et
653 2554 663 2572 ‘
676 2554 864 2596 Luscinia‚'

149 2602 162 2622 ⁴
177 2602 320 2636 Simins'
343 2607 383 2637 et
406 2602 562 2646 ‘Simia,’
585 2604 595 2623 ‘
609 2604 803 2639 Galeritus'
826 2611 864 2640 et

146 2654 158 2674 ⁴
173 2653 351 2688 Galerita'
378 2654 471 2697 apud
501 2656 702 2689 Varronem.
758 2657 862 2693 Quod

149 2708 265 2738 autem
282 2705 462 2739 existimat
479 2707 741 2750 Rittershusins,
768 2709 861 2751 apud

149 2765 253 2788 unum
268 2756 454 2790 Phaedrum
466 2758 615 2800 reperiri
627 2758 715 2793 hanc
732 2769 863 2803 vocem,

149 2806 302 2841 fallitur:
325 2818 403 2842 nam
429 2810 521 2852 apud
547 2810 715 2845 Senecam
747 2812 861 2855 Epist.

919 2305 1048 2330 ιΧΧνι.
1081 2306 1126 2330 ex
1156 2296 1306 2339 quinque
1333 2295 1503 2329 Palatinis
1528 2294 1631 2329 codd.

917 2348 1070 2391 legitur:
1095 2350 1105 2366 ‘
1125 2347 1244 2380 Habet
1260 2357 1395 2388 vocem,
1416 2346 1478 2379 sed
1501 2353 1633 2390 quanto

917 2399 1108 2432 dulciorem
1130 2398 1415 2440 mobilioremque
1446 2397 1634 2430 Luscinii?'

920 2450 1033 2485 Faber.
1064 2451 1136 2483 Pro
1150 2449 1304 2491 luscinioe,
1316 2453 1418 2491 putat
1434 2448 1633 2481 Rittersliu-

919 2501 1002 2543 sius,
1018 2501 1110 2545 apud
1135 2502 1245 2534 solum
1272 2500 1459 2533 Phaedrum
1475 2499 1633 2542 reperiri.

918 2554 996 2596 Ego
1021 2558 1137 2587 tamen
1165 2552 1268 2586 video
1293 2557 1331 2584 et
1358 2552 1394 2584 in
1420 2551 1555 2584 Glossis
1582 2551 1634 2585 ita

918 2605 1039 2647 scribi,
1066 2614 1260 2648 quanquam
1286 2603 1335 2636 ibi
1361 2608 1462 2636 extet
1484 2603 1633 2646 bucinus,

917 2656 1009 2700 quod
1038 2660 1124 2700 puto
1151 2665 1227 2688 esse
1243 2665 1400 2698 pravum.
1446 2655 1524 2689 Nisi
1540 2654 1634 2689 forte

916 2708 1006 2741 sicut
1044 2708 1194 2741 lasciuum
1232 2707 1353 2740 dixere
1390 2716 1454 2750 pro
1488 2708 1633 2749 luscinia,

917 2759 1010 2801 quod
1036 2759 1157 2791 itidem
1175 2758 1224 2791 ibi
1251 2758 1439 2801 reperitur,
1455 2758 1505 2791 sie
1523 2763 1559 2792 et
1572 2760 1633 2792 lus-

917 2813 1035 2855 einum,
1062 2822 1125 2855 pro
1150 2811 1292 2844 luscinio.
1337 2811 1429 2844 Sane
1463 2811 1631 2844 lusciniam
