1806 3236
240 221 326 264 576

240 336 327 367 sum,
349 325 360 345 ‘
377 323 561 367 Decipula'
583 324 767 366 leguntur:
799 324 875 358 Asi.
901 333 937 357 v-

239 380 291 410 11.
335 378 382 410 Et
405 377 438 408 in
460 375 591 408 Glossis
608 375 802 416 Philoxeni,
819 375 938 407 Musci-

234 428 343 469 pulum
356 426 541 468 reperitur.
574 425 682 465 Sches.

279 481 321 510 30
343 476 399 508 Sia
423 475 543 517 valeas]
585 476 628 508 Id
654 480 720 518 est,
747 477 847 518 plane
872 485 939 508 non

236 529 363 568 valeas,
377 527 466 560 sicut
481 536 546 559 uec
561 525 674 559 farina
692 536 740 568 es,
750 535 850 568 quam
866 534 939 558 esse

236 583 272 611 te
288 578 435 610 simulas.
470 577 596 619 Schiop.
642 577 684 609 Id
700 581 765 618 est,
779 577 867 608 male
880 585 938 618 pe-

235 639 326 662 reas.
370 627 529 668 Exempli
555 626 684 668 gratia3
718 626 746 658 si
774 626 836 658 tibi
861 635 939 658 cum

235 670 440 711 simulatore
459 681 496 709 et
520 675 637 718 infido,
658 676 783 718 quique
808 675 870 708 tibi
891 675 939 707 iu-

235 729 353 761 fensus
370 731 472 768 esset,
498 736 633 768 ageres,
659 736 774 769 posses
799 725 938 758 dicere:

230 773 293 811 vIta
309 779 432 819 valeas,
448 781 487 809 ut
511 776 594 809 mihi
620 787 663 809 ex
685 777 797 809 animo
813 775 939 808 amicus

235 839 286 862 es.
343 829 438 861 Nota
467 831 521 860 est
550 827 639 859 ratio
666 826 753 859 bene
781 825 939 867 optandi,

234 878 411 921 precandi,
439 880 506 910 &c.
539 887 610 920 qua
645 877 692 910 nil
726 875 939 918 frequentius

235 924 327 971 apud
357 928 527 962 Comicus.
565 927 681 960 Faber.
739 927 938 969 Eleganter,

233 981 349 1021 valeas,
363 979 458 1011 velut
473 978 693 1020 intelligebat
710 976 937 1010 farinam'non

234 1039 320 1062 esse.
364 1029 421 1062 Ita
434 1024 538 1061 infido
555 1037 672 1070 posses
685 1027 938 1069 dicere,inquit

234 1076 360 1120 Faber,
373 1079 423 1112 ita
450 1079 578 1120 valeas,
605 1083 644 1111 ut
669 1078 752 1110 mihi
768 1087 812 1110 ex
827 1077 939 1110 animo

233 1131 362 1163 amicus
387 1140 435 1163 es.
489 1130 635 1162 Plautus
662 1128 778 1162 Aulul.
807 1138 857 1162 ιν.
885 1131 938 1161 10.

233 1182 244 1199 ‘
262 1181 320 1213 Ita
335 1185 369 1213 te
383 1179 672 1222 amabitJupiter,
683 1184 722 1212 ut
735 1183 774 1212 tu
790 1180 903 1212 nescis
916 1178 938 1212 :'

236 1235 273 1264 et
296 1241 374 1274 cap.
396 1228 427 1264 ’3.
450 1235 482 1264 4.
505 1230 515 1248 ‘
533 1231 589 1262 Tu
603 1230 883 1272 Aristophontes,
897 1230 939 1262 de

234 1292 291 1315 me
312 1287 351 1314 ut
371 1280 538 1322 meruisti,
564 1281 612 1313 ita
628 1281 727 1313 vale?
769 1280 939 1312 Antonius

234 1333 328 1375 apud
351 1332 493 1365 Suetou.
509 1331 553 1364 ad
568 1330 716 1373 August.
733 1341 765 1364 c.
780 1334 834 1364 69.
858 1331 940 1363 ‘Ita

234 1384 365 1425 valeas,
389 1383 439 1414 uti
464 1386 514 1423 tu,
539 1382 628 1414 hauc
653 1381 835 1423 epistolam
863 1390 940 1414 cum

234 1433 343 1475 leges,
356 1442 424 1465 non
438 1431 578 1473 inieris,'
593 1433 657 1465 dcc.
701 1432 788 1466 Quae
802 1431 899 1464 loca
890 1441 940 1463 ιιι

232 1478 367 1516 dicavit
400 1482 548 1525 optimus
583 1481 789 1517 Gronovius.
832 1481 939 1522 Sem.

698 230 840 263 NOTAE.
872 228 1137 272 vARtomJM
1171 230 1223 264 IN

992 323 1135 357 Terent.
1158 322 1267 356 Andr.
1292 331 1344 356 tv.
1365 325 1398 356 2.
1418 322 1429 342 ‘
1445 322 1614 367 Valeant,
1630 322 1696 375 ui

991 374 1082 406 iuter
1097 374 1157 406 nos
1170 374 1348 408 discidium
1363 373 1504 407 volunt-²
1548 371 1700 409 Gruter?

992 423 1155 465 Inscript.
1170 426 1246 456 ⁷10.
1262 427 1313 457 10.
1336 425 1347 443 ‘
1363 417 1525 468 Quisquis
1539 433 1616 459 eum
1630 424 1692 461 ln-

992 475 1048 516 sit,
1063 475 1112 507 sic
1128 484 1204 507 cum
1221 474 1287 507 suis
1300 476 1426 508 valeat
1425 475 1436 490 ’
1683 467 1685 470 V

1035 525 1092 557 Sic
1105 525 1223 567 valeas]
1243 525 1425 559 Terentius
1442 525 1572 562 Heaut.
1588 535 1624 560 v-
1640 536 1690 561 ιε

991 577 1024 607 4.
1059 575 1069 594 ⁶
1086 574 1142 607 Ita
1165 575 1247 607 mihi
1271 579 1374 618 atque
1398 576 1477 611 huic
1500 577 1547 609 sis
1573 587 1692 620 super-

993 626 1088 657 stes!
1128 625 1244 658 Valer.
1269 625 1366 658 Max.
1390 634 1445 660 ix.
1469 630 1521 660 13.
1542 626 1553 645 ‘
1569 627 1627 660 Ita
1641 628 1692 661 vi-

992 685 1068 709 vam
1097 673 1221 708 daboz'
1254 675 1314 707 ubi
1335 676 1515 710 delendum
1539 682 1593 712 est
1613 678 1692 712 dabo

993 735 1035 757 ex
1052 724 1138 758 Mss.
1182 725 1293 758 Plane
1307 729 1422 759 autem
1444 726 1524 764 huic
1546 727 1635 761 loeo-
1648 728 1694 762 si-

992 778 1082 811 milis
1110 782 1165 811 est
1192 778 1251 810 ille
1278 772 1466 812 Martialis:
1503 778 1691 814 ‘sie-love

992 828 1156 862 flavorum
1193 829 1310 862 valeat
1344 838 1451 871 genus
1479 830 1691 874 Usipiornn,

994 879 1154 922 Quisquis
1171 883 1209 912 et
1231 878 1420 912 Ausonium
1435 889 1504 913 non
1518 885 1610 915 amat
1629 881 1692 917 in-

992 928 1148 971 perium.²
1192 928 1332 971 Inspice
1346 930 1481 963 locum·
1471 953 1482 970 ,
1503 930 1694 972 planem-

993 979 1126 1013 cordat.
1153 979 1237 1011 Gna.

1036 1029 1225 1071 Quoejaces]
1249 1029 1402 1072 Respicit
1417 1015 1572 1073 superius
1592 1029 1604 1050 ⁴
1618 1030 1692 1066 Ab·

986 1080 1077 1122 jecit
1091 1090 1151 1113 se·
1142 1080 1164 1120 ,’
1197 1080 1293 1122 quasi
1309 1080 1462 1114 diceret:
1493 1082 1641 1116 Simulat
1653 1085 1693 1114 te

984 1131 1105 1172 jacere
1119 1129 1338 1171 immobilem,
1353 1129 1472 1164 farinae
1486 1131 1617 1172 instem
1631 1140 1694 1164 ¹w-

991 1190 1077 1222 rum,
1089 1180 1117 1213 si
1131 1179 1333 1213 accederem
1348 1182 1500 1223 propius,
1510 1181 1613 1215 fieres
1622 1181 1694 1215 nni-

991 1235 1085 1262 mata
1114 1230 1330 1272 mobilisque,
1357 1240 1479 1273 meque
1509 1232 1692 1273 arriperes.

991 1280 1096 1320 Schef.
1140 1281 1180 1312 In
1205 1281 1248 1312 V.
1265 1280 1305 1312 C.
1333 1285 1384 1312 est
1405 1282 1498 1313 laces.
1539 1281 1695 1323 Lageae

984 1331 1098 1371 farina
1125 1331 1169 1363 mi
1199 1331 1310 1372 places.
1361 1331 1410 1371 Τῷ
1433 1330 1546 1371 farina
1573 1339 1693 1373 super-

993 1382 1125 1423 scripta
1149 1379 1216 1413 fuit
1251 1382 1363 1423 glossa
1388 1391 1468 1423 esca,
1493 1381 1575 1414 sive
1589 1390 1693 1422 ecqua,

993 1441 1070 1473 quae
1095 1431 1131 1463 in
1154 1434 1354 1463 contextum
1376 1430 1527 1475 irrepsit,
1545 1434 1585 1464 et
1611 1430 1692 1494 hinc

993 1481 1153 1515 fecerunt
1166 1490 1210 1525 es,
1223 1491 1301 1523 quoe.
1323 1480 1446 1514 Heius.

770 1742 1026 1793 FABULA
1073 1741 1168 1792 III.

286 1893 399 1938 Vulpes
423 1898 455 1928 et
474 1895 550 1937 uva]
593 1895 723 1938 Vulpes
739 1895 814 1928 uvis
840 1896 937 1937 pasci

238 1947 365 1979 docent
379 1950 415 1978 et
429 1955 536 1978 sacrae
551 1945 672 1978 literae.
703 1945 794 1978 Vide
805 1945 938 1978 Cautio.

239 2006 282 2029 11.
298 2000 350 2029 15.
379 1997 470 2038 quod
486 1996 622 2038 egregie
638 1996 802 2028 etiamex
812 1996 876 2028 hac
891 1994 941 2027 fa-

236 2047 328 2079 bella
357 2047 506 2081 illustrat
536 2047 728 2080 Bochartus
755 2047 789 2079 in
816 2045 941 2078 Hiero-

236 2098 320 2131 zoic.
336 2097 398 2130 lib.
413 2107 473 2131 111.
488 2100 541 2130 13.
563 2098 676 2131 Burm.

282 2151 301 2180 1
324 2148 421 2180 Fame
434 2149 555 2189 coacta]
576 2149 645 2182 Qui
659 2149 743 2189 vult,
754 2147 943 2181 contendat

238 2199 314 2231 haec
330 2208 408 2231 cum
423 2198 530 2232 Gabr.
545 2198 630 2230 Fab.
647 2201 699 2231 18.
720 2198 848 2240 AEsopo
858 2197 943 2230 Fab.

240 2253 315 2283 159.
339 2250 473 2283 Prason.

283 2302 382 2334 Fame
395 2305 502 2334 coacta
515 2301 632 2343 vulpis]
675 2300 835 2334 Babrius.
879 2301 942 2333 Ca-

240 2352 403 2384 merarius
418 2362 452 2394 p.
469 2354 544 2384 157.
565 2352 645 2391 Rig.

289 2401 412 2443 Vulpis]
434 2403 492 2434 Sic
507 2411 623 2444 supra,
645 2401 656 2418 ‘
672 2401 801 2434 Gruis!
835 2402 920 2433 (ἕνα.

283 2452 361 2484 Alta
375 2453 409 2483 in
423 2452 526 2494 vinea]
574 2452 717 2493 Vineam,
731 2453 820 2484 vites
836 2451 944 2484 nomi-

242 2506 303 2534 nat
316 2513 326 2541 3
349 2503 414 2534 alta
431 2502 528 2534 vinea
542 2505 607 2542 est,
618 2502 662 2534 ad
677 2502 828 2544 perticas
838 2502 945 2543 ligata.

243 2558 281 2585 et
295 2558 422 2586 erecta.
463 2554 573 2586 Varro
601 2553 644 2585 de
673 2553 719 2586 R.
744 2554 786 2586 R.
813 2563 840 2586 ι.
866 2563 897 2586 c.
912 2556 944 2585 8.

241 2604 251 2621 ‘
269 2603 391 2635 Multae
407 2603 540 2644 species
554 2604 676 2644 vineae,
688 2603 765 2636 aliae
782 2604 870 2636 enim
884 2604 943 2635 hu-

242 2653 340 2685 miles
356 2657 394 2685 et
408 2653 480 2685 sine
497 2653 624 2695 udicis,
638 2658 679 2687 ut
702 2655 739 2686 in
765 2654 946 2695 Hispania,

244 2703 322 2735 aliae
335 2703 508 2744 sublimes,
519 2707 557 2735 ut
569 2714 646 2746 quae
663 2704 878 2745 appellantur
887 2704 945 2744 ju-

246 2757 336 2794 gatae
350 2753 371 2785 :'
403 2753 543 2785 sublimis
569 2758 605 2786 et
620 2754 735 2795 jugata
752 2754 843 2786 vinea
859 2753 945 2784 Var-

243 2804 340 2843 roni3
378 2814 452 2846 quae
480 2804 534 2837 hic
559 2804 637 2837 alea.
694 2803 770 2837 Nisi
795 2799 947 2844 censeas,

992 1893 1170 1936 scripsisse
1183 1892 1290 1933 altam,
1301 1899 1343 1923 ac
1358 1888 1515 1922 retulisse
1530 1887 1574 1920 ad
1587 1895 1693 1929 um,

991 1949 1032 1978 ut
1053 1944 1100 1977 sit
1121 1944 1188 1975 aua
1210 1952 1284 1982 viva,
1306 1950 1384 1983 quae
1407 1940 1442 1972 in
1467 1939 1536 1972 alto
1551 1939 1692 1981 pendet.

993 1993 1099 2034 Schef.
1143 1992 1248 2035 Apud
1270 1990 1376 2024 Ovid.
1400 1990 1488 2023 Met.
1512 1998 1595 2022 1111.
1616 1991 1693 2022 800.

994 2055 1037 2078 ex
1060 2046 1145 2078 Mss.
1168 2044 1308 2086 legitur,
1329 2042 1492 2075 ‘Lentior
1517 2044 1554 2074 et
1581 2039 1696 2074 salicis

996 2097 1114 2139 virgis,
1127 2100 1164 2129 et
1188 2094 1314 2128 vitibus
1331 2093 1409 2126 altis
1421 2092 1444 2125 ι’
1477 2101 1540 2134 pro
1555 2091 1695 2133 vulgata

993 2148 1086 2189 albis,
1102 2146 1193 2189 quod
1215 2154 1283 2178 ιιοιι
1303 2153 1401 2187 aeque
1422 2142 1511 2176 bene
1524 2141 1571 2182 τῷ
1583 2140 1695 2173 lentim

996 2198 1169 2231 convenit.
1190 2197 1304 2229 Burm-

1038 2251 1059 2280 2
1085 2248 1184 2280 Uvam
1207 2244 1384 2288 appetebat]
1421 2204 1695 2284 Distinguendus

995 2299 1060 2332 hoc
1090 2298 1190 2330 modo
1226 2298 1336 2338 locus,
1377 2296 1478 2328 Uvam
1511 2293 1696 2336 afficiebat,-

995 2349 1123 2381 summis
1143 2348 1257 2380 saliens
1278 2347 1396 2379 viribus
1423 2346 1527 2382 Quam
1553 2347 1696 2385 tangere,

994 2401 1049 2441 ᾇτ’.
1073 2398 1192 2431 Heius.

1039 2452 1060 2481 4
1083 2449 1166 2481 Nolo
1180 2448 1319 2480 acerbam
1342 2445 1476 2487 sumere]

997 2500 1173 2542 Septemb.
1186 2500 1197 2518 ‘
1206 2498 1410 2532 Acerbitate
1422 2494 1565 2538 rigidam
1576 2496 1698 2534 uvam,’

997 2551 1096 2584 dixit.
1130 2550 1199 2583 Uva
1211 2549 1332 2589 acerba,
1341 2546 1460 2585 cruda,
1472 2542 1696 2585 ὅμφακίζονσα.

996 2602 1105 2633 Vetus
1121 2601 1234 2633 Gloss.
1257 2598 1402 2638 “omae
1421 2594 1545 2637 βότρυς,
1560 2593 1696 2626 Acerba

997 2651 1165 2691 uvasUva
1180 2647 1382 2680 immatura!
1427 2645 1527 2678 Unde
1550 2644 1696 2676 ‘Vinum

999 2698 1164 2731 crucium'
1186 2699 1337 2738 insuave,
1352 2696 1461 2729 Lucil.
1477 2694 1695 2736 virgunculae

999 2748 1148 2796 nondum
1175 2752 1316 2780 maturae
1341 2755 1405 2778 nec
1433 2743 1540 2785 ἀνδρὸς
1563 2740 1697 2777 aemma!

998 2801 1073 2834 uvis
1089 2799 1221 2833 acerbis
1247 2803 1282 2832 et
1306 2797 1422 2832 crudis
1443 2798 1695 2839 comparantur.

1520 2441 1695 2479 Palladius
