1806 3236
374 207 577 242 PHAEDRI
612 207 721 239 mn.
760 203 1064 237 AESOPJARUM
1099 202 1194 234 ma.
1227 201 1304 234 111.
1335 189 1380 233 8.

145 307 383 343 Narro-mut.
402 315 428 339 1.
454 315 484 339 c.
506 307 559 338 17.
583 306 593 323 ‘
610 303 761 337 Iuventa
775 306 856 335 sunt

144 358 298 403 specula,
323 361 364 391 ut
388 357 491 390 homo
516 356 592 398 ipse
621 364 660 388 se
684 357 857 388 nosceret.

144 410 321 446 Maltaex
342 409 411 442 hoe
437 411 642 448 consecuta,
668 405 781 449 primo
806 404 858 438 sui

143 460 282 501 mutia,
297 458 422 492 deinde
447 461 486 491 et
508 457 552 491 ad
568 456 728 500 quaedam
745 455 859 489 consi-

143 512 242 547 lium.
265 511 461 552 Formosus,
471 514 512 542 ut
521 509 652 542 vitaret
663 506 839 540 infamiam
849 516 860 547 ;

145 562 322 603 deformis,
335 565 376 594 nt
400 560 507 594 sciret
528 558 768 592 redimendum
783 567 860 590 esse

144 613 343 654 virtutibus,
356 610 520 655 quicquid
537 609 676 652 corpori
689 609 829 642 deesset
840 607 862 649 ;'

146 668 221 701 &tt-⁷
251 664 360 698 AElius
385 664 550 697 Donatus
575 662 611 694 in
631 660 862 704 Adelpb.Te-

147 720 238 750 rent.
283 716 294 734 ‘
319 715 435 748 Causa
469 711 676 755 inspiciendi
719 709 863 753 speculi,

147 765 348 800 emendatio
363 770 416 797 est
429 763 570 798 vultus:
608 762 784 796 Martialis
796 762 863 804 Ep.

148 826 204 850 ιι.
219 820 273 850 17.
296 817 306 835 ‘
322 815 509 850 Consilium
523 814 645 847 formae
658 811 863 856 speculum!

149 868 361 903 Plutarchus
383 867 562 908 Praecept.
587 865 726 908 conjug.
746 864 786 896 Ὃ
799 866 865 897 Συ·

150 919 267 964 κρέα-ης
290 917 418 952 ἐκέλευε
440 919 504 950 τῶν
516 914 784 959 ἑσοπριζομένων
797 927 866 947 νεα-

150 973 266 1006 νίσκων
283 971 358 1006 τοὺς
375 971 435 1014 μὲν
452 970 601 1014 αἰσχροὺς
626 969 866 1012 ἐπανορθοῦσθαι

149 1026 193 1070 τῇ
205 1026 313 1069 ἀρετῇ,
332 1023 408 1058 τοὺς
430 1023 464 1056 δὲ
487 1022 603 1056 καλοὺς
627 1021 671 1063 μὴ
690 1018 866 1061 καταισχύ-

151 1089 216 1111 νειν
227 1079 270 1122 τῇ·
282 1075 377 1120 κακίᾳ
390 1075 430 1108 τὸ
445 1074 534 1108 εἶδος.
548 1073 660 1107 καλὸν
663 1071 719 1106 οὖν
738 1070 791 1105 καὶ
781 1070 867 1110 ‘rhu

152 1126 398 1172 οιυοδέσποιναν,
411 1125 489 1158 ὅταν
503 1126 538 1158 ἐν
550 1126 620 1158 ταῖς
628 1122 740 1166 χερσὶν
753 1121 814 1165 ἔχῃ
827 1119 867 1153 τὸ

153 1178 319 1222 ἔσοπτρον,
334 1177 480 1217 αοτὴνέν
498 1177 597 1219 ἑαυτῇ
618 1174 795 1214 διαλαλεῖν,
806 1171 868 1211 τὴν

152 1228 374 1272 pbr-lemn,
385 1226 538 1261 vtovrav
557 1226 602 1268 μὴ
625 1222 867 1268 «demvm

152 1280 304 1324 μαιςτὴν
318 1277 527 1319 &tarnim-ri
547 1277 655 1312 οὖνᾶν
671 1273 869 1319 σώφρωνγέ-

154 1343 272 1375 rou-⁸3
308 1332 411 1366 Circe
436 1329 530 1373 apud
559 1329 763 1363 Petronium
792 1327 868 1360 Sat.

154 1386 166 1405 ⁴
183 1383 351 1428 Nunqnid
383 1383 428 1416 ab
455 1382 572 1425 aliquo
601 1380 751 1414 naturali
780 1378 868 1412 vitio

153 1434 298 1470 formam
319 1443 432 1467 meam
453 1442 596 1466 excaeco
608 1431 632 1464 ?'
655 1431 742 1464 Mali
756 1439 869 1462 mores

156 1487 295 1531 καθάπερ
314 1486 406 1525 λόβοι
424 1484 468 1519 εἰς
487 1484 680 1527 ὡραιότατον
690 1481 869 1526 πρόσωπον.

156 1541 275 1575 Nicet.
302 1548 328 1572 1.
355 1538 454 1571 Man.
478 1537 658 1570 Commen-
699 1534 870 1577 Apuleius

156 1592 193 1624 in
211 1589 381 1633 Apologia
395 1598 460 1631 pro
475 1597 533 1621 se:
556 1587 566 1606 ‘
583 1586 640 1620 An
657 1595 727 1619 non
749 1585 872 1618 Socra-

159 1642 241 1684 tes,’
253 1643 320 1676 ὅτε.
357 1641 436 1681 Rig.

204 1692 402 1734 fisos-mant
426 1701 466 1724 ne
488 1688 684 1732 commpas]
710 1687 802 1720 Usus
817 1689 873 1719 est

159 1746 195 1778 in
205 1743 396 1787 juvenibus
417 1741 550 1784 speculi
567 1740 656 1773 iste:
681 1739 715 1771 in
731 1737 873 1770 senibus

160 1805 245 1829 vero
256 1794 336 1838 quis
354 1802 432 1826 esse
456 1791 580 1835 possit,
595 1791 700 1823 docet
725 1790 873 1822 Plautus

161 1846 298 1890 Epidio.
326 1853 385 1878 nr.
400 1853 459 1877 sc.
483 1845 516 1876 8.
560 1842 738 1875 Caeterum
767 1839 873 1879 idem,

161 1897 256 1942 quod
271 1900 374 1939 pater
386 1895 443 1928 bic
456 1893 537 1927 filiis
552 1892 692 1932 suadet,
706 1890 875 1924 suadebat

162 1948 318 1982 omnibns
347 1947 523 1980 Socrates.
566 1944 711 1984 Ξννεχῶς
739 1950 877 1983 nempe,

163 1997 438 2041 κατοπτρίζεσθαι,
445 1995 497 2038 ἵν’,
509 1994 537 2028 εἶ
544 1994 602 2036 μὲν
613 1993 706 2026 καλοὶ
717 1991 789 2030 εἶεν,
801 1991 878 2032 ἄξιοι

163 2050 335 2092 γίγνοιντο.
347 2047 374 2080 εἰ
385 2047 412 2080 δ’
427 2045 567 2089 αἰσχροὶ,
575 2044 699 2088 παιδείᾳ
707 2043 767 2082 τὴν
774 2045 879 2075 δυσευ-

165 2100 250 2134 δείαν
271 2097 524 2133 ἐπικαλύπτοιεν.
556 2097 641 2129 Neo.
697 2093 878 2127 Distribu-

165 2154 239 2187 tive
254 2150 399 2194 respicit
413 2148 533 2182 filium.
564 2146 669 2185 Schaeff.

209 2203 357 2237 Fon-mm
372 2210 410 2234 ne
422 2208 604 2240 corrumpas
613 2196 764 2239 nequitiae
772 2195 880 2238 mulis]

164 2254 332 2288 Similiter
345 2253 493 2286 Plautus
509 2249 737 2283 Mostellaria.
770 2248 858 2281 Ritt.

210 2303 374 2348 Nequitia
381 2302 489 2344 mulis]
505 2300 596 2334 Illud
609 2299 701 2332 malis
713 2308 780 2331 non
791 2298 880 2331 bene

165 2355 378 2400 respondere
402 2351 616 2397 praecedenti
627 2350 770 2390 formum
785 2349 880 2382 vide-

166 2414 234 2443 tur.
258 2409 351 2451 Ergo
365 2406 552 2439 scriberem
569 2403 678 2436 maelis
687 2405 880 2441 contracte,

167 2470 244 2504 pro,
257 2458 412 2492 maculis.
450 2456 587 2489 Maenalis
601 2463 799 2496 corrumpere
814 2457 880 2492 est,

167 2510 430 2544 commaculare.
453 2507 584 2540 Verum
595 2505 780 2539 Faberhoc
789 2504 880 2536 baud

168 2566 271 2609 putat
282 2570 358 2595 esse
369 2560 545 2599 Latinum,
553 2567 618 2590 nec
630 2567 651 2589 a
662 2555 753 2589 bona
764 2558 882 2588 mente

169 2612 323 2656 probari.
366 2611 515 2651 Vellem,
529 2617 667 2642 causam
688 2605 883 2640 addidisset

170 2664 329 2708 aliquam.
358 2662 396 2695 Si
412 2661 504 2694 enim
519 2659 680 2693 Latinum
696 2661 765 2699 est,
780 2657 790 2675 ‘
801 2658 884 2691 Cor-

171 2722 331 2757 rumpere
348 2713 475 2747 ocellos
495 2709 701 2754 lachrymis,'
716 2708 808 2753 quod
823 2709 883 2741 ha-

173 2765 235 2798 bet
252 2765 396 2798 Plautus
422 2769 460 2796 et
486 2762 648 2803 Ovidius,
671 2770 734 2795 cur
755 2770 823 2793 non
837 2760 883 2793 sit

173 2815 348 2856 Latinum,
363 2813 716 2856 eorrumperesormm
730 2809 884 2845 maculis?

175 2866 223 2899 At
241 2866 377 2909 pergit:
404 2867 414 2884 ‘
431 2866 494 2899 Cui
519 2863 771 2908 persuadeatur
792 2864 884 2906 prio-

1534 189 1621 232 509

908 311 982 334 rem
1008 300 1045 333 in
1073 299 1184 333 mactis
1209 297 1341 341 corripi
1368 296 1493 341 posse?
1530 296 1623 330 Nam

908 352 1046 386 etiamsi
1061 351 1097 385 in
1112 351 1234 384 macula
1248 349 1363 384 brevis
1380 352 1446 390 est,
1460 351 1622 382 naturam

910 409 1026 437 tamen
1041 402 1205 445 mutabit,
1218 401 1247 436 si
1263 411 1333 434 una
1354 400 1409 434 sui
1429 404 1532 444 parte
1551 409 1625 433 mu-

910 455 1057 490 tiletur!
1106 455 1216 490 Quasi
1242 465 1327 488 vero
1354 453 1469 486 nullus
1493 445 1628 485 existat

911 507 1079 549 senarius,
1106 506 1166 550 qui
1195 506 1230 539 in
1263 505 1333 538 fine
1363 504 1493 537 habeat
1521 512 1625 546 spon·

911 561 1038 594 daeum.
1082 560 1155 593 Cur
1169 569 1252 601 ergo
1273 568 1344 591 non
1365 556 1519 590 correxit
1543 565 1627 599 quo-

910 621 979 656 que
1002 611 1066 644 lib.
1084 620 1120 644 v.
1146 611 1238 654 prol.
1254 610 1332 644 10.?
1368 609 1552 641 Praeterea
1574 606 1624 640 sic

913 663 1069 696 occurrit
1096 672 1232 706 quoque
1269 661 1363 704 apud
1396 660 1561 692 Plautum
1590 657 1627 691 in

914 714 1175 757 Amphitruonis
1200 713 1377 755 Prologo:
1402 713 1412 730 ‘
1431 712 1523 744 Nam
1547 719 1626 743 cum

913 767 1074 802 Telebois
1091 767 1221 800 bellum
1242 771 1298 799 est
1312 764 1482 798 Thebano
1499 761 1628 806 poplo!

917 820 964 852 Et
988 818 1189 852 Martialem
1212 817 1336 860 Epigr.
1350 825 1409 848 ιιι.
1424 817 1480 847 22.
1502 814 1512 832 ‘
1529 814 1628 847 Sum-

915 880 973 903 ma
987 879 1156 902 venenum
1170 868 1311 911 potione
1321 864 1526 910 perduxistis
1547 863 1628 896 Hoc

917 923 1009 955 enim
1033 922 1136 955 modo
1151 920 1338 964 legendum
1358 919 1410 952 ibi
1436 917 1629 951 Scriverius

917 973 981 1015 ait,
1007 977 1045 1006 et
1069 973 1134 1016 Ep.
1161 972 1220 1004 lib.
1237 981 1287 1005 ιν.
1301 973 1358 1004 61.
1382 971 1392 989 ‘
1411 970 1556 1011 Emptas
1579 967 1630 999 la-

917 1033 1040 1058 cernas
1053 1021 1203 1065 millibus
1218 1022 1339 1055 decem
1354 1019 1467 1053 dixti!
1502 1019 1630 1061 Itaque

918 1074 1103 1119 quaerenda
1127 1074 1216 1106 ratio
1243 1077 1297 1105 est
1321 1072 1403 1113 alia,
1427 1080 1528 1114 quam
1551 1078 1630 1102 cum

919 1127 1075 1160 omiserit
1121 1125 1247 1165 Faber,
1282 1134 1346 1157 nos
1393 1121 1632 1155 indicabimus.

918 1178 1010 1211 Nam
1036 1181 1074 1210 et
1102 1176 1200 1209 nobis
1228 1174 1394 1218 displicet
1431 1183 1524 1206 nunc
1564 1173 1633 1205 ista

918 1233 1038 1262 nostra
1066 1228 1280 1270 conjectura,
1319 1235 1389 1258 non
1420 1229 1491 1258 tam
1517 1223 1561 1257 iis
1587 1224 1633 1257 de

919 1280 1062 1322 caussis,
1082 1289 1167 1322 quas
1192 1278 1354 1312 recitavit
1379 1276 1505 1318 Faber,
1529 1285 1633 1319 quam

920 1332 1011 1376 quod
1027 1341 1092 1374 per
1107 1341 1184 1364 eam
1209 1333 1333 1372 pereat
1348 1327 1538 1371 oppositio,
1553 1336 1632 1369 quae

919 1382 1090 1416 servanda
1121 1382 1157 1414 in
1187 1381 1344 1414 oratioue
1375 1384 1451 1413 tota
1481 1378 1633 1411 videtur.

921 1435 1022 1468 Sicut
1046 1434 1155 1476 igitur
1181 1433 1403 1466 nominantur
1428 1440 1529 1464 mores
1549 1430 1635 1470 boni,

921 1486 971 1519 sic
1002 1486 1106 1528 plane
1134 1485 1185 1517 bis
1213 1483 1359 1516 adversa
1387 1482 1471 1524 poni
1494 1481 1639 1522 debent,

922 1547 992 1570 non
1006 1538 1137 1571 maculoe
1160 1535 1344 1580 nequitiae,
1367 1535 1429 1567 sed
1453 1535 1547 1567 mala.
1591 1532 1636 1565 Id

923 1589 1016 1632 quod
1032 1589 1108 1631 jam
1135 1593 1217 1621 ante
1247 1595 1374 1619 annum
1399 1595 1467 1617 nou
1488 1583 1637 1616 vidimus

922 1639 1148 1681 solummodo,
1173 1639 1234 1671 sed
1261 1642 1298 1671 et
1314 1636 1455 1680 publice
1471 1634 1640 1668 auditori-

923 1691 987 1724 bus
1001 1691 1128 1723 nostris
1140 1690 1379 1723 indicavimus.
1395 1686 1503 1727 Schef.
1525 1687 1638 1718 Recte

922 1742 1015 1775 malis
1029 1742 1211 1774 retinetur.
1247 1740 1306 1773 Sic
1329 1740 1363 1772 in
1379 1738 1555 1771 versiculis
1571 1737 1638 1769 illis

923 1793 1014 1835 apud
1030 1792 1208 1835 Lamprid.
1225 1791 1346 1824 Sever.
1364 1800 1395 1823 c.
1411 1793 1464 1822 38.
1480 1789 1490 1808 ‘
1509 1789 1559 1821 Ut
1575 1788 1637 1821 fias

925 1845 1030 1878 animi
1056 1844 1154 1876 malis
1178 1843 1326 1886 repulsis
1341 1841 1508 1882 Pulcher,
1523 1850 1568 1873 ne
1588 1839 1641 1873 in·

923 1896 1043 1928 videas
1058 1895 1170 1927 livore
1182 1893 1310 1926 mentis
1322 1892 1345 1924 :’
1365 1897 1402 1925 et
1426 1892 1477 1925 ita
1497 1891 1577 1924 bema
1602 1895 1640 1924 et

924 1947 1009 1979 mula
1024 1946 1067 1978 de
1083 1945 1210 1977 mentis
1225 1948 1262 1977 et
1280 1943 1437 1986 corporis
1451 1941 1641 1985 pulchritu-

927 1997 1008 2030 dine
1024 2002 1060 2030 et
1070 1996 1306 2029 deformitate.
1325 1994 1384 2026 Ita
1400 1997 1410 2013 ‘
1422 1995 1522 2026 Bona
1534 1993 1640 2025 Hele-

927 2047 1011 2088 nes,’
1027 2052 1080 2080 est
1102 2046 1212 2079 forma
1232 2047 1321 2088 ejus,
1337 2044 1444 2079 Ovid.
1458 2045 1526 2086 Ep.
1544 2052 1641 2076 xvn.

929 2101 1005 2131 134.
1024 2104 1059 2130 et
1075 2098 1189 2139 Epist.
1206 2105 1289 2129 xxx.
1302 2098 1356 2128 38.
1375 2095 1385 2113 ‘
1402 2095 1552 2137 Proprio
1569 2094 1641 2127 vul-

928 2159 1033 2181 neror
1048 2149 1124 2191 ipsa
1139 2147 1229 2180 bono
1241 2146 1263 2180 :’
1291 2146 1327 2179 id
1356 2151 1424 2187 est,
1451 2146 1640 2188 pulchritu-

929 2200 1023 2232 dine.
1063 2198 1146 2232 vid.
1164 2199 1301 2231 Passer.
1321 2197 1366 2231 ad
1382 2198 1490 2240 Prop.
1512 2207 1539 2230 1.
1556 2201 1590 2231 2.
1605 2200 1638 2230 6.

931 2252 1058 2285 Nazar.
1084 2250 1260 2292 Panegyr.
1283 2259 1314 2282 c.
1330 2251 1386 2282 34.
1413 2250 1423 2267 ‘
1439 2249 1504 2282 Cui
1530 2247 1642 2281 forma

930 2301 1146 2335 emendatior
1173 2299 1292 2341 fuerit,
1317 2299 1399 2332 boni
1428 2300 1479 2333 sui
1506 2297 1643 2342 piguit!

929 2354 987 2387 Sic
1000 2353 1011 2371 ⁴
1029 2352 1146 2386 Animi
1162 2350 1270 2384 bona'
1284 2351 1402 2384 Valer.
1418 2350 1517 2384 Max.
1528 2359 1598 2383 vu.
1610 2353 1644 2383 3.

930 2405 1010 2438 Vid.
1037 2404 1081 2436 ad
1109 2404 1254 2436 Petron.
1270 2411 1348 2444 cap.
1363 2404 1416 2435 75.
1438 2406 1476 2434 et
1491 2401 1542 2434 ita
1556 2401 1643 2434 bonoe

931 2461 968 2489 et
993 2457 1086 2489 maloe
1113 2455 1252 2498 puellae,
1267 2453 1347 2485 bona
1368 2457 1405 2486 et
1427 2453 1509 2485 mata
1534 2461 1644 2494 mens,

930 2518 1055 2551 mores,
1075 2510 1140 2541 διο.
1170 2511 1208 2540 et
1234 2508 1301 2539 huc
1327 2505 1413 2539 facit
1433 2505 1518 2538 illud
1535 2504 1644 2539 Ovid.

931 2560 1052 2594 Amor.
1074 2569 1118 2592 ιι.
1142 2562 1195 2592 10.
1225 2559 1235 2577 ‘
1254 2558 1334 2590 Non
1357 2556 1442 2590 facit
1466 2556 1509 2588 ad
1530 2565 1642 2589 mores

931 2616 1002 2644 tam
1019 2612 1111 2644 bona
1135 2609 1247 2643 forma
1273 2609 1405 2642 malos.'
1421 2633 1425 2637 .
1444 2609 1491 2641 Et
1506 2608 1541 2640 in
1556 2608 1645 2640 hanc

933 2663 1139 2697 sententiam
1155 2661 1304 2703 plurima
1325 2659 1418 2702 apud
1433 2663 1570 2692 veteres
1586 2668 1644 2692 oc-

933 2719 1091 2749 currunt.
1133 2714 1275 2746 Terent.
1297 2712 1429 2744 Heant.
1454 2720 1497 2744 11.
1519 2714 1551 2744 4.
1575 2711 1586 2729 ‘
1600 2710 1644 2743 Id

934 2777 1012 2800 cum
1027 2765 1202 2805 studuisti,
1227 2769 1268 2797 ut
1294 2763 1415 2796 formae
1437 2773 1550 2796 mores
1565 2772 1646 2796 con-

934 2817 1063 2851 similes
1079 2814 1218 2848 ferent!
1256 2815 1373 2848 Plaut.
1389 2814 1488 2847 Poen.
1503 2823 1528 2847 ι.
1542 2817 1574 2847 2.
1589 2816 1644 2847 93.

933 2870 942 2887 ‘
962 2868 1148 2901 Pulchrum
1178 2871 1336 2900 ornatum
1374 2871 1494 2909 turpes
1530 2875 1644 2899 mores
