1806 3236
255 253 342 298 556

247 362 340 392 sunt.
384 357 443 391 Sic
465 365 571 400 supra
596 356 711 399 posuit
737 356 748 375 ‘
763 355 959 389 Innoxium’

249 410 355 449 Sches.

291 459 490 505 Insolentiis]
510 459 552 493 In
568 459 706 502 plurali,
720 469 797 502 pro,
812 459 961 492 insolen-

248 512 311 554 tia,
331 516 371 544 nt
385 515 512 554 augeat
526 511 608 544 mali
629 511 910 553 magnitudinem,
923 515 961 544 et

249 563 300 595 sic
339 562 598 595 miserationem
628 561 764 595 facilius
796 561 960 595 inveniat.

290 669 334 698 32
355 665 559 709 Apparebat
584 665 736 708 tempore]
770 665 821 699 Ut
842 663 960 699 Graeci

247 715 370 749 dicunt
395 715 516 760 Χρόνῳ,
543 717 628 749 item
654 715 794 759 κρόκοις
829 715 865 748 id
893 719 960 757 est,

246 766 401 800 tandem.
445 767 615 810 Exempla
639 768 750 800 multa
772 765 864 810 apud
889 767 961 799 En·

246 817 394 859 ripidem
411 818 563 861 aliosque
580 822 779 852 occurrunt.
823 817 962 851 Alludit

245 874 363 903 autem
379 869 478 903 simul
494 869 539 903 ad
563 869 771 903 sententiam
797 876 870 903 vet.
884 879 959 902 ver·

245 930 326 953 sus:
355 919 446 961 ''A7ec
471 919 505 953 δὲ
533 919 609 964 πρὸς
637 923 703 962 φῶς
727 920 788 959 τὴν
811 918 960 959 ἀλήθειαν

244 971 366 1014 χρόνος.
410 971 453 1004 Id
467 975 546 1005 est:
585 972 616 1005 A
639 975 777 1014 tempore
803 971 838 1005 in
862 972 959 1004 lucem

239 1025 405 1065 profertur
419 1024 555 1056 veritas.
585 1023 675 1056 Ritt.

287 1074 496 1117 Apparebat
525 1073 677 1117 tempore]
712 1073 822 1107 Rutil.
839 1074 957 1117 Lupus

245 1124 289 1157 de
305 1125 382 1167 Fig.
397 1125 495 1158 Sent.
522 1125 582 1158 lib.
599 1133 627 1158 ι.
671 1126 683 1144 ‘
699 1125 802 1159 Quod
827 1125 959 1158 benefi-

245 1176 336 1209 cium
356 1183 512 1218 tempore
526 1180 564 1208 et
581 1175 739 1218 cupienti
752 1175 869 1218 datur,
881 1186 958 1218 gra-

249 1231 322 1259 tum
339 1227 417 1269 est,’
430 1229 496 1260 ἃς.
520 1227 601 1268 Rig.

290 1276 453 1319 Tempore]
478 1278 560 1318 Pro,
583 1277 619 1309 in
636 1280 807 1319 tempore.
831 1277 956 1311 Cicero

245 1328 350 1362 Offic.
366 1338 408 1363 11.
430 1329 441 1348 ‘
457 1327 514 1361 Ad
529 1338 659 1362 coeuam
673 1333 828 1371 tempore
838 1328 958 1363 venit?

243 1380 291 1413 Et
307 1380 372 1422 Ep.
385 1379 447 1412 lib.
463 1388 530 1412 vn-
547 1382 600 1412 1⁰.
615 1379 659 1412 ad
673 1380 778 1413 Treb.
813 1380 824 1398 ‘
841 1379 957 1413 Reno·

241 1431 334 1464 vabo
347 1430 762 1473 commendationem‚sed
773 1430 956 1474 tempore!

243 1482 347 1516 Adde
362 1482 520 1515 vossium
536 1482 581 1515 de
597 1483 737 1516 Constr.
762 1492 793 1516 c.
808 1485 863 1515 66.
909 1483 956 1516 N.

243 1533 426 1567 Heinsinm
455 1533 500 1566 ad
530 1533 638 1566 Ovid.
663 1532 812 1567 Heroid.
841 1533 954 1576 Epist.

242 1593 295 1618 tv.
309 1593 362 1618 vs.
377 1587 452 1617 109.
476 1583 585 1624 Schef.
642 1585 754 1617 Plena
779 1584 956 1617 locutione

242 1636 334 1668 dixit
368 1636 552 1668 Terentius
582 1635 712 1668 Heaut.
743 1644 786 1668 11.
811 1637 843 1669 2.
885 1635 956 1668 ‘In

243 1692 402 1729 tempore
417 1687 462 1720 ad
474 1697 549 1720 eam
562 1688 639 1720 veni
653 1686 676 1719 ε’
700 1691 737 1720 et
752 1697 844 1729 saepe
859 1687 955 1720 alibi.

242 1738 335 1771 Flor.
350 1747 407 1771 ιιι.
423 1741 455 1772 3.
493 1739 503 1757 ‘
522 1738 655 1770 Marius
671 1737 706 1770 in
722 1743 882 1780 ternpore
898 1748 956 1780 ag-

242 1797 379 1829 gressus
403 1786 484 1820 est!
529 1786 632 1819 Ovid.
660 1788 773 1830 Epist.
804 1796 854 1820 xv,
881 1790 955 1821 109.

241 1838 252 1856 ⁴
268 1839 438 1880 Tempore
455 1838 552 1871 abest
565 1837 588 1870 ε’
612 1837 672 1871 ubi
694 1837 764 1870 vid.
780 1838 902 1870 Heius.
919 1842 956 1871 et

241 1889 376 1922 Victor.
391 1889 473 1922 Var.
487 1889 585 1921 Lect.
600 1897 750 1922 xxxvu.
763 1891 818 1921 16.
840 1889 954 1921 Burm.

286 1943 328 1973 33
351 1941 433 1982 Legi
441 1951 521 1982 puer·
535 1940 738 1982 sententiam]
760 1939 846 1973 Ideo
862 1940 952 1973 enim

242 1992 344 2035 pueri
373 1992 555 2025 ediscimus
580 1991 772 2024 Poetarum
802 2000 955 2033 gnomas,

242 2048 282 2076 ut
297 2043 378 2076 olim
395 2042 462 2075 viri
475 2042 560 2075 facti
581 2042 617 2075 in
641 2041 800 2084 gravibus
825 2042 954 2074 delibe-

242 2095 436 2129 rationibus
451 2099 555 2138 atque
570 2094 614 2128 ad
638 2104 755 2128 omnes
779 2094 859 2127 vitae
875 2103 955 2136 par·

242 2151 295 2179 tes
321 2146 390 2179 illis
428 2150 585 2179 utamur:
619 2150 660 2179 ut
696 2145 873 2178 verissime
905 2145 956 2178 ait

242 2198 420 2230 AEschines
444 2197 480 2229 in
491 2196 777 2238 Ctesiphontem.
823 2196 955 2229 Versus

241 2254 359 2282 autem
393 2258 540 2291 sequens
579 2257 623 2280 ex
660 2248 763 2280 Ennii
797 2248 955 2289 Telepho

242 2306 373 2333 sumtus
402 2304 479 2333 est:
516 2299 607 2342 quod
625 2309 681 2331 me
697 2299 816 2331 docuit
830 2300 955 2331 Festus

242 2351 275 2384 in
305 2351 446 2383 Mutire:
481 2350 538 2383 ubi
569 2355 684 2382 tamen
724 2349 775 2381 sic
804 2351 954 2391 legitur:

243 2402 360 2434 Palam
372 2401 487 2433 mutire
494 2399 612 2442 plebeio
620 2400 776 2442 piaculum
789 2403 846 2432 est.
864 2400 896 2432 N
900 2410 956 2441 on,

243 2457 284 2485 ut
300 2453 365 2495 hic,
376 2452 550 2493 periculum
562 2455 618 2484 est.
652 2452 741 2484 Utra
757 2451 896 2492 peusior
909 2452 956 2484 sit

243 2503 366 2543 lectio,
395 2502 450 2534 οὐκ
488 2501 552 2542 ἔχω
593 2500 700 2533 εἰπεῖν.
747 2501 953 2543 Quanquam

243 2553 436 2595 Schoppins
462 2562 559 2585 meus
579 2551 802 2594 praeferebat,
829 2552 954 2592 pericu-

243 2605 306 2636 lum
321 2615 334 2642 ‚·
358 2603 495 2636 Nathan
517 2604 700 2644 Chytraeus
710 2602 868 2643 piaculum
882 2612 953 2634 ma-

243 2654 351 2688 lebat.
396 2654 468 2687 Pro
489 2654 617 2687 memini
644 2661 763 2686 versus
778 2653 954 2695 postulare

716 261 860 295 NO'rAE
894 261 1117 296 VAmoRu
1127 262 1161 294 M
1195 262 1248 296 IN

1016 356 1157 390 videtur
1170 357 1348 392 meminero.
1390 358 1486 392 Ritt.

1059 408 1160 445 Quam
1174 408 1267 450 puer]
1288 409 1357 441 Ms·
1367 409 1471 450 pueri.
1495 407 1591 442 Gud.

1056 460 1099 491 84
1123 459 1237 491 Palam
1259 459 1390 501 mutire]
1426 459 1532 493 Haud
1547 458 1651 493 dubie
1665 462 1720 494 est

1012 507 1212 551 ἡμαρτημέν’]
1247 508 1376 552 γραφὴῂ
1396 510 1721 555 restituendumqne

1010 560 1169 602 piaculum
1186 570 1249 603 pro
1257 561 1453 603 periculum3
1474 571 1551 595 nam
1566 562 1616 595 ita
1630 561 1720 596 inte-

1013 621 1077 654 ger
1091 621 1210 645 versus
1224 612 1268 645 ab
1282 613 1395 646 Ennio
1420 613 1593 656 quondam
1612 613 1721 656 scrip-

1013 665 1070 696 tus
1092 662 1220 704 fuerat,
1249 667 1289 696 nt
1321 663 1414 707 apud
1438 665 1579 698 Festum
1604 665 1721 708 legere

1013 717 1089 746 est:
1113 714 1229 749 Palam
1242 715 1357 747 mutire
1366 714 1484 757 plebeio
1493 714 1650 757 piaculum
1660 719 1720 749 ent.

1012 767 1112 801 Istuc
1126 768 1239 811 ipsum
1262 772 1330 810 est,
1345 767 1438 812 quod
1462 767 1588 801 alicubi
1601 767 1720 802 facete

1013 818 1105 852 dixit
1142 819 1348 854 Juvenalis:
1404 819 1415 838 ‘
1438 818 1593 852 Plurima
1628 823 1722 862 snut,

1011 879 1089 912 quae
1120 870 1200 903 Nou
1226 869 1358 902 audent
1391 868 1547 903 homines
1579 873 1722 912 pertusa

1012 918 1131 953 dicere
1146 919 1256 953 laenass
1288 919 1402 953 Faber.
1443 921 1575 954 Versus
1588 919 1652 953 hic
1666 924 1722 954 est

1011 971 1129 1014 Ennii,
1155 975 1196 1005 ut
1230 981 1275 1004 ex
1305 971 1412 1004 Festo
1448 970 1571 1015 liquet.
1614 968 1666 1004 At
1690 969 1720 1003 is

1010 1023 1200 1066 scripserat
1220 1021 1391 1065 piaculum.
1433 1021 1527 1063 Ergo
1547 1025 1585 1054 et
1599 1021 1657 1054 bic
1671 1022 1722 1054 ait

1010 1073 1124 1107 Faber
1136 1073 1189 1106 sic
1201 1071 1435 1106 scribendum.
1467 1070 1537 1106 Sed
1551 1070 1627 1115 quis
1639 1071 1721 1114 scit,

1011 1133 1092 1157 num
1109 1124 1229 1157 Festus
1251 1128 1348 1156 recte
1369 1122 1518 1156 Ennium
1533 1122 1724 1166 exscripse-

1011 1175 1070 1216 rit,
1086 1179 1146 1208 aut
1162 1174 1188 1207 ii
1210 1175 1364 1216 Festum,
1385 1174 1450 1217 qui
1476 1171 1578 1207 nobis
1602 1172 1721 1207 edide-

1011 1225 1115 1260 runt?
1149 1225 1218 1259 Sed
1236 1230 1274 1259 et
1295 1226 1410 1258 solent
1423 1224 1610 1268 aliquando
1621 1228 1720 1258 vete-

1011 1286 1079 1318 res,
1109 1277 1190 1310 dum
1228 1276 1407 1309 adducunt
1445 1275 1545 1316 talia,
1583 1279 1720 1308 mutare

1010 1328 1130 1370 paucis
1146 1328 1181 1360 iu
1202 1337 1281 1360 suos
1303 1336 1405 1369 usus.¹
1439 1325 1565 1369 Itaque
1578 1326 1636 1359 hic
1650 1326 1722 1359 lec-

1011 1378 1141 1411 tionem
1157 1382 1334 1420 receptam
1349 1376 1497 1410 retineo.
1511 1376 1620 1417 Sckef.
1644 1378 1721 1420 Ego

1009 1430 1098 1463 malo
1113 1427 1364 1462 aberrationem
1387 1437 1464 1461 esse
1488 1428 1720 1470 librariorum,

1009 1478 1069 1522 qui
1084 1479 1209 1521 passim
1224 1488 1286 1522 pro
1297 1479 1424 1521 piaculo
1432 1479 1607 1522 perio-lm
1619 1479 1721 1514 nobis

1009 1528 1242 1562 obtruserunt.
1288 1529 1370 1563 Vid'.
1395 1530 1519 1564 Heius.
1542 1530 1586 1563 ad
1613 1530 1720 1565 Ovid.

1009 1581 1100 1615 Met.
1114 1590 1176 1614 xv.
1191 1584 1266 1615 155.
1293 1585 1331 1614 et
1345 1591 1406 1614 nos
1421 1581 1466 1614 nd
1482 1582 1573 1616 Met.
1584 1591 1629 1616 11.
1642 1586 1721 1617 565.

1009 1632 1128 1666 Burm.
1407 1640 1413 1645 ·

1053 1683 1167 1716 Palam
1194 1681 1326 1725 mutire]
1373 1683 1442 1718 Ma.
1462 1686 1625 1724 muttum
1655 1684 1719 1718 sed

1013 1740 1191 1776 corrupte.
1217 1734 1304 1768 Gud.

1051 1787 1092 1817 35
1117 1784 1264 1826 sanitas]
1289 1783 1475 1827 Absolute,
1491 1794 1556 1827 pro
1571 1785 1720 1820 ratione.

1009 1834 1083 1868 Cic.
1095 1835 1162 1877 Ep.
1175 1835 1270 1868 Fam.
1281 1835 1324 1868 ad
1335 1836 1432 1869 Coss.
1449 1837 1460 1854 ‘
1472 1836 1720 1871 Qnibnsadsass

1008 1887 1153 1919 nitatem
1175 1886 1346 1919 redeundi
1358 1890 1511 1929 potestas
1525 1886 1623 1921 facta
1633 1893 1686 1922 est
1697 1888 1720 1921 ε’

1008 1946 1082 1978 pro,
1107 1936 1151 1969 ad
1174 1936 1295 1969 bonam
1311 1941 1474 1970 mentem.
1518 1937 1645 1971 Sensus
1656 1938 1719 1980 igi-

1007 1991 1085 2020 tur:
1111 1987 1204 2020 Dum
1217 1987 1344 2020 sanitas
1357 1986 1546 2029 constabit,
1561 1988 1720 2029 sc.·1nibi,

1007 2037 1089 2070 dum
1101 2047 1162 2070 ero
1184 2047 1268 2070 sana
1278 2043 1395 2071 mente
1419 2038 1604 2082 praeditm,
1616 2045 1720 2074 cante

1007 2098 1049 2121 ac
1068 2089 1263 2132 prudenter
1278 2090 1450 2123 revocabo
1472 2090 1507 2124 in
1522 2092 1719 2125 memoriam

1007 2138 1097 2172 hanc
1111 2140 1330 2173 sententiam.
1352 2140 1461 2182 Schqf.

1052 2190 1205 2232 Memini]
1235 2192 1414 2234 Excerpts
1444 2190 1591 2235 Rigaltii
1612 2193 1720 2226 meust·-

1009 2251 1095 2276 nero.
1127 2242 1252 2276 Heius.
1295 2242 1356 2276 Sic
1378 2251 1514 2275 versum
1541 2244 1719 2285 postulare

1009 2297 1189 2326 monuerat
1218 2293 1483 2334 Rittershusins,
1510 2303 1612 2336 quum
1627 2294 1721 2337 lege-

1010 2351 1107 2378 retur
1120 2345 1259 2378 memim'.
1295 2344 1500 2378 Buchnerus
1515 2344 1718 2379 meminerim.

1009 2397 1130 2430 Potuit
1140 2401 1178 2430 et
1192 2396 1297 2430 scribi
1308 2398 1416 2438 pulcre
1430 2395 1603 2430 rememim'.
1626 2395 1718 2429 Nam

1010 2454 1048 2481 et
1074 2449 1141 2481 hoe
1179 2455 1337 2490 tempore
1366 2448 1480 2490 potius
1513 2446 1566 2480 uti
1597 2445 1719 2479 debuit

1011 2499 1192 2532 Phaedrus.
1251 2500 1354 2532 Esset
1378 2502 1493 2531 autem
1522 2496 1652 2530 dictum
1677 2501 1718 2530 ut

1010 2551 1021 2569 ‘
1053 2550 1308 2594 Commemini,'
1357 2548 1450 2592 apud
1500 2547 1716 2582 Ciceronem.

1012 2600 1161 2635 Freinsh.
