1806 3236
685 255 837 287 mssa
871 256 915 287 v.
949 256 1055 289 mn.
1087 247 1131 289 ’7.

166 355 289 399 Dum
307 364 468 410 pegma
485 352 668 409 rapitur,
692 347 1018 397 concidit‘casu
1039 354 1165 409 gravi

165 421 268 467 Nec
290 423 495 478 opinanS,
517 425 564 465 et
582 421 811 466 sinistram
829 422 957 477 fregit
975 423 1146 475 tibiam,

165 490 296 534 Duas
316 503 419 534 cum
436 490 619 534 dextras
639 491 880 535 maluisset
899 492 1102 547 perdere.

164 557 285 602 Inter
302 571 463 602 manus
480 559 704 612 sublatus,
725 565 772 602 et
791 560 979 604 multum
1000 573 1194 615 gemens,

1586 561 1645 603 10

164 627 363 671 Domum
381 628 583 671 refertur.
641 628 834 685 Aliquot
848 641 1026 672 menses
1048 632 1293 681 transeunt,

161 694 239 739 Ad
259 697 503 740 sanitatem
525 696 634 740 dum
653 698 776 741 venit
795 698 982 741 curatio.

164 762 229 808 Ut
247 768 550 822 spectatorum
568 779 670 810 mos
689 771 776 820 est,
797 772 842 812 et
865 767 1059 823 lepidum
1079 780 1235 823 genus,

162 894 256 935 ludis,
269 904 332 927 non
345 897 396 927 sat
410 894 475 928 acio
488 893 611 937 quibus,
634 895 751 927 decidit
766 894 947 936 imprudens
959 903 1034 926 casu
1045 894 1141 935 gravi
1154 895 1229 926 dum
1243 893 1368 926 tollitur
1381 903 1505 936 pegma,
1529 898 1563 928 et
1577 895 1644 928 sibi

161 938 251 980 rupit
262 937 376 971 fitium
390 939 513 979 huam,
537 947 608 971 cum
626 938 733 981 potius
753 941 891 979 optasset
912 938 1058 970 mittere
1083 936 1191 969 ambus
1213 938 1372 970 dexteras.
1418 938 1535 970 Elatus
1556 939 1641 971 inter

161 990 286 1022 m,
298 984 331 1014 et
341 991 472 1024 quereus
482 981 662 1023 plurimum,
674 981 810 1024 effertur
822 981 858 1013 in
872 982 967 1013 aedes.
1011 980 1148 1022 Aliquot
1161 990 1283 1014 menses
1294 980 1422 1022 abeunt,
1435 983 1510 1014 dum
1521 982 1644 1014 curatio

161 1025 331 1058 aad-dm
349 1025 392 1058 ud
411 1025 591 1058 sanitatem.
635 1025 732 1058 Tunc
744 1034 804 1067 pro
824 1034 910 1057 more
922 1024 1140 1067 *spmuntium
1161 1023 1246 1057 visus
1272 1027 1320 1056 ese
1334 1024 1386 1056 hic
1407 1025 1529 1068 lepidus
1554 1026 1644 1058 homo

783 1122 920 1136 ”NOOO
924 1121 1021 1136 '0000

130 1217 132 1219 ,
158 1176 268 1212 noth..
283 1176 316 1210 A
359 1176 368 1184 ⁶
391 1179 471 1210 .-7
492 1177 564 1210 Ms.
580 1176 675 1211 Pith.
696 1187 814 1221 penna.
851 1179 910 1212 Ita
934 1177 1027 1212 edid.
1052 1177 1223 1212 Rittersh.
1246 1177 1380 1220 Rigalt.
1406 1177 1541 1212 Meurs.
1564 1178 1644 1213 Urs.

159 1222 226 1254 —8
248 1219 358 1254 eodd.
407 1229 472 1254 em.
487 1224 526 1254 et
549 1220 646 1254 Pith.
669 1221 813 1264 habent,
829 1223 897 1255 Nec
911 1223 984 1264 apia
996 1223 1062 1265 sed,
1077 1222 1145 1263 vel,
1161 1223 1212 1255 Ne
1227 1223 1317 1264 copia
1330 1223 1396 1261 sed,
1415 1231 1478 1264 pro
1495 1222 1566 1255 Nec
1579 1223 1646 1265 opi-

157 1266 307 1309 umet.-
328 1262 410 1297 vid.
433 1263 525 1315 Ney.
551 1263 596 1297 ad
623 1265 817 1308 marginem
843 1265 1028 1317 Editionis.
1060 1266 1164 1299 Grut.
1187 1265 1331 1298 Salmas.
1357 1265 1474 1315 Benti.
1497 1265 1641 1317 Bipont.

156 1307 1474 1402 mmsisssstsz’ssffssffizt·.2‘.}:}‘‚.·.1.;5¹:2;2325?..?5s.5{1;33‘13¹:‡..3.
1488 1313 1643 1385 {2⁸32st

157 1403 246 1437 sing.
276 1395 394 1428 Latera
407 1394 501 1427 enim
523 1404 546 1427 n
563 1395 697 1428 centies
715 1396 850 1437 omissa,
873 1397 930 1429 vel
943 1396 1078 1439 virgula
1093 1395 1307 1438 superducta
1322 1399 1453 1429 notata.
1498 1396 1644 1438 Legitur

158 1437 267 1471 etism
296 1437 384 1471 ‘nec
400 1437 556 1480 opinans’
586 1448 607 1471 a
633 1438 679 1471 ud
704 1439 846 1472 Terent.
873 1443 910 1472 et
937 1440 1082 1473 Sueten.
1106 1439 1199 1481 Aug.
1216 1449 1248 1472 c.
1265 1442 1318 1471 10.
1343 1439 1438 1472 Gud.
1454 1439 1641 1472 lectionem

157 1481 245 1516 Mas.
265 1480 344 1524 opta
377 1481 530 1514 retinere
553 1491 587 1514 m
623 1482 684 1523 let,
708 1483 731 1515 i.
759 1492 792 1516 e.
815 1482 917 1525 ὄτι-εἴα,
937 1483 1169 1516 instrumenta
1185 1482 1319 1515 musica
1334 1482 1538 1522 tibicinalia‚
1553 1481 1644 1516 fora-

157 1523 308 1567 minibus
346 1524 440 1565 lena,
454 1524 548 1567 qnod
564 1534 651 1558 cave
665 1525 915 1559 retineas—13
938 1526 1016 1559 Etsi
1032 1527 1068 1558 in
1086 1526 1229 1568 vulgato
1252 1525 1336 1557 nihil
1360 1531 1427 1563 est,
1453 1526 1544 1568 quod
1570 1535 1643 1558 mo-

159 1567 230 1601 rari
242 1577 324 1618 poss
339 1568 539 1608 tlectores;
565 1572 681 1601 tamen
706 1569 800 1602 varie
829 1573 1012 1603 tentarunt
1034 1569 1099 1601 viri
1125 1569 1221 1602 docti
1246 1568 1338 1601 hunc
1365 1568 1490 1602 locum.
1526 1569 1642 1602 Coler.

156 1610 304 1654 conjicit
318 1620 357 1643 en
369 1610 508 1652 lepidum
519 1620 634 1652 genus,
658 1611 716 1645 cui
737 1621 801 1645 cur
826 1612 993 1646 assentiat
1006 1622 1075 1645 non
1094 1611 1189 1645 videt
1206 1611 1375 1645 Rittersh.
1400 1612 1543 1654 Gnyeto
1560 1612 1643 1645 scri-

112 1677 118 1683 .
157 1652 311 1696 bendum
326 1653 478 1696 videtur,
507 1654 552 1687 Ue
573 1658 786 1697 spectatorum
808 1656 905 1688 moris
928 1659 988 1697 est,
1010 1656 1149 1698 lepidum
1169 1665 1282 1696 genus,
1300 1654 1322 1688 i.
1338 1664 1368 1687 e.
1391 1654 1543 1694 tibicen3
1561 1655 1643 1698 quia

156 1696 250 1740 apud
266 1697 470 1730 Ciceronem
485 1703 554 1738 est,
576 1700 587 1717 ⁶
598 1707 644 1731 ne
669 1697 741 1731 avit
757 1699 861 1732 moris
885 1709 962 1732 esse
978 1698 1205 1739 Graecorum‚'
1221 1698 1282 1731 sed
1299 1698 1376 1731 vide
1392 1708 1485 1731 mox.
1515 1698 1643 1732 Heius.

155 1743 189 1774 et
202 1740 467 1783 upiaumgmu,
482 1740 588 1783 quod,
594 1741 636 1784 ju
663 1741 777 1775 icante
790 1742 911 1775 Burm.
926 1752 994 1775 non
1010 1743 1092 1776 satis
1108 1742 1284 1787 exprimit,
1295 1741 1393 1784 enjus
1409 1742 1460 1774 rei
1475 1741 1641 1784 cupidum

157 1778 228 1817 sitz
250 1793 329 1817 nam
345 1783 469 1817 durum
487 1789 580 1817 esset
601 1784 880 1828 subintelligere,
905 1785 1071 1829 cupidum
1094 1785 1235 1818 videndi
1262 1785 1474 1828 Principem.
1517 1783 1569 1818 At
1589 1795 1642 1819 se-

156 1827 274 1870 quitur
288 1826 575 1870 desidera-impie.
610 1828 646 1862 J.
662 1829 701 1862 F.
717 1828 874 1862 Gronov.
890 1829 1042 1863 malebat
1055 1830 1097 1862 ud
1110 1829 1367 1871 lepidumgenus,
1383 1829 1406 1860 i.
1421 1838 1454 1861 e.
1471 1832 1511 1861 ut
1527 1828 1641 1862 solent

156 1879 234 1913 esse
248 1868 366 1904 affecti
381 1880 468 1913 erga
481 1871 564 1904 illud
580 1881 687 1905 suave
711 1882 818 1914 genus
835 1872 1028 1906 tibicinum.
1074 1872 1143 1905 Sed
1160 1872 1281 1913 vellet,
1296 1872 1417 1906 Burm.
1431 1871 1641 1906 illustrasset

156 1923 266 1956 genus
277 1914 365 1959 iliud,
379 1913 534 1956 dicendi,
547 1924 613 1947 esse
624 1916 667 1948 ud
681 1916 830 1959 aliquem,
846 1916 959 1958 cujus,
975 1916 1003 1949 si
1016 1925 1084 1948 non
1097 1915 1247 1948 addatur
1259 1915 1473 1957 adjectivum
1484 1914 1640 1957 aliquod,

157 1958 353 2001 exemplum
376 1957 525 2001 ignorat.
540 1958 620 1991 Van
634 1959 786 2002 Bergen.
811 1960 898 1993 Crit.
914 1959 1004 1992 Obs.
1030 1969 1063 1992 c.
1079 1962 1133 1992 34.
1148 1969 1184 2001 p.
1199 1961 1253 1991 76.
1271 1958 1300 1991 si
1313 1958 1395 2001 quid
1419 1958 1639 1999 mutandum,

130 2011 134 2013 ·
157 2009 221 2044 pro
244 2004 290 2044 et,
318 2002 490 2037 scriberet
519 2001 567 2044 id,
592 2006 699 2045 atque
722 2002 939 2045 explicaret:
963 2002 1006 2036 Id
1028 2002 1183 2046 lepidum
1199 2011 1306 2044 genus
1321 2000 1523 2046 (tibicinis),
1539 2001 1640 2044 quns

821 2076 971 2111 NOTAE

197 2157 218 2187 7
242 2154 382 2196 Pegma]
401 2154 565 2187 Machina
587 2157 644 2186 est
670 2152 870 2196 artificiosa,
923 2153 967 2186 ad
984 2152 1225 2186 exhilarandos
1239 2152 1381 2186 animos.
1427 2152 1538 2185 Erant
1553 2152 1637 2185 dex-

154 2205 189 2238 in
201 2214 269 2249 qua
279 2209 404 2238 statuae
417 2205 657 2238 collocantur:
681 2208 758 2238 erat
770 2204 867 2237 varie
922 2208 1000 2246 trae,
1022 2208 1123 2237 erant
1139 2204 1289 2236 sinistrae
1315 2203 1422 2236 tibiae.
1466 2203 1561 2237 Quid
1577 2212 1637 2236 au-

155 2256 337 2298 adornata,
361 2266 425 2299 pro
440 2255 644 2289 diversitate
658 2256 866 2298 argumenti.
922 2260 992 2289 tem
1008 2255 1156 2297 dextrae,
1166 2255 1250 2299 quid
1263 2254 1423 2297 sinistrae,
1434 2254 1636 2298 ambigitur.

199 2311 221 2341 8
243 2308 416 2341 Sinistrum
429 2307 539 2349 fregit
553 2307 676 2350 tibiam,
690 2307 783 2340 Duas
792 2317 867 2340 cum

153 2360 285 2393 dextras
297 2358 458 2391 maluisset
469 2357 614 2400 perdere]
646 2357 752 2391 Ludit
766 2357 866 2391 Phae-

154 2410 238 2443 drus
253 2409 290 2442 in
309 2419 396 2442 voce
418 2409 508 2443 tibia.
555 2409 642 2441 Cum
658 2409 749 2441 enim
764 2409 864 2451 dicit,

152 2461 319 2495 siu-iuram
334 2460 445 2503 fregit
463 2460 589 2501 tibiam,
613 2460 779 2503 intelligit
803 2470 864 2504 pe·

154 2513 235 2548 dem
245 2512 443 2546 sinistrum:
466 2521 545 2545 cum
556 2520 640 2544 vero
652 2511 763 2553 addit,
773 2511 866 2545 Duas

154 2573 226 2598 eun
239 2565 372 2597 desem
385 2563 544 2597 ”ualuisset
565 2563 709 2606 perdere,
734 2562 865 2597 debent

152 2614 281 2649 referri
293 2615 338 2648 ad
351 2614 454 2650 tibias
464 2613 590 2658 quibus
601 2614 779 2648 excitabat
787 2614 866 2648 tibi-

154 2677 219 2712 cen
226 2667 428 2700 saltantium
437 2666 601 2709 vigorem.
634 2666 692 2700 Sic
701 2666 738 2699 in
749 2667 866 2699 Eunu·

153 2717 211 2752 ciii
225 2717 329 2751 titulo
343 2716 436 2759 apud
451 2717 597 2751 Terent.
610 2716 751 2759 legitur,
764 2717 776 2737 ‘
789 2726 865 2750 enm

154 2768 306 2802 fabulam
333 2772 446 2801 actam
473 2766 582 2800 fuisse
606 2767 701 2800 tibiis
729 2767 863 2800 duabus

155 2819 311 2854 dextris!
355 2818 460 2855 Quod
488 2823 527 2852 ut
552 2819 680 2852 clarius
707 2817 782 2860 fiat,
807 2828 863 2851 res

154 2872 259 2915 paulo
291 2870 393 2904 altius
419 2874 474 2903 est
498 2869 702 2913 repetenda.
755 2868 864 2902 Adhi-

155 2923 327 2958 bebsntnr
342 2921 421 2957 olim
436 2921 532 2957 tibine
547 2920 582 2955 in
605 2919 693 2954 ludis
708 2920 864 2964 scenicis,

919 2307 1077 2350 Scaliger
1092 2308 1168 2341 vuit
1190 2306 1330 2339 dextras
1345 2310 1383 2339 et
1401 2305 1557 2339 sinistras
1573 2316 1634 2349 ap—

919 2359 1045 2402 pellari
1059 2358 1103 2393 ab
1117 2358 1285 2392 lateribus
1308 2356 1401 2390 unde
1417 2355 1634 2390 inflarentur.

917 2410 1097 2444 Victorius
1112 2414 1228 2442 autem
1250 2408 1353 2441 aliter
1373 2408 1493 2442 sentit.
1537 2409 1546 2427 ‘
1563 2409 1633 2441 Vo-

918 2460 1111 2502 cabantur,’
1129 2459 1254 2503 inquit,
1271 2460 1280 2477 ‘
1291 2458 1386 2491 tibiae
1398 2458 1546 2500 dextrae,
1556 2469 1634 2502 quae

918 2511 1047 2545 dextra
1061 2515 1163 2555 parte
1178 2510 1247 2543 oris
1269 2514 1306 2542 et
1328 2519 1446 2542 manus
1461 2510 1630 2543 teneban-

919 2568 1001 2598 tur:
1025 2563 1218 2606 eodemque
1242 2565 1348 2604 pacto
1363 2561 1525 2602 sinistrae,
1553 2571 1631 2604 quae

919 2615 1098 2649 contraria
1112 2618 1214 2657 parte
1240 2612 1310 2645 oris
1336 2615 1374 2645 et
1398 2621 1519 2644 manus
1535 2610 1632 2645 infla-

920 2670 1051 2700 rentur.
1114 2664 1261 2698 Tibicen
1298 2666 1414 2696 autem
1451 2662 1632 2696 dicebatur

920 2717 1053 2751 dextris
1066 2720 1104 2750 et
1115 2714 1276 2755 sinistris,
1290 2718 1327 2747 et
1339 2712 1472 2746 duabus
1486 2714 1633 2756 dextris,

919 2769 983 2810 uti,
1007 2769 1066 2812 qui
1082 2767 1180 2800 simui
1198 2765 1316 2798 ambas
1333 2763 1481 2797 inflaret.
1524 2764 1630 2798 Sinis·

919 2824 984 2852 trae
1000 2828 1140 2862 gravem
1166 2826 1287 2850 sonum
1311 2814 1517 2856 reddebant,
1543 2814 1628 2850 dex-

918 2874 982 2902 trae
999 2873 1151 2909 acutum,
1179 2870 1302 2909 utpote
1317 2865 1420 2898 variis
1436 2866 1574 2907 organis
1591 2870 1629 2900 et

918 2919 1144 2965 inaequalibus
1160 2917 1382 2954 foraminibus
1397 2916 1595 2952 distinctae!
