1806 3236
391 226 596 260 PHAEDRI
629 224 739 259 ΜΒ.
771 222 1077 259 AEsomARuM
1111 223 1209 256 ma.
1242 224 1317 256 111.
1346 213 1391 255 4.

143 325 155 346 ⁶
170 325 229 365 Ad
255 323 428 367 πωπω]
456 330 534 367 pro,
569 323 663 367 apud
690 332 858 366 sororem,

146 377 238 422 apud
252 385 418 411 uxorem:
447 376 640 410 Heautont.
666 375 756 410 Βία.

187 427 338 471 m]
370 428 465 471 Ergo
479 431 518 460 et
531 427 567 460 hi
586 427 861 461 comedebantur

145 478 242 521 olim,
258 478 416 523 qumvis
444 477 490 511 de
515 478 558 511 iis
580 479 665 511 nihil
691 483 862 512 memoret

143 531 191 567 Ρ.
214 530 359 566 castell.
378 530 424 564 de
446 539 512 563 usu
537 530 704 563 earnium.
732 530 860 563 Rus-hs.

143 582 190 621 ΙΙ
202 581 323 619 edicto
346 580 512 616 Antiochi
537 581 659 623 Magni
681 581 775 624 apud
799 581 862 615 Jo-

142 635 243 678 s'sph.
269 633 391 677 Antiq.
419 633 503 669 Jud.
519 642 588 667 ιιι.
609 636 642 667 8.
667 633 860 666 intellectae

141 687 255 723 videri
278 691 424 730 possunt
447 687 502 720 hoe
518 695 661 727 carnes;
682 694 860 728 expressas

142 748 215 772 non
230 742 333 772 sunt:
357 747 462 782 quum
478 738 555 771 aliae
567 737 661 771 haud
677 738 789 771 minus
803 737 862 770 ab·

140 791 326 827 humentes
339 789 490 824 moribus
510 789 638 823 nostris
653 798 859 824 recensean-

142 846 212 877 tur.
255 841 367 876 Vetat
393 841 486 876 onim
519 840 781 886 Hierosolymas
810 841 860 875 in-

140 891 228 927 ferri
252 892 264 912 ‘
278 892 424 937 equinas
447 902 582 933 carnes,
607 897 670 926 sut
699 893 858 937 mulinas,

109 943 112 944 ⁷
143 948 206 982 snt
234 944 409 979 uiuorum
444 944 635 988 agrestium
661 949 858 980 mansueto·

142 1005 279 1038 mmvo,
292 994 487 1039 pardalium
511 995 619 1029 etiam
638 1001 676 1030 et
690 997 857 1040 vulpium,

143 1050 182 1081 et
214 1046 402 1090 lopun-²3³
439 1046 569 1087 deinde
596 1047 757 1091 subjicit.-
794 1049 804 1068 ‘
819 1052 858 1082 et

142 1098 181 1132 in
219 1097 419 1133 universum
455 1099 606 1132 omnium
647 1099 858 1140 animalium,

142 1157 288 1193 qnorum
306 1158 369 1183 esu
381 1149 518 1184 Judoeis
532 1149 760 1183 interdictum
775 1149 857 1184 est?

139 1200 292 1235 m
336 1200 418 1234 Non
433 1200 531 1234 velut
553 1200 735 1235 obsonium
750 1201 858 1245 quod-

69 1266 73 1270 *
141 1251 237 1294 dnn,
251 1255 318 1288 sut
342 1251 502 1285 venalem
523 1251 652 1294 cibum,
668 1253 761 1295 quod
778 1257 859 1298 post

140 1302 226 1339 diss
255 1303 364 1338 etiam
388 1303 594 1337 Buelmsrus
618 1307 657 1338 et
677 1304 859 1338 Freinshe-

137 1347 231 1389 ’ἡ
252 1357 335 1388 sunt
359 1354 544 1397 suspicati,
566 1354 779 1399 Gallumque
806 1355 858 1389 in·

142 1409 335 1449 torpetem
359 1404 518 1447 adduxit,
541 1408 582 1438 ut
607 1405 767 1448 adderet,
789 1407 859 1440 ‘si-

119 1469 121 1471 ·
139 1455 248 1494 ndum
274 1457 472 1498 mortuum:
486 1456 531 1491 de
547 1467 616 1501 quo
640 1462 758 1491 tamen
773 1459 860 1492 nihil

141 1506 340 1543 Phaedrus:
379 1507 444 1541 sed
470 1507 566 1551 alias,
595 1512 762 1552 tanquam
791 1510 860 1543 alia

139 1566 255 1600 merx,
288 1557 415 1592 vivum
459 1557 587 1602 ltaque
625 1559 702 1593 haec
733 1561 860 1602 omnia,

141 1619 221 1652 que
247 1612 440 1652 sequuntur
464 1609 510 1644 de
531 1619 670 1653 sapore,
685 1611 774 1653 joco
787 1611 860 1646 diei

141 1659 310 1703 paunus.
332 1659 442 1700 Sans.

183 1714 207 1747 8
228 1710 321 1745 Inter
342 1710 496 1754 reliqum]
537 1710 581 1745 Τὸ
615 1722 696 1755 quas
723 1713 857 1748 duabus

141 1761 282 1807 quidem
301 1761 455 1804 syllabis,
478 1766 519 1796 ut
544 1763 643 1805 alibi,
661 1764 712 1797 ita
738 1765 795 1798 hic
810 1765 858 1798 le-

142 1812 294 1856 mudum
307 1810 391 1847 κατὰ
414 1811 578 1856 scapnam:
602 1823 672 1848 non
686 1819 800 1849 tamen
813 1816 858 1850 ob

139 1865 179 1899 id
207 1864 325 1900 statim
345 1864 513 1899 mutanda
537 1869 594 1900 est
615 1866 803 1910 scriptura,
818 1871 858 1901 ut

138 1916 279 1952 relicuas
319 1915 535 1952 scribamus:
585 1917 679 1960 quod
709 1918 858 1961 putabat

87 1989 91 1992 -
139 1968 281 2012 quidam
304 1967 435 2002 anricus
465 1972 596 2002 noster.
638 1969 698 2002 Sic
728 1971 858 2004 Lucre-

139 2018 209 2052 tius
233 2018 296 2052 lib.
321 2027 370 2052 ιν.
415 2018 425 2036 ‘
440 2018 607 2061 Reliqiias
641 2022 758 2053 tamen
782 2029 859 2054 esse

139 2069 228 2112 vias,
240 2066 276 2103 in
292 2073 410 2102 mente
426 2072 613 2111 patentes)
636 2069 738 2103 Idem
751 2071 856 2104 alibi:

138 2121 149 2139 ‘
167 2121 366 2163 Numquam
382 2120 518 2163 reliqiio
532 2121 686 2163 reparari
699 2125 857 2164 tempore

141 2170 284 2216 posset!
308 2171 395 2204 Rite.

185 2222 356 2266 Reliquus]
370 2222 450 2256 Hoc
464 2222 542 2256 loco
557 2224 694 2267 reliquas
709 2229 858 2269 quatuor

142 2274 353 2318 syllabarum
390 2279 456 2316 est,
496 2275 689 2319 meliusque
721 2277 856 2310 scribas

139 2325 352 2368 rellicmmt
367 2325 460 2368 apud
477 2326 678 2361 Lucretium
693 2339 703 2361 :
727 2329 738 2348 ‘
756 2329 856 2362 Nun-

141 2386 245 2420 quam
261 2376 403 2410 rellicuo
426 2378 580 2420 reparari
605 2382 762 2422 tempore
778 2390 857 2423 pos-

141 2427 202 2462 se?
247 2428 294 2462 Et
309 2427 392 2462 alibi
419 2438 571 2472 quoque,
593 2429 624 2463 si
639 2436 857 2466 vacat-etex-

139 2480 306 2515 scribere.
351 2479 407 2514 Ita
428 2480 522 2523 apud
551 2481 712 2515 Plautum
736 2483 857 2517 ‘Deli-

142 2531 258 2575 quum'
297 2531 446 2566 totidem
475 2531 686 2574 syllabarum
714 2535 856 2569 modum

141 2583 248 2617 habet
271 2583 308 2616 in
333 2583 421 2616 Mss.
452 2583 565 2617 Codd.
606 2584 794 2620 camerarii
817 2594 856 2622 et

144 2634 277 2676 langii.
301 2635 419 2668 Faber.

187 2684 354 2728 Reliquas]
386 2686 589 2729 Legendum
616 2698 681 2732 pro
695 2690 856 2733 reliquias.

143 2733 203 2768 Sic
217 2733 292 2769 fere
307 2737 397 2779 apud
411 2738 628 2783 Terentium,
655 2745 692 2773 et
708 2740 805 2784 alios,
816 2748 856 2775 ut

144 2795 248 2827 supra
263 2788 469 2823 notavimus.
495 2790 583 2824 Gud.

189 2838 208 2868 3
235 2836 408 2880 Quidnam]
453 2839 676 2886 Suspicabar‚
718 2843 859 2887 quinam,

1536 215 1625 259 495

907 321 942 354 id
959 325 1027 364 est,
1039 321 1224 366 quomodo.
1261 320 1329 354 Sed
1346 319 1438 354 forte
1454 320 1536 354 nihil
1553 330 1626 355 mu-

908 373 1065 407 tandum.
1088 373 1180 406 Ritt.

954 424 1116 460 Quidnam
1128 424 1271 467 saperet]
1290 423 1413 466 Recte,
1427 432 1493 457 nec
1507 422 1543 455 in
1558 425 1627 466 qui-

908 484 983 507 mm
997 474 1261 516 immutandum,
1277 475 1329 507 uti
1346 475 1542 518 suspicatur
1551 475 1628 508 Rit-

910 524 1112 558 tershusius.
1135 525 1298 559 Juvenal.
1315 526 1388 559 Sat.
1401 535 1443 559 11.
1460 529 1517 560 81.
1536 527 1628 560 ‘ea-

909 576 990 609 lidae
1005 577 1121 619 sapiat
1137 576 1220 620 quid
1232 577 1334 610 vulva
1343 578 1494 620 popinae.
1497 577 1630 619 '.Schef

910 629 1017 663 Forte
1043 628 1238 671 legendum,
1263 629 1424 671 quianam.
1482 628 1540 662 Sic
1565 629 1628 664 inf.

909 678 980 712 fab.
996 681 1083 712 59.‘
1096 679 1268 714 Quianam
1283 678 1447 719 fecisset‚'
1459 684 1498 713 nt
1512 690 1630 714 emen-

909 729 1007 764 davit
1046 730 1321 771 Rittershusius;
1361 735 1481 773 posset
1511 735 1629 765 tamen

908 781 1054 815 retineri
1079 781 1230 824 vulgaris
1253 782 1369 815 lectio.
1406 782 1496 816 Cato
1512 782 1557 816 de
1576 784 1630 818 Re

911 833 1069 875 Rustica,
1084 832 1130 866 de
1140 833 1243 866 vino:
1267 833 1278 852 ‘
1288 833 1415 867 Vinum
1430 833 1551 876 ponito
1565 835 1629 868 sub

910 883 982 926 dio,
1008 884 1179 927 postridie
1206 894 1307 917 mane
1330 888 1496 927 gustato;
1535 886 1567 919 si
1590 886 1629 920 id

909 935 1035 978 sapiet,
1050 935 1144 978 quod
1167 935 1204 968 in
1224 935 1318 969 dolio
1345 939 1412 979 est,
1433 946 1503 970 non
1527 937 1629 971 dura·

911 985 986 1020 bit!
1009 986 1128 1020 Heins-

951 1038 974 1070 4
999 1037 1113 1079 Quale,
1125 1038 1243 1081 inquit,
1257 1042 1353 1082 caput
1367 1042 1426 1082 est,
1437 1040 1509 1082 δῖα]
1533 1041 1631 1075 Mala

908 1088 1050 1131 ingenia
1075 1089 1166 1123 mule
1192 1099 1432 1132 saepenumero
1456 1092 1630 1127 habitant.

909 1140 1050 1175 Cassius
1072 1141 1345 1184 Jatrosophista,
1369 1142 1547 1180 Problem.
1573 1147 1630 1178 61.

907 1190 969 1224 Διὰ
991 1189 1026 1223 τί
1048 1190 1276 1235 τερατόμορφοι
1303 1192 1356 1226 καὶ
1385 1187 1535 1238 ἅφρονεὲτ
1553 1195 1631 1229 ’Ὅτι

907 1244 977 1277 τοῖς
1000 1245 1188 1285 σωματικοῖς
1207 1244 1251 1277 τὰ
1282 1245 1402 1287 ψυχικὰ
1434 1247 1631 1291 συμπάσχει,

911 1294 1018 1339 ὥσπερ
1030 1297 1099 1329 τοῖς
1109 1298 1255 1339 ψυχικοῖς
1267 1297 1311 1330 τὰ
1325 1298 1498 1340 σωματικά.
1521 1301 1630 1334 Erato

910 1346 1129 1390 Terpsitheae
1164 1349 1259 1391 apud
1299 1350 1453 1393 Theoph.
1501 1351 1631 1385 Simoc.

909 1399 972 1438 'ras
986 1398 1112 1441 φύσεως
1128 1399 1188 1439 τὴν
1202 1399 1317 1443 σοφίαν
1331 1400 1522 1446 τεθαύμακα,
1543 1402 1632 1436 κακί-

897 1463 971 1496 -στῃ
985 1454 1075 1497 ψυχῇ
1088 1453 1234 1495 σώματος
1248 1453 1431 1497 εὐπρέπειαν
1443 1455 1488 1496 μὴ
1502 1455 1629 1490 mareb-

909 1516 1024 1539 σασαν.
1068 1507 1152 1548 Rig.

955 1557 1077 1599 Caput]
1114 1558 1174 1591 Ita
1192 1557 1266 1592 fere
1288 1558 1421 1592 Xanthi
1436 1559 1631 1603 discipulus

909 1608 1050 1651 quidam
1065 1608 1110 1642 de
1123 1611 1274 1653 AEsopo:
1308 1609 1370 1644 ora
1382 1611 1446 1654 γὰρ
1465 1611 1486 1652 ἦ
1511 1612 1630 1655 μορφὴ,

907 1662 980 1694 τοῖσι
993 1659 1028 1694 δὲ
1042 1661 1096 1694 καὶ
1109 1661 1131 1702 ἣ
1150 1661 1249 1704 ψυχή.
1272 1663 1387 1697 Prasc.
1434 1664 1631 1708 Ingenium,

908 1713 1125 1756 intellectus,
1151 1715 1228 1757 ejus
1270 1724 1411 1758 nempe,
1437 1716 1496 1759 qui
1530 1717 1631 1750 emit.

907 1763 982 1797 Alii
1014 1764 1108 1797 enim
1145 1762 1366 1799 delectantur
1396 1767 1485 1800 aliis.
1540 1768 1630 1801 Sunt

909 1814 1035 1858 quibus
1052 1825 1093 1849 ea
1120 1819 1259 1850 tantum
1283 1818 1440 1860 placent,
1455 1829 1532 1861 quae
1548 1823 1630 1852 ante

908 1866 1038 1899 nemini
1054 1871 1222 1910 usurpata
1236 1868 1272 1901 in
1284 1868 1414 1901 cibum.
1445 1871 1629 1905 Quomodo

908 1917 1087 1951 Maecenas
1122 1918 1132 1937 ‘
1150 1919 1263 1961 pullos
1287 1919 1462 1953 asinorum
1493 1922 1629 1964 epulari

908 1968 1085 2011 instituit‚'
1101 1974 1141 2003 ut
1152 1970 1204 2004 ait
1220 1970 1311 2004 Plin.
1323 1980 1406 2004 vm.
1420 1981 1450 2004 c.
1465 1974 1519 2005 43.
1541 1973 1629 2005 Pos-

908 2020 956 2052 sis
995 2030 1080 2063 ergo
1119 2021 1170 2054 sic
1211 2021 1461 2064 interpretari:
1497 2024 1533 2056 Si
1567 2025 1629 2057 tali

908 2075 1047 2114 emptor
1062 2072 1214 2115 ingenio,
1229 2078 1270 2106 ut
1286 2074 1445 2117 capiatur
1457 2075 1544 2109 cibis
1567 2086 1628 2109 no-

907 2123 973 2164 vis,
998 2125 1174 2166 praestabo
1198 2129 1335 2167 gustum
1359 2126 1449 2159 simii
1472 2128 1630 2161 suavissi-

907 2184 1010 2208 mum.
1054 2174 1172 2219 Atque
1183 2176 1234 2209 ita
1250 2176 1389 2219 quidem
1402 2180 1628 2221 possetlocus

907 2226 964 2259 hic
980 2227 1144 2271 intelligi.
1187 2228 1258 2261 Sed
1285 2230 1456 2271 quomodo
1477 2230 1552 2264 haec
1575 2231 1627 2264 in-

907 2279 1115 2321 terpretatio
1152 2280 1360 2313 conveniens
1402 2282 1628 2324 sequentibus

906 2334 1012 2371 esset,
1039 2330 1129 2363 haud
1158 2331 1242 2365 suis
1275 2331 1391 2364 video.
1447 2333 1627 2367 Dicuntur

905 2380 956 2414 ibi
987 2379 1133 2415 formosi
1166 2391 1261 2424 sepe
1289 2382 1436 2415 inveniri
1471 2385 1627 2426 pessimi,

907 2433 1002 2476 quod
1038 2434 1068 2466 si
1095 2434 1295 2476 oppositum
1329 2435 1627 2477 praecedentibus,

906 2494 1051 2519 necesse
1067 2490 1133 2527 est,
1148 2490 1187 2518 ut
1202 2485 1433 2528 intelligamus
1450 2495 1516 2518 uon
1537 2495 1625 2519 sem-

906 2545 982 2579 per,
997 2537 1098 2580 quale
1123 2541 1243 2579 caput.
1266 2537 1369 2569 talem
1397 2538 1556 2579 praestari
1573 2548 1627 2570 sa-

906 2597 1038 2631 porem.
1086 2589 1240 2623 Quorum
1269 2587 1453 2621 verborum
1473 2588 1530 2621 hic
1555 2589 1627 2622 erit

906 2648 1028 2672 sensus
1043 2650 1052 2672 z
1078 2639 1158 2673 Non
1173 2649 1322 2682 semper,
1342 2639 1452 2682 qualis
1468 2640 1625 2674 exterior

906 2690 957 2723 rei
982 2689 1106 2732 forma,
1132 2692 1211 2724 talis
1239 2700 1378 2734 quoque
1402 2700 1506 2734 sapor
1522 2692 1625 2734 ejus3

906 2741 1018 2775 relato
1035 2743 1202 2775 vocabulo
1218 2746 1310 2784 caput
1325 2752 1394 2775 non
1421 2743 1465 2776 ad
1490 2749 1624 2786 empto—

907 2802 994 2835 rem,
1018 2794 1080 2826 sed
1103 2804 1174 2827 rem
1196 2794 1426 2837 vendendam,
1441 2796 1623 2839 ipsumque

908 2843 1100 2880 obsonium.
1145 2845 1262 2890 Atque
1280 2847 1328 2880 ita
1351 2851 1456 2892 caput,
1472 2848 1623 2891 speciem
