1806 3236
678 228 742 260 nn
777 227 1008 262 enmono.
1497 219 1584 261 705

424 327 533 369 Falli
551 341 626 376 eos,
647 330 715 382 qui
735 328 908 369 Plaaedm·
926 329 997 368 Ιιαε
1012 342 1088 369 esse
1107 334 1271 383 negant.

163 403 259 446 Hie.
280 405 484 446 Perottum
504 404 660 444 videtur
689 411 892 445 auctorem
922 404 1144 446 fabularum
1167 399 1326 445 Pbaedri
1350 404 1483 444 facere
1516 404 1590 444 Pe-

107 475 192 511 trus
206 469 438 510 Scriverius.
480 469 598 510 Certe
617 469 799 522 scriptori
817 469 981 522 antiquo
1002 469 1208 513 Tiberiani
1227 470 1300 510 aevi
1320 469 1407 511 illas
1426 482 1588 522 prorsus

106 534 224 589 eripit
239 540 286 576 et
312 535 535 591 abjudicat,
554 535 603 574 ad
635 534 828 575 Martialis
854 546 928 575 111.
953 540 1020 575 20.
1052 541 1095 575 ut
1114 535 1275 575 Vossius
1297 535 1335 575 in
1357 533 1587 575 Aristarcho

109 610 164 640 11.
187 597 250 640 16.
306 601 368 640 Ac
397 600 603 640 Perottum
625 613 717 640 sane
736 600 766 640 si
785 601 1000 647 audimus,¹
1034 601 1068 640 is
1092 614 1183 640 cum
1210 607 1378 641 testatus
1405 607 1523 649 esset,
1546 613 1587 640 sc

105 663 396 705 adolescentem
416 679 466 705 ex
486 666 641 706 Aviano
661 665 819 706 fabulas
839 666 1009 706 iambico
1024 667 1198 706 carmine
1215 666 1473 714 transtulisse,
1492 678 1582 705 mox

106 726 241 770 iisdem
259 730 390 771 verbis
409 729 552 770 deinde
568 732 710 772 recitat
728 732 920 786 integram
942 731 1131 780 fabulam,
1160 732 1288 785 qualis
1307 731 1359 771 de
1375 730 1585 771 arboribus

105 794 145 834 iu
166 794 340 835 Deorum
361 795 486 843 tutela
504 795 610 848 apud
631 797 841 837 Phaedrum
865 808 937 836 111.
964 803 1026 842 17.
1047 798 1203 850 legitur,
1224 796 1298 837 nisi
1320 797 1426 850 quod
1439 796 1585 836 rectius

104 859 143 899 in
157 858 320 900 Phaedri
339 859 458 901 hodie
477 867 604 901 exstat
624 861 774 903 Codice
788 864 915 916 pinus
932 861 1098 916 Cybela,
1119 852 1240 915 quam
1258 862 1365 915 quod
1387 863 1585 908 Perottus,

97 924 225 976 pinus
245 925 457 979 Neptuno:
485 932 525 967 et
543 927 733 975 Faernus,
755 929 908 968 Pinum
927 928 1083 968 humidi
1098 927 1333 981 tridentiser
1344 932 1475 967 rector
1493 927 1583 966 sali.

104 989 289 1030 Ceterum
316 1004 392 1031 nec
412 991 558 1032 fabulae
582 999 725 1033 ceterae
750 993 900 1033 Perotti
929 993 1045 1033 editae
1066 1007 1230 1046 usquam
1251 999 1367 1033 sunt:
1398 1005 1527 1044 neque
1545 991 1585 1030 in

102 1053 256 1094 Aviano
285 1054 422 1095 fabula
439 1054 541 1096 illius
561 1058 780 1108 argumenti
800 1058 1008 1111 reperitur,
1029 1071 1146 1110 quam
1175 1058 1346 1102 carmine
1365 1057 1585 1109 exprimere

102 1117 286 1159 Perottus
304 1119 493 1172 potuerit.
518 1145 528 1151 -
550 1120 677 1174 Igitur
704 1123 886 1162 Barthius
910 1123 983 1163 lib.
1003 1134 1151 1163 xxxv.
1172 1123 1381 1164 Adversar.
1404 1136 1495 1175 cap.
1516 1127 1583 1163 35.

100 1191 145 1226 et
173 1197 267 1238 pag.
298 1193 391 1235 827.
422 1186 472 1227 ad
504 1187 716 1228 Claudian.
744 1187 954 1228 Phaedr-um
989 1189 1111 1229 ‘citra
1130 1203 1287 1229 omnem
1307 1190 1584 1241 exceptionem

100 1248 306 1292 Tiberiani
325 1253 560 1306 scriptorem
581 1253 668 1292 aevi’
699 1254 915 1306 professus,
936 1255 1171 1294 Scriverium
1199 1254 1359 1301 refellit,
1379 1255 1583 1295 Perottum

99 1322 232 1357 autem
251 1317 450 1372 imponere
481 1317 694 1358 lectoribus
725 1320 804 1359 suis
836 1320 1005 1360 voluisse
1034 1333 1113 1359 non
1133 1320 1307 1367 dubitat,
1328 1326 1457 1359 ratum
1477 1319 1582 1372 apud

99 1396 142 1428 se
173 1382 300 1437 solum
335 1382 496 1424 Phaedri
527 1385 755 1437 exemplum
784 1393 944 1433 extare;
976 1386 1112 1438 itaque
1131 1399 1264 1425 versus
1284 1385 1388 1424 illius
1407 1398 1482 1437 pro
1501 1384 1583 1424 suis

97 1438 290 1489 audacter
307 1447 500 1489 venditari
521 1462 545 1488 a
569 1462 612 1490 se
633 1462 765 1501 posse.
822 1451 947 1490 Recte
966 1450 1133 1503 optabat
1153 1451 1418 1498 Burmannus,
1438 1456 1482 1489 ut
1502 1450 1582 1489 Co-

96 1512 188 1561 dex,
207 1506 331 1566 equo
348 1514 533 1553 Perottus
560 1514 714 1561 sumsit,
734 1515 978 1566 reperiretur.
1036 1515 1229 1555 Codicem
1249 1515 1404 1567 quidem
1425 1514 1581 1554 fabula-

96 1591 183 1619 rum
202 1572 226 1618 a
238 1573 408 1619 vPerotto
428 1577 662 1631 scriptarum
681 1579 720 1618 in
739 1579 851 1618 Italia
869 1579 1015 1633 reperit
1035 1579 1273 1619 Dorvillius:
1302 1579 1352 1619 de
1372 1593 1452 1631 quo
1471 1579 1581 1620 vide-

96 1649 180 1691 ant,
199 1643 269 1697 qui
288 1644 422 1693 velint,
447 1643 721 1698 praefationem
752 1645 968 1684 Burmanni
997 1645 1048 1684 ad
1080 1644 1306 1685 Phaedrum.
1364 1644 1441 1684 Sed
1477 1644 1581 1685 hanc

95 1708 320 1761 opinionem
347 1708 399 1750 de
423 1709 569 1750 fabulis
589 1710 673 1750 istis
693 1724 771 1750 non
790 1711 846 1750 illi
873 1711 1044 1750 Pbaedro
1060 1711 1242 1763 antiquo,
1271 1710 1340 1749 sed
1369 1710 1579 1750 recentiori

94 1773 229 1822 alicui,
255 1773 491 1822 tribuendis,
510 1775 666 1815 recoxit
692 1782 783 1815 aute
810 1789 933 1817 annos
964 1777 1099 1829 plures
1130 1778 1195 1816 Jc.
1231 1775 1338 1815 Frid.
1366 1775 1577 1821 Chrisfius,

94 1839 246 1892 scripta
274 1840 462 1893 peculiari
484 1841 762 1893 Disputatione
791 1855 911 1895 super
939 1855 984 1882 ea
1011 1856 1077 1890 re;
1107 1842 1148 1882 in
1175 1854 1255 1895 qua
1273 1841 1413 1889 multa,
1433 1842 1577 1893 partim

94 1904 135 1943 in
154 1905 287 1954 rebus,
307 1905 451 1958 partim
471 1905 512 1950 ih
533 1907 664 1946 verbis
683 1920 706 1946 a
729 1921 770 1947 se
790 1913 944 1960 reperta
963 1908 1079 1956 dicit,
1099 1914 1266 1961 propter
1285 1920 1374 1960 quae
1395 1907 1506 1946 istius
1526 1921 1578 1946 ae-

93 1970 185 2011 tatis
199 1983 289 2011 esse
307 1984 388 2011 non
419 1978 582 2024 possent
611 1971 673 2012 hae
702 1973 871 2012 fabulae:
901 1973 940 2013 in
974 1974 1120 2026 quibus
1140 1973 1174 2012 si
1203 1972 1372 2012 maxime
1392 1974 1576 2024 quaedam

93 2036 246 2077 habent
262 2035 436 2090 speciem
456 2036 642 2089 aliquam,
663 2038 879 2089 praesertim
911 2037 1019 2091 apud
1051 2037 1302 2078 mediocriter
1326 2044 1504 2077 versatos
1536 2038 1574 2077 in

93 2100 153 2140 his
180 2101 315 2150 rebus,
344 2106 478 2141 tamen
510 2115 558 2142 ea
583 2109 825 2143 momentum
855 2116 934 2142 non
963 2103 1128 2151 faciunt,
1150 2103 1396 2155 redeuntque
1414 2103 1575 2142 tandem

92 2165 226 2207 omnia
244 2165 296 2206 ad
314 2172 470 2206 aetatem
491 2166 665 2214 Codicis,
686 2182 708 2206 e
728 2181 809 2219 quo
825 2167 1000 2207 Pithoeus
1018 2181 1086 2207 eas
1104 2167 1258 2208 fabulas
1278 2167 1417 2207 edidit.
1473 2169 1574 2207 Eum

91 2238 225 2272 autem
251 2230 432 2272 Pithoeus
466 2231 580 2271 valde
604 2231 809 2284 antiquum
831 2231 951 2278 dicit;
981 2233 1039 2271 vir
1066 2245 1144 2271 non
1163 2232 1272 2272 rudis
1293 2232 1348 2272 rei
1368 2232 1513 2272 criticae
1533 2240 1575 2273 et

90 2296 337 2350 antiquariae,
357 2296 461 2337 utin
482 2296 561 2337 hoc
585 2296 744 2348 judicio
763 2296 843 2345 falli
874 2304 1025 2349 posset,
1053 2298 1271 2351 praesertim
1298 2311 1390 2337 cum
1419 2298 1573 2338 novitas

89 2361 181 2402 libri
207 2361 370 2402 deberet
388 2361 427 2400 in
447 2352 587 2401 oculos
605 2363 805 2402 incurrere
824 2362 1002 2410 cuilibet,
1033 2363 1064 2402 si
1084 2355 1236 2403 Perotti
1264 2370 1379 2403 aetate
1401 2363 1573 2415 scriptus

89 2416 206 2467 esset.
261 2427 429 2479 Scripsit
456 2433 596 2467 contra
627 2427 791 2467 Christii
821 2428 1135 2480 Disputationem
1166 2429 1364 2468 Funccius
1390 2430 1573 2481 Marpur-

82 2491 218 2548 gensis
235 2492 470 2544 Apologiam
490 2505 563 2544 pro
583 2492 754 2532 Phaedro
773 2500 813 2533 et
832 2494 920 2545 ejus
944 2493 1089 2533 fabulis
1108 2494 1215 2546 Lips.
1239 2500 1356 2540 1747.
1379 2500 1418 2533 8.
1437 2493 1506 2541 ita,
1530 2501 1573 2533 ut

82 2556 257 2600 dilueret
274 2557 340 2598 ille
360 2556 522 2609 quidem
543 2557 703 2609 objecta
723 2558 825 2599 libro
844 2573 923 2599 non
942 2573 1087 2612 pauca,
1108 2558 1177 2598 sed
1207 2559 1419 2598 Phaedrum
1440 2559 1569 2612 ipsum

759 2647 898 2680 NOTAE

134 2724 145 2742 ¹
170 2722 212 2756 In
238 2722 347 2756 cornu
376 2722 488 2766 Copiae
518 2734 549 2765 p.
575 2727 652 2758 999.
685 2724 801 2757 Confer
856 2725 972 2756 Bernh.
999 2725 1166 2756 Monetam
1196 2726 1236 2757 ad
1263 2725 1458 2768 Menagiana
1478 2725 1568 2766 Toni,

88 2774 267 2807 Loonhudi
280 2774 451 2807 Nicodemi
466 2775 644 2809 addit-iones
659 2777 699 2808 ad
715 2776 800 2808 Bibl.
857 2789 904 2808 iv.
921 2788 992 2820 pag.
1010 2780 1083 2810 118.
1099 2788 1164 2820 seq·

88 2825 332 2868 Neapolitanam
361 2826 434 2859 Nic.
466 2827 571 2869 Toppi
599 2839 630 2870 p.
663 2832 736 2862 1811.
769 2834 801 2859 ct

173 2882 291 2924 Delph.
307 2886 337 2915 et
358 2879 436 2916 Vur'.
454 2883 540 2916 clas.
785 2883 916 2917 Phaedr.
1417 2886 1436 2915 2
1460 2885 1492 2916 Y
