1806 3236
255 209 343 254 594

255 315 387 350 utitur:
411 314 578 350 ‘Utinam
601 325 645 350 ne
665 316 702 350 in
728 325 869 350 nemore
892 317 962 349 Pe-

253 366 328 400 lio!
353 367 455 403 Quod
470 368 566 411 qnasi
579 368 613 400 in
631 367 851 410 proverbium
862 367 960 410 abiit,

256 416 301 449 de
317 427 355 450 re
370 418 470 450 altius
497 422 532 450 et
557 428 579 450 a
597 418 834 451 remotissimis
849 418 960 451 causis

254 468 420 510 repetita,
447 477 540 500 more
563 468 756 501 mulierum.
802 470 890 502 Eum
911 469 960 502 lo—

254 528 332 552 cum
349 519 518 552 Phaedrus
530 519 589 552 hicv
599 519 686 552 scite
700 520 865 554 imitatur.
910 521 961 553 Si·

254 570 336 602 mile
360 574 414 603 est
436 570 520 602 illud
545 571 699 613 ejusdem
729 572 903 614 Euripidis
925 572 959 604 in

255 620 422 653 Hecuba:
445 620 558 654 Ἰδαίαν
574 620 628 654 ὅτε
642 623 764 665 πρῶτον
779 622 857 655 ὕλαν
872 621 959 656 Ἀλέ-

253 673 375 714 ξανδρος
390 670 546 705 εἷλατίναν
560 670 667 715 ἔταμε,
682 675 746 706 &c.
771 674 858 707 Rite.

298 722 367 755 Nec
380 723 533 765 unquam]
553 724 622 756 Ms.
638 734 677 757 ne
689 734 837 766 unquam.
853 724 945 759 Gud.

298 774 367 808 Nec
380 775 530 817 unquam]
563 774 668 818 Apud
692 776 836 810 Quinct.
847 777 909 810 lib.
925 786 959 810 v.

254 833 285 857 c..
302 827 356 857 10.
380 825 510 858 Medea
525 826 698 868 loq-uitur:
734 826 744 845 ‘
759 826 900 861 Utinam
917 837 960 860 ne

253 874 289 907 in
304 884 444 908 nemore
460 875 561 908 Pelio
577 886 739 919 umquam
759 886 848 909 eaesa
864 877 960 910 abies

253 924 398 959 fuisset!
443 926 547 961 Quod
561 936 605 960 ex
629 927 799 970 principio
824 929 960 962 Medeae

254 976 430 1019 Euripidis
459 981 526 1010 est.
566 978 650 1010 Nev.
707 979 799 1011 Puto
822 983 960 1012 veteres

253 1027 432 1069 scripsisse
463 1028 625 1071 junctim,
655 1029 748 1063 sicut
771 1031 781 1049 ‘
799 1030 962 1072 Necubi,’

251 1081 261 1097 ⁶
278 1079 311 1111 N
315 1071 472 1121 ecunde,'
489 1082 525 1112 et
541 1079 675 1113 similia.
715 1081 785 1114 Nec
799 1081 855 1114 hic
870 1082 959 1115 idem

254 1139 307 1170 ac,
319 1139 400 1171 non,
415 1133 455 1163 ut
470 1140 564 1173 saepe
578 1130 669 1173 apud
682 1131 782 1173 Virg.
814 1132 962 1166 Simulat

251 1183 379 1221 autem,
394 1190 431 1213 se
455 1180 665 1223 scripturum
691 1182 909 1226 tragoediam,
924 1188 961 1217 et

247 1230 331 1275 joco
346 1231 411 1265 hoc
438 1231 534 1270 velut
556 1231 735 1269 exordium
757 1233 855 1277 facit,
878 1244 959 1277 quo-

251 1282 353 1314 modo
370 1281 502 1315 Ennius
525 1281 562 1314 in
588 1284 810 1317 translatione
823 1285 960 1327 Euripi-

251 1332 304 1366 dis
329 1333 478 1370 Medeae.
523 1333 612 1370 Vide
642 1334 785 1371 Fabium
812 1335 958 1381 In,st.vv.

251 1393 284 1419 c·
301 1387 354 1422 1οι
378 1383 486 1425 schef-

294 1436 386 1468 Pelei
401 1435 554 1480 nemoris]
574 1436 661 1471 Pelii
670 1438 818 1480 nemoris,
832 1437 960 1474 Salma-

251 1486 323 1520 sius
349 1487 393 1519 ad
418 1487 620 1530 marginem.
656 1488 755 1522 Alius
784 1494 837 1523 est
861 1500 958 1523 mons

250 1538 385 1570 Pelinna
399 1537 470 1571 sive
485 1537 598 1571 Peliua
612 1539 646 1571 in
658 1539 755 1582 Chio,
770 1550 870 1583 quem
883 1550 959 1582 per-

250 1598 369 1632 peram
384 1589 524 1632 quidam
541 1591 688 1623 Pelenam
704 1592 894 1634 appellant,
906 1602 959 1627 er-

250 1644 433 1684 ratumque
448 1641 483 1673 in
498 1641 563 1675 hoc
577 1643 714 1674 nomine
727 1643 819 1685 apud
829 1643 961 1686 Diony-

250 1687 350 1729 sium.
406 1690 604 1728 Dicaearchi
641 1691 871 1735 fragmentum
915 1695 959 1728 de

249 1747 367 1780 monte
384 1743 486 1775 Pelio
501 1747 618 1780 exstat
633 1743 668 1777 in
683 1744 894 1781 bibliotheca
909 1755 959 1779 re-

253 1793 309 1835 gia
324 1792 434 1826 Paris.
461 1794 549 1826 Gna.

294 1843 384 1876 Pelei
394 1843 541 1886 nemoris]
557 1843 665 1888 Lege,
680 1846 766 1882 Pelii
776 1848 810 1881 in
825 1849 959 1884 nemoris

240 1892 333 1937 jugo.
356 1895 506 1928 Ennius:
530 1898 540 1914 ⁶
556 1895 698 1928 Utinam
710 1907 754 1930 ne
771 1897 805 1930 in
819 1908 958 1931 nemore

251 1944 375 1977 Pelio.'
413 1946 542 1981 Catuli.
576 1946 586 1965 ‘
603 1947 758 1983 Quorum
787 1953 867 1990 post
887 1949 959 1982 obi-

249 1999 323 2028 tum
339 1996 500 2039 princeps
517 2007 536 2029 e
552 1998 683 2031 vertice
701 1998 811 2034 Pelii:
846 2000 959 2034 Heius.

250 2045 442 2083 Heinsius:
493 2049 503 2066 ‘
521 2048 609 2080 Pelii.
635 2049 667 2083 in
702 2050 853 2092 nemoris,
878 2051 960 2093 quia

251 2098 302 2131 sic
332 2103 369 2131 et
396 2099 580 2142 Euripides
607 2104 644 2132 et
673 2100 823 2134 Ennius:
855 2102 866 2120 ‘
882 2102 958 2134 Uti-

250 2158 331 2184 nam
361 2159 406 2184 ne
436 2150 472 2182 in
501 2160 640 2184 nemore
671 2151 823 2185 Pelio:''
871 2153 959 2195 opti-

249 2209 319 2241 me,
347 2209 427 2233 nam
454 2201 555 2243 Pelei,
579 2201 731 2243 parentis
755 2212 879 2238 nomen
893 2207 957 2236 est.

250 2251 360 2291 Schef.
396 2252 486 2285 Vide
502 2253 619 2288 Lutat.
639 2253 682 2286 ad
697 2253 787 2287 Stat.
801 2254 908 2288 Theb.
926 2265 958 2288 V.

249 2305 326 2335 836.
350 2303 409 2336 ubi
434 2303 444 2321 ‘
461 2303 577 2337 Pelias
593 2304 692 2346 pinus
706 2303 717 2318 ’
739 2304 890 2339 dicitur:
922 2310 959 2338 et

248 2351 443 2386 ‘Thessala
468 2354 589 2396 pinus’
615 2354 741 2389 Ovidio
767 2356 831 2398 Ep.
847 2365 958 2391 xvru.

251 2405 327 2442 158.
343 2405 402 2437 ubi
413 2405 492 2438 vide
509 2406 647 2439 Heinsii
662 2410 774 2442 notas.

292 2457 312 2486 7
337 2455 492 2498 Bipenni]
514 2456 629 2489 Gloss.
648 2456 659 2476 ‘
673 2456 840 2500 Bipmnss,
863 2467 958 2491 secu-

250 2504 298 2537 ris
314 2504 551 2540 Amazonios!
577 2507 663 2541 Gud.

293 2559 314 2589 8
337 2557 494 2596 Professoe
508 2558 635 2601 mortis]
657 2557 783 2592 Juven.
799 2558 874 2592 Sat.
888 2567 957 2592 xn.

248 2605 259 2624 ‘
277 2605 294 2637 1
310 2615 415 2646 nunc,
433 2611 470 2640 et
494 2608 606 2640 ventis
632 2609 781 2645 animam
811 2608 958 2650 confide,

250 2654 366 2690 dolato
383 2656 538 2690 Confisus
554 2658 657 2701 ligno,
679 2655 796 2702 digitis
811 2669 832 2692 a
846 2664 958 2692 morte

251 2710 403 2740 remotus
429 2707 586 2741 Quatuor
612 2713 673 2742 aut
700 2713 845 2752 septem,
870 2710 898 2742 si
913 2710 958 2743 sit

250 2756 417 2790 latissima
432 2758 547 2793 taeda.'
570 2760 701 2792 Contra
712 2760 834 2793 Seuec.
844 2760 956 2802 Epist.

251 2810 305 2843 44.
338 2809 347 2827 ‘
362 2809 464 2847 Erras
487 2809 566 2847 siin
582 2811 801 2859 navigatione
825 2815 957 2845 tautum

722 222 865 255 NOTAE
898 220 1167 254 vARroRUM
1203 223 1256 255 IN

1010 317 1188 351 existimas
1211 318 1387 351 minimum
1411 328 1499 360 esse,
1519 326 1590 362 quo
1602 322 1715 356 morte

1011 368 1083 400 vita
1094 368 1289 404 deducitur.
1311 370 1353 402 In
1362 370 1453 403 omni
1466 370 1543 403 loco
1555 379 1654 414 teque
1661 375 1715 409 te·

1010 427 1078 451 nue
1093 419 1315 453 intervallum·
1326 425 1393 454 est.
1435 421 1525 454 Nam
1537 420 1665 464 ubique,
1675 430 1714 454 se

1010 473 1157 502 mortem
1168 479 1277 512 prope
1295 471 1469 504 ostendit:
1494 471 1622 514 ubique
1641 465 1715 507 tam

1010 529 1121 562 prope
1134 520 1212 553 est)
1225 522 1308 554 Nem.
1338 522 1396 554 Sic
1412 521 1456 555 ob
1470 521 1717 556 certitudinem

1010 570 1155 612 periculi
1177 572 1341 614 loquitur,
1369 572 1467 616 quasi
1482 573 1594 616 palam
1608 576 1717 606 tesn-

1013 624 1133 653 rentnr
1151 630 1188 653 se
1215 622 1388 655 ambulare
1401 622 1446 655 ad
1470 627 1634 666 mortem,
1658 623 1717 667 qni

1009 672 1188 714 navigant.
1198 673 1322 707 Senec.
1339 674 1435 708 Med.
1444 673 1718 728 ‘Profesmprm

1009 722 1096 756 dunt
1112 723 1214 757 odia)
1230 724 1333 763 Scluzf.
1349 714 1647 760 ovid.Amor.1u.
1659 728 1715 760 14.

1008 774 1019 793 ‘
1033 773 1182 817 Solaque
1193 773 1356 808 famosam
1371 777 1475 818 eulpa
1494 774 1658 818 profem
1662 775 1716 810 fa-

1010 824 1081 859 cit.'
1103 825 1463 860 Ita‘Professaodia'
1477 826 1602 861 Senec.
1615 822 1714 862 Mea.

1010 879 1085 910 154.
1094 876 1288 910 ‘Professus
1297 877 1432 920 hymen’
1443 877 1530 911 Stat.
1539 877 1624 910 silv.
1634 886 1661 911 1.
1672 886 1716 911 u.

1009 930 1063 960 26.
1084 928 1094 947 ‘
1111 927 1295 961 Professus
1310 927 1406 961 furor
1418 928 1428 944 '
1454 928 1594 963 Quinct.
1610 928 1719 962 Deci.

1009 987 1060 1011 ιν.
1084 979 1172 1012 Vide
1188 979 1240 1012 Cl.
1251 979 1428 1012 Graevium
1439 979 1719 1014 saczcam-‚m

1009 1038 1067 1062 ιιι.
1101 1033 1155 1062 56.
1192 1034 1228 1064 et
1256 1030 1306 1063 sic
1335 1030 1449 1064 Cicer.
1480 1031 1581 1066 Tusc-
1609 1038 1654 1064 ιι.
1681 1034 1718 1065 ⁵.

1007 1079 1018 1098 ‘
1035 1081 1137 1115 Quod
1161 1085 1217 1114 est
1241 1081 1332 1114 enim
1348 1081 1459 1124 maJus
1478 1085 1719 1123 argumentum

1008 1130 1092 1163 nihil
1119 1141 1194 1163 eam
1221 1131 1400 1174 prodesse,
1423 1141 1526 1174 quam
1548 1131 1719 1175 quosdam

1010 1180 1181 1224 professos
1205 1182 1424 1225 philosophos
1446 1181 1598 1224 turpiter
1620 1182 1718 1216 vive-

1009 1243 1046 1266 re
1057 1233 1080 1265 Ρ·
1112 1233 1172 1267 Ita
1197 1237 1299 1266 recte·
1327 1243 1376 1269 ex,
1402 1232 1714 1267 Palatinn.oodice

1009 1283 1124 1316 Gebh.
1138 1283 1241 1326 Crep.
1252 1292 1308 1317 nr.
1323 1286 1356 1318 a.
1372 1292 1435 1326 pro
1449 1282 1612 1326 perfectos.
1633 1281 1715 1316 Non

1008 1333 1218 1367 dissimiliter
1238 1334 1331 1376 apud
1357 1333 1500 1376 Apulei.
1521 1332 1671 1377 Apolog‚
1685 1343 1714 1368 ι.

1006 1385 1076 1428 legi
1091 1385 1215 1419 debet:
1240 1386 1250 1405 ‘
1262 1386 1469 1428 Paupertas,
1482 1385 1717 1429 Philosophia

1007 1438 1207 1478 vernacula,
1219 1441 1273 1470 est
1286 1435 1386 1478 frugi,
1396 1435 1523 1478 sobria,
1532 1446 1640 1478 parvo
1654 1446 1716 1480 pot·

1008 1491 1098 1529 tens,
1121 1488 1245 1522 aemula
1271 1486 1395 1527 laudis,
1410 1485 1556 1520 adversa
1570 1486 1716 1546 divitiis,

1007 1537 1174 1582 professa,
1199 1537 1320 1573 habitu
1335 1536 1479 1578 seeura,'
1495 1539 1562 1570 &c.
1589 1547 1666 1578 cum
1680 1538 1717 1574 in

1007 1590 1157 1632 vulgatis
1182 1589 1276 1623 nullo
1304 1599 1408 1622 sensu
1433 1575 1584 1633 legatur,
1604 1590 1715 1624 adner-

1007 1651 1076 1677 sum
1089 1642 1220 1676 divitias
1229 1641 1383 1684 professa.
1407 1640 1528 1674 Burm-

1051 1692 1210 1733 Professoe
1232 1692 1345 1725 mortis
1359 1691 1458 1734 viam]
1493 1692 1715 1735 Elegantissi-

1007 1753 1062 1776 me
1079 1743 1223 1777 dictum.
1267 1744 1351 1776 Plus
1366 1747 1482 1776 autem
1499 1747 1564 1784 est,
1575 1743 1716 1787 professa

1006 1804 1105 1836 mors,
1115 1804 1216 1837 quam
1240 1792 1396 1836 προῦπτος
1418 1792 1559 1828 θάνατος.
1602 1795 1715 1839 Signi-

1006 1843 1090 1880 ficat
1109 1846 1198 1878 enim
1214 1844 1392 1888 αὐθαίρετον
1400 1844 1573 1889 edum-oum
1585 1846 1715 1889 ἑπιαπα·

1007 1895 1094 1931 στάν.
1139 1896 1197 1930 Ita
1221 1897 1395 1939 navigatio
1421 1897 1506 1931 nibil
1529 1897 1623 1931 aliud
1648 1903 1715 1940 est,

1008 1957 1112 1990 quam
1126 1947 1247 1980 mortis
1261 1947 1416 1990 quaedam
1430 1946 1612 1990 professio.
1641 1948 1716 1982 Me·-

1009 1998 1074 2031 rito
1090 1998 1195 2040 igitur
1222 1998 1396 2031 exclamat
1410 1998 1613 2041 Propertius
1636 2008 1716 2032 con-

1008 2053 1063 2082 tra
1081 2049 1340 2091 navigationes:
1372 2049 1382 2068 ‘
1398 2048 1454 2087 Ite
1470 2053 1562 2082 rates
1587 2058 1713 2087 curva»,

1008 2105 1045 2133 et
1066 2100 1129 2133 leti
1151 2100 1262 2134 texite
1289 2110 1437 2142 causam,
1463 2100 1538 2134 Ista
1565 2110 1629 2143 per
1654 2101 1714 2133 hu·

1008 2162 1127 2187 manas
1142 2162 1230 2185 mors
1246 2150 1340 2184 venit
1354 2155 1434 2184 acta
1447 2161 1578 2185 manus.
1607 2151 1715 2185 Terra

1009 2213 1128 2245 parum
1142 2202 1254 2237 fuerat
1269 2201 1349 2236 fatis
1361 2213 1372 2243 ;
1389 2202 1579 2244 adjecimus
1592 2201 1714 2244 undas,

1009 2255 1169 2287 Fortunae
1191 2254 1333 2287 miseras
1350 2254 1504 2287 auximus
1519 2258 1596 2287 arte
1610 2253 1681 2287 vias
1691 2253 1714 2287 ι’

1007 2307 1073 2339 &c.
1097 2306 1143 2339 Et
1155 2305 1323 2341 Horatius
1337 2306 1451 2338 Carm.
1465 2305 1525 2338 lib.
1539 2314 1570 2340 ι.
1582 2305 1667 2337 Rite.

1050 2356 1210 2390 Audacem
1237 2355 1336 2397 viam]
1386 2354 1445 2390 Ad
1485 2355 1713 2390 imitationem

1009 2406 1127 2440 Ovidii
1143 2407 1185 2439 de
1208 2406 1372 2439 Daedalo:
1398 2405 1476 2439 Art.
1498 2405 1575 2439 Am.
1599 2415 1642 2440 ιι.
1658 2409 1712 2440 22.

1005 2457 1016 2475 ‘
1025 2456 1204 2491 Audacem
1217 2457 1338 2499 pennis
1352 2457 1509 2500 repperit
1519 2456 1576 2490 ille
1588 2457 1678 2490 viam
1692 2456 1713 2488 :'

1007 2512 1044 2541 et
1061 2508 1140 2541 hinc
1155 2508 1164 2526 ‘
1181 2507 1346 2550 Improba
1359 2506 1464 2550 Argo'
1477 2507 1619 2540 Senecae
1635 2506 1711 2539 Me-

1008 2560 1073 2592 dea
1086 2562 1161 2592 340.
1187 2558 1306 2592 eodem
1333 2568 1448 2600 sensu,
1466 2568 1532 2602 quo
1554 2558 1564 2576 ‘
1580 2557 1714 2600 Impro-

1010 2609 1107 2641 bam'
1144 2609 1229 2643 Julii
1255 2609 1403 2642 Caesaris
1440 2609 1582 2644 classem
1610 2614 1713 2644 vocat

1007 2660 1129 2692 Florus
1144 2669 1202 2692 111.
1221 2662 1273 2692 10.
1297 2660 1412 2692 Bur-m.

1049 2712 1071 2741 9
1095 2710 1292 2742 Fabricasset
1317 2710 1425 2751 Argus
1451 2720 1542 2752 opere
1569 2711 1711 2745 Palladio

1004 2761 1122 2803 ratem]
1146 2760 1373 2803 Apollodorus
1388 2760 1447 2793 lib.
1464 2770 1489 2795 1.
1505 2761 1711 2796 Bibliothec-

999 2811 1114 2858 Ἀργος
1126 2812 1257 2851 Ἀθηνᾶς
1272 2810 1457 2855 ὑποθεμένης
1467 2812 1709 2858 πεντηκόντορον
