1806 3236
219 191 305 248 528

219 296 416 339 περιστάσει,
431 298 497 329 &c.
523 296 602 337 Rig.

264 349 402 391 Inertes]
425 348 574 390 Proprie
587 346 671 380 artis
682 347 758 389 ejus
767 346 931 390 imperiti.

223 400 317 433 Vide
334 400 449 433 Cicer.
466 398 510 431 de
525 399 599 431 Pin.
615 408 656 432 n.
671 398 795 431 Glossa
809 409 819 431 ·.
847 399 933 431 Ἀτε-

221 451 311 493 χνὴς,
325 451 429 491 iners,
445 450 518 483 sine
533 449 635 482 arte!
666 450 747 485 Hoc
762 450 847 492 vult,
863 460 932 483 non

222 504 374 547 potuisse
389 503 483 544 ipsos
498 501 618 535 facere
640 502 719 543 sibi,
742 507 933 546 propterea

221 554 400 587 mendacio
432 563 590 596 quaerere
620 554 767 586 voluisse
790 555 931 588 alienos.

221 605 339 638 Aliter
364 608 401 637 et
427 615 490 647 pro
515 605 648 646 ignavis
665 605 804 647 accepit
818 605 932 637 luter-

223 666 306 698 pres
319 656 452 689 Gallus.
494 656 564 689 Sed
577 656 643 689 hoc
659 660 714 689 est
728 656 933 689 conveniens

224 706 461 750 sequentibus.
486 706 593 747 Schef.

266 759 364 801 Suos]
386 760 456 792 Ms.
473 759 550 792 suis.
580 758 675 792 Gud.

267 815 288 844 3
311 811 505 852 Aci-sorum]
539 811 597 843 Ita
618 810 740 843 Cicero
755 819 821 852 pro
836 810 934 842 Flac·

224 872 266 896 co
290 859 310 902 ’ξ
326 862 513 895 Deducere
547 861 590 894 ad
620 855 800 903 jud'ieium'
836 860 936 895 dicit.

226 912 337 953 Schef.
382 913 528 947 Quinct.
551 913 655 944 Deci.
686 921 739 945 v1.
762 914 815 945 17.
837 912 848 931 ‘
865 912 935 944 Vos

225 974 295 996 nou
313 963 459 996 forensis
471 963 559 995 ratio
574 962 740 995 deducit!

267 1018 289 1048 4
314 1012 543 1055 Pulcherrime]
556 1013 613 1046 Sic
628 1013 774 1046 Plautus
790 1012 936 1055 saepiust

227 1070 265 1099 et
294 1065 387 1098 idem
412 1065 470 1098 hic
495 1063 603 1098 infra:
625 1064 636 1080 ‘
654 1064 804 1097 Pulchre
821 1068 938 1096 tamen

224 1116 410 1159 intelligo!
455 1117 503 1149 Et
529 1119 686 1149 extremo
714 1114 780 1148 hoc
806 1124 936 1157 opere:

224 1168 234 1186 ‘
248 1168 327 1201 Hoc
344 1177 419 1209 cur,
434 1166 552 1207 Filite,
566 1165 777 1207 scripserim,
793 1165 937 1206 pulchre

227 1218 350 1252 vides?
372 1217 497 1259 Schiop.
543 1216 699 1258 Optime.
721 1216 776 1248 Sic
792 1216 938 1248 Plautus

228 1270 369 1313 passim,
394 1270 448 1301 uti
470 1269 576 1301 docet
590 1268 793 1309 Schoppius.
837 1266 940 1300 Adde

229 1322 394 1354 Nostrum
409 1318 468 1352 inf.
482 1319 543 1351 lib.
558 1327 609 1351 lv,
623 1321 675 1351 19.
691 1322 728 1350 et
740 1327 813 1360 seq.
834 1317 940 1357 Schef.

271 1375 292 1404 5
315 1371 432 1411 Legem
467 1368 561 1410 hanc]
597 1367 853 1409 conditionem,
888 1368 940 1401 uti

227 1422 333 1465 paulo
366 1424 446 1464 post
476 1420 646 1462 appellat.
681 1419 789 1458 Sches.
832 1420 939 1452 Forte

230 1474 352 1514 Legem
379 1472 492 1504 hancce
517 1471 635 1512 posuit.
678 1470 738 1503 Sic
758 1469 877 1502 fabula
890 1479 942 1502 se·

230 1523 371 1567 quenti:
393 1523 403 1541 ‘
421 1521 630 1560 Quaestionis
656 1519 802 1563 positae.'
826 1520 941 1552 Heius.

275 1572 447 1614 Partibus]
468 1573 527 1606 Ita
542 1571 696 1614 proprie,
722 1570 782 1614 qui
802 1570 943 1613 litigant

231 1626 324 1661 inter
352 1635 404 1667 se,
426 1629 605 1658 vocantur.
654 1622 783 1656 Fabius
812 1632 880 1655 vn.
909 1625 942 1655 2.

232 1678 243 1697 ‘
255 1677 336 1711 Scio
357 1676 450 1719 apud
477 1674 644 1719 quosdam
659 1683 734 1706 esse
750 1673 943 1717 quaesitum,

233 1728 401 1771 quomodo
426 1721 669 1768 inveniremus,
693 1730 771 1758 utra
788 1735 869 1768 pars
884 1725 943 1757 de-

233 1778 337 1814 beret
363 1778 459 1820 prior
497 1776 636 1809 dicere:
680 1777 773 1809 Hinc
801 1775 942 1818 ‘Agere

232 1827 295 1862 has
321 1832 383 1862 aut
410 1828 486 1860 illas
508 1826 640 1870 partes’
663 1826 756 1870 apud
779 1826 891 1860 Cicer.
907 1830 944 1859 et

236 1879 333 1913 alios.
357 1878 463 1919 Schef.

279 1930 448 1970 Partibus]
472 1929 517 1962 Id
531 1932 596 1972 est,
615 1928 845 1971 litigantibus.
888 1927 946 1961 Sic

235 1983 340 2026 vulgo
354 1991 488 2025 quoque
500 1985 608 2024 partes
622 1985 843 2023 usurpantur.
858 1981 946 2014 Rite.

279 2037 302 2066 6
340 2032 578 2074 Inconveniens]
627 2033 686 2065 De
722 2032 946 2064 similitudine

238 2083 371 2128 speciei
386 2088 540 2116 externae
559 2087 713 2125 usurpat.
735 2082 840 2122 Schef.

284 2134 395 2176 Color]
416 2135 484 2166 Ms.
500 2135 590 2166 colos.
613 2133 705 2167 Gud-

282 2189 303 2218 ’1
327 2184 444 2226 Plane]
466 2185 628 2218 Omnino.
659 2183 757 2217 Nihil
779 2183 835 2216 hic
862 2185 947 2226 puto

238 2236 452 2270 mutandum.
494 2235 593 2276 Vult,
619 2235 756 2267 omnino
780 2244 820 2266 ac
845 2234 948 2276 plane

239 2288 345 2321 fuisse
381 2296 520 2320 causam
562 2286 668 2328 justae
713 2284 951 2325 dubitationis,

241 2342 385 2381 propter
421 2338 515 2369 illam
538 2335 806 2370 similitudinem.
842 2334 948 2374 Schqf.

240 2390 336 2431 Lege
358 2390 467 2430 plana.
521 2387 579 2420 Sic
615 2385 717 2428 iufra,
751 2386 761 2403 ‘
775 2385 948 2427 Apertum

242 2439 322 2473 est!
344 2439 443 2472 dixit.
481 2438 597 2472 Heius.

287 2493 308 2523 8
333 2491 402 2523 Nec
416 2489 530 2530 religio
550 2491 656 2531 peccet
668 2487 849 2530 imprudens
865 2485 948 2527 mea]

244 2542 374 2582 Religio
387 2551 467 2582 mea,
480 2540 515 2572 id
533 2544 600 2581 est,
612 2549 676 2581 ego
686 2538 808 2580 judex.
851 2537 873 2570 J
877 2536 949 2568 udi-

244 2595 278 2627 ci
291 2593 410 2635 religio
426 2591 601 2632 tribuitur,
625 2593 768 2632 propter
775 2588 949 2631 jusjuran-

245 2645 327 2677 dum
361 2653 427 2686 quo
465 2642 648 2675 adstrictus
684 2644 750 2673 est.
807 2639 950 2673 ,Iuratus

246 2696 335 2727 enim
347 2694 496 2736 judicat.
542 2694 667 2726 Cicero
679 2701 742 2734 pro
755 2691 806 2724 M.
818 2690 924 2723 Coelio
939 2699 948 2721 :

244 2747 255 2764 ⁸
272 2745 396 2779 Habeo
409 2745 511 2786 euim,
526 2744 682 2785 Judices,
697 2751 796 2786 quem
822 2751 882 2775 vos
897 2750 949 2774 so-

692 201 838 234 NOTAE
869 176 1137 236 VARJORUM
1171 204 1222 236 ΙΝ

980 297 1072 331 cium
1083 302 1206 332 vestroe
1219 298 1395 342 religionis
1402 298 1688 343 juri-questu·-

981 349 1017 383 di
1033 348 1136 382 facile
1150 359 1226 383 esse
1239 351 1432 393 patiemini,
1448 352 1489 385 1...
1502 350 1688 387 Lucentu-

982 401 1232 435 sanctissimum
1257 403 1428 436 hominem
1456 407 1494 436 et
1530 401 1690 447 graffil-

981 461 1074 484 mum
1087 452 1235 494 testem:
1248 455 1316 486 &c.
1330 463 1409 486 naus
1422 459 1460 488 et
1481 457 1587 488 testes
1593 455 1691 498 juri·

982 503 1012 536 ti
1025 503 1260 537 testimonium
1283 504 1424 538 dicuntz
1449 505 1511 539 lib.
1525 515 1578 539 ιι.
1593 506 1633 540 G.
1645 506 1690 539 (le

984 555 1142 588 testibus.
1189 555 1342 588 Plurima
1357 556 1403 589 sd
1426 557 1516 590 haue
1540 565 1626 598 rem,
1653 554 1691 589 iu

984 610 1051 647 est,
1079 605 1123 638 aed
1147 605 1390 648 jusjurandum
1414 607 1500 641 um
1521 607 1694 651 judicum,

985 668 1061 702 quae
1091 659 1127 690 in
1149 658 1230 699 jure
1254 658 1368 699 religio
1390 659 1529 701 dicitur,
1548 660 1625 694 loen
1641 659 1691 693 'ex

977 710 1059 751 Jure
1073 708 1167 741 civili
1183 709 1346 742 annotavi
1371 709 1423 742 ιδ’·
1432 707 1487 743 tit.
1501 707 1691 744 lustu-me

986 759 1092 803 oblig.
1119 769 1197 802 quae
1227 760 1326 803 quasi
1355 769 1400 793 ex
1433 759 1570 794 senem
1595 764 1692 795 me.

986 811 1074 844 Rite.
1685 816 1687 819 ’

1030 861 1175 903 Religio]
1218 861 1276 894 Sic
1292 865 1435 904 propter
1451 861 1694 905 jusjurando·

987 913 1126 945 solenne
1143 922 1162 945 a
1173 911 1349 954 judicibus
1364 911 1524 954 praestsri
1542 913 1693 954 solitum,

986 964 1188 1006 priusquam
1218 963 1263 996 ad
1294 962 1520 1005 judie-ndum
1550 963 1695 997 aceede·

987 1020 1077 1057 rent,
1091 1015 1256 1058 loquitur,
1273 1019 1313 1047 ut
1328 1015 1417 1048 bene
1432 1012 1694 1048 Rittenhnsius.

986 1066 1078 1100 Vide
1093 1076 1199 1108 supra
1220 1077 1251 1100 c.
1264 1069 1316 1099 10.
1341 1065 1402 1098 ubi
1422 1066 1555 1108 pariter
1575 1065 1588 1084 ⁸
1602 1065 1697 1099 Reri-

989 1117 1137 1159 gionem'
1153 1117 1334 1159 usurpavit
1347 1117 1380 1149 iu
1397 1120 1559 1158 respectu
1571 1115 1696 1159 adjus-

983 1165 1185 1210 jurandum,
1199 1167 1354 1211 quamvis
1365 1167 1459 1201 aliud
1470 1167 1514 1200 ab
1528 1166 1695 1200 boenes-

989 1223 1058 1253 tro.
1082 1218 1190 1259 Schts.
1234 1219 1278 1252 L.
1294 1227 1336 1252 11.
1350 1217 1388 1251 ff.
1413 1217 1444 1252 si
1464 1217 1573 1251 nsum
1598 1221 1697 1260 pete-

989 1274 1057 1303 tur.

1032 1321 1178 1363 Religio]
1212 1320 1257 1353 Id
1272 1323 1338 1362 est,
1347 1319 1588 1363 jusjurandum
1605 1326 1625 1352 ι
1638 1327 1696 1352 sne

981 1371 1103 1414 judice
1127 1370 1334 1413 praestitum.
1383 1370 1462 1403 an.
1478 1369 1574 1402 Max.
1600 1370 1624 1402 l.
1640 1377 1695 1402 ιι.

990 1433 1022 1456 c.
1049 1426 1102 1455 15.
1126 1423 1158 1464 ξ.
1178 1427 1211 1455 5.
1233 1422 1244 1441 ⁴
1261 1421 1447 1454 violentiae
1470 1420 1583 1462 plebis
1601 1419 1698 1463 judi-

992 1473 1144 1507 cantium
1159 1471 1281 1514 religio
1293 1470 1421 1505 cessit?
1445 1471 1535 1504 Gd-

1036 1521 1240 1565 Imprudens]
1284 1522 1355 1554 Per
1377 1521 1658 1564 imprudentiam,
1669 1520 1700 1555 si

991 1575 1104 1607 minus
1118 1574 1233 1607 omnia
1248 1572 1442 1615 providero.
1495 1572 1554 1605 Sic
1566 1572 1700 1605 Teren*

992 1626 1060 1658 tius
1082 1625 1213 1668 Hecyr.
1240 1628 1311 1657 act.
1326 1632 1363 1657 v.
1389 1631 1485 1656 seem
1509 1625 1546 1655 4.
1567 1625 1606 1656 et
1630 1622 1700 1656 alii.

992 1676 1097 1716 Sem.
1494 1674 1496 1676 ’

1035 1730 1059 1759 9
1079 1726 1208 1768 Alveos]
1242 1725 1285 1758 Iu
1299 1724 1395 1758 libris
1407 1724 1490 1757 Mss.
1502 1733 1580 1757 esse
1590 1723 1701 1765 Abos,

992 1786 1062 1810 non
1076 1776 1202 1817 Aloeus,
1216 1779 1366 1808 testatur
1379 1774 1576 1816 Salmasius,
1595 1777 1634 1807 et
1656 1783 1700 1806 ex

992 1828 1068 1870 ipso
1083 1827 1100 1858 ὁ
1114 1824 1195 1858 πάνυ
1215 1825 1414 1858 Gronovius
1437 1823 1483 1856 nd
1508 1822 1617 1856 Plinii
1640 1823 1701 1857 lib.

994 1886 1074 1911 xxi.
1090 1880 1142 1911 12.
1156 1876 1216 1909 ubi
1229 1880 1266 1908 et
1280 1876 1467 1909 lectionem
1481 1884 1556 1908 esui
1572 1873 1701 1917 probat

994 1929 1162 1971 pluribus.
1199 1926 1306 1966 Schef.
1360 1926 1459 1959 Alvos
1480 1926 1581 1958 V-C.
1604 1925 1701 1959 Pith.

996 1979 1112 2013 Heius.
1154 1978 1212 2011 lta
1235 1981 1274 2010 et
1298 1976 1489 2010 codicesiu
1507 1976 1701 2009 Declnmst'.

996 2039 1079 2063 xm.
1124 2028 1352 2064 Quinctiliani
1378 2027 1503 2070 saepius
1517 2026 1702 2060 exhibent:

997 2081 1056 2114 ubi
1072 2080 1163 2114 vide.

1039 2131 1171 2173 Alveos]
1203 2131 1272 2164 Ms.
1286 2130 1394 2170 Alvos,
1405 2132 1442 2161 et
1456 2128 1505 2162 itu
1519 2126 1703 2161 Salmasius

998 2182 1044 2215 ad
1058 2182 1259 2223 marginem,
1276 2185 1313 2213 et
1329 2181 1373 2213 ad
1388 2180 1484 2212 Flav.
1496 2179 1640 2221 Vopisc.
1667 2189 1703 2221 p.

998 2236 1073 2267 477.
1087 2233 1147 2266 ubi
1161 2232 1318 2265 restituit
1332 2241 1466 2264 versum
1480 2229 1601 2262 Statii:
1619 2229 1629 2248 ‘
1641 2228 1701 2260 Al-

998 2297 1130 2327 vorum,
1157 2286 1302 2318 calicum
1326 2288 1432 2326 atque
1455 2281 1664 2315 cacaborum
1680 2280 1703 2313 τ’

999 2337 1059 2370 ubi
1082 2341 1185 2369 antea
1204 2335 1384 2378 legebatur
1397 2333 1560 2367 Amorum.
1605 2332 1703 2364 Glos-

999 2398 1067 2421 sae:
1091 2388 1102 2407 ‘
1117 2387 1237 2428 Alvus,
1258 2385 1395 2427 γαστὴρ,
1414 2383 1531 2418 κύτος]
1585 2381 1702 2422 Alibi:

999 2438 1165 2480 ‘Alveus,
1190 2436 1305 2470 achras?
1349 2436 1460 2469 Simili
1483 2431 1587 2467 modo
1612 2441 1703 2465 emn-

1000 2490 1162 2523 eulandus
1180 2488 1314 2521 Plinius
1328 2487 1388 2520 lib.
1399 2494 1478 2519 xxx.
1497 2487 1549 2518 12.
1566 2484 1577 2502 ‘
1590 2481 1704 2525 Impo-

1000 2544 1086 2572 nunt
1100 2539 1244 2572 navibus
1259 2539 1367 2579 alvos,
1385 2535 1607 2577 noctibusque
1630 2532 1704 2576 qui-

1000 2601 1046 2624 na
1076 2591 1185 2623 millia
1214 2598 1375 2632 passuum
1404 2585 1575 2620 contrario
1605 2593 1704 2617 amne

1000 2641 1218 2675 subvehunt.’
1262 2639 1320 2672 Ita
1333 2640 1412 2681 lego
1439 2647 1483 2670 ex
1506 2637 1549 2669 V.
1577 2636 1616 2668 C.
1641 2635 1705 2667 Di-

1001 2694 1090 2726 viou.
1144 2692 1235 2724 Ibid.
1263 2689 1355 2733 apud
1382 2688 1556 2721 Plinium:
1579 2686 1704 2719 ‘Pleni

1001 2744 1091 2778 alvei
1106 2742 1344 2784 intelligantur
1355 2741 1378 2782 ;'
1410 2740 1487 2782 lege
1504 2748 1547 2772 ex
1565 2738 1703 2772 Diviuu·
