1806 3236
337 244 539 278 enarum
574 243 683 277 rAn.
714 242 1023 277 AEsorrARUM
1058 243 1154 276 nm.
1186 244 1252 275 ιν.
1282 233 1356 276 23.

116 340 246 382 ὃὰὺ
266 341 319 376 καὶ
342 339 748 375 bannilem-abror&
770 339 828 373 ἄλ-

113 392 556 437 λανΜῦμθᾱκαρπ-οὓναι,
573 391 625 426 καὶ
640 391 762 435 πλήρης
776 393 829 425 αὖ·

112 447 332 491 *ficu-xe?
343 444 498 488 τράπεζα.
519 446 602 487 Rig.

159 494 301 542 Maio
327 497 434 539 rebus]
455 497 499 530 Id
529 501 597 538 est,
624 495 830 529 delicatissi-

111 549 428 593 mbflautissimis:
453 549 555 582 bonae
575 558 631 581 res
654 548 829 588 dicuntur,

111 596 330 646 quacunque
350 601 509 634 ad-bene
531 605 570 634 et
592 602 688 634 laute
712 601 830 633 viven-

112 653 194 691 dum
221 652 379 695 faciunt3
411 663 480 698 quo
517 662 619 687 sensu
649 653 691 686 P.
721 653 828 695 Syrus

110 705 214 747 dixit,
235 709 246 725 ⁸
262 706 439 740 Bonan-um
470 715 586 738 rerum
612 703 828 737 consuetudo

109 756 287 800 pessima,’
308 761 347 790 et
373 757 420 790 de
447 757 612 800 Agesilao
641 760 760 789 narrat
789 756 828 789 C.

108 809 204 852 Nep.
225 819 258 842 c.
273 809 336 843 ult.
358 809 454 843 illum
471 807 698 842 contemsisse
713 807 830 850 splen·

109 859 192 894 dida
221 860 328 904 Regis
356 860 502 904 AEgypti
528 870 684 902 munera,
694 864 741 892 —et
766 869 829 892 un-

111 917 257 955 guenta,
279 922 439 957 coronas,
456 918 494 946 et
507 912 677 946 secundas
691 922 828 945 mensas

107 964 215 1006 servis
256 964 501 1008 dispertiisse3
541 965 640 998 addit
679 968 825 1007 postea:

106 1016 119 1035 ‘
132 1015 213 1052 Quo
223 1014 334 1058 facto,
347 1025 426 1049 eum
438 1015 588 1049 Barbari
600 1016 710 1058 magis
723 1016 827 1048 etiam

107 1070 384 1112 centemserunt,
405 1067 500 1110 quod
524 1077 601 1100 eum
627 1066 828 1109 ignorantia

106 1117 280 1152 bonarum
301 1128 418 1152 rerum
434 1119 495 1152 illa
509 1119 722 1162 potissimum
738 1129 827 1152 sum-

55 1210 68 1220 ·
106 1163 497 1209 sis-ear‘bitrabantur:
542 1170 638 1212 Nep.
662 1170 742 1203 Att.
771 1173 826 1204 13.

108 1221 120 1239 ‘
145 1219 318 1255 Omnibus
345 1220 451 1255 rebus
475 1220 617 1264 optimis
644 1230 725 1254 usus
749 1221 825 1254 est!

107 1271 199 1319 Vide
211 1272 368 1318 Gronov.
385 1272 473 1306 Obs.
492 1281 553 1306 ιιι.
572 1275 628 1306 24.
651 1277 688 1306 et
703 1283 766 1305 nos
781 1273 825 1306 ad

108 1322 258 1361 Petron.
272 1326 330 1358 ⁸3.
350 1327 389 1358 et
403 1326 458 1358 36.
500 1323 560 1357 Sic
581 1323 591 1341 ‘
606 1324 677 1356 Res
694 1324 825 1357 Puteo-

107 1374 211 1409 lanae’
233 1380 272 1409 et
294 1376 305 1395 ‘
317 1373 562 1409 Lucrinenses’
586 1374 750 1407 Ciceroni
781 1374 825 1407 ad

111 1426 184 1463 Ant.
215 1437 280 1473 lv..
297 1430 353 1462 10.
390 1426 450 1460 ubi
485 1427 570 1466 nihil
608 1427 825 1461 mutandum.

108 1478 225 1513 Bm
273 1511 281 1522 ³

151 1533 175 1564 fl
197 1529 351 1576 Rustica]
364 1530 483 1565 Quare
494 1530 544 1563 sic
557 1531 715 1573 appellet
725 1531 827 1564 Phae-

109 1582 206 1626 drus,
227 1583 381 1616 ostendit
394 1582 580 1626 Rigaltius,
601 1593 645 1616 ex
671 1582 731 1616 illo
758 1582 825 1616 Ar-

109 1631 275 1669 temidori
290 1645 317 1669 Ι.
332 1637 388 1668 26.
433 1635 494 1675 Γῆς
502 1647 539 1668 τε
551 1633 615 1678 ’γάρ
628 1634 689 1668 εἰσι
702 1636 824 1677 παῖδες,

108 1684 162 1718 καὶ
188 1684 231 1719 ets
255 1685 316 1726 τὴν
343 1686 407 1728 γῆν
430 1684 649 1719 καταδύονται.
691 1687 823 1719 Prasoh.

107 1737 236 1782 Tangit
245 1747 355 1782 genus
366 1738 450 1777 vitm
459 1738 547 1781 ejus,
560 1737 656 1781 quasi
667 1736 802 1770 diceret
812 1748 822 1770 ε

107 1788 165 1831 '1⁸31
193 1789 266 1825 ruri
294 1789 468 1832 aziz-ego
492 1788 528 1822 in
549 1788 703 1832 oppidis,
724 1790 824 1832 aulis,

107 1840 262 1885 templis,
290 1841 356 1884 ,nbi
384 1841 499 1874 omnia
536 1841 640 1884 longe
670 1841 823 1875 meliora.

106 1886 190 1925 seio
212 1892 314 1925 aliter
338 1901 517 1935 exponere
537 1892 740 1934 Rigaltium,
761 1893 823 1926 sed

106 1943 174 1987 hoc
186 1943 351 1984 convenit
362 1953 441 1977 cum
453 1947 566 1976 textu.
578 1937 684 1982 Schef.
703 1945 823 1988 ⁴Quan-

108 2004 212 2039 quam
225 1993 396 2029 Schefferi
416 1995 738 2038 interpretationem
754 2005 823 2028 non

108 2041 271 2090 repudio,
291 2045 411 2080 neseio
435 2051 566 2087 tamen,
589 2057 670 2080 num
693 2047 824 2080 rectius

68 2115 77 2119 ‘
107 2098 169 2139 hic¹
198 2100 321 2132 rustica
358 2097 497 2131 dicatur
534 2097 694 2139 formica,
730 2098 823 2141 quod

109 2149 214 2194 plane
236 2159 258 2183 a
277 2149 376 2183 bouis
396 2149 464 2182 inis
483 2149 587 2182 rebus
609 2149 824 2192 abhorreret,

108 2205 147 2235 et
161 2201 245 2235 nihil
262 2201 451 2244 voluptatis
474 2201 588 2243 gratia
608 2201 821 2234 admitteret.

107 2253 167 2295 sle
189 2254 308 2288 Graeci
334 2253 422 2286 tales
444 2252 601 2286 homines
621 2251 824 2291 ἀναισθήτους

108 2305 288 2346 dicebant,
309 2305 448 2349 qualem
461 2304 618 2348 AEgyptii
632 2305 823 2338 censebant

85 2367 92 2373 ·
108 2366 186 2391 esse
202 2356 414 2399 Agesilaum.
441 2357 487 2390 V.
501 2356 613 2390 Buch.
627 2356 672 2389 ad
693 2356 728 2390 d.
742 2357 766 2390 l.
781 2357 822 2390 C.

109 2407 275 2451 Nepotis,
302 2411 340 2440 et
367 2407 466 2440 Bosii
493 2407 643 2440 indicem
670 2408 706 2441 in
737 2418 823 2442 voce

107 2458 214 2492 bonus.
259 2457 350 2491 Vide
371 2462 487 2490 tamen
511 2467 605 2501 supr.
620 2458 664 2491 ad
679 2458 751 2492 fab.
767 2462 822 2493 6³.

109 2510 230 2544 Bam.
437 2525 439 2528 ·

154 2563 196 2595 10
220 2562 282 2594 Est
293 2559 466 2602 gloriosus]
487 2560 682 2603 Responsio
707 2560 823 2595 formi-

110 2623 174 2647 cae.
217 2612 276 2646 Sic
307 2612 383 2645 Cic.
407 2612 418 2631 ‘
434 2611 662 2653 Magnificum
689 2618 725 2646 et
751 2614 823 2656 glo-

108 2664 262 2706 riosum‚’
282 2673 388 2706 saepe.
411 2663 520 2703 Schpf.

155 2715 336 2757 Gloriam]
359 2716 425 2748 Ms.
443 2715 662 2756 glorior-iosus.
685 2716 778 2749 Gud.

155 2767 332 2810 Imitatur,
345 2767 482 2810 invisus]
501 2767 750 2802 Ἀντανάκλασις
765 2779 822 2802 ve-

112 2823 225 2852 nusta.
250 2819 339 2852 Βία.
817 2821 832 2839 “

158 2872 199 2902 12
233 2869 384 2913 Abigeris
407 2879 467 2912 quo
497 2870 598 2912 venis]
629 2871 712 2914 Pro,
740 2870 822 2905 illuc

1508 231 1597 276 645

879 341 970 374 unde
992 341 1136 374 venisti.
1178 340 1408 374 Proverbiale
1432 339 1596 382 quiddam

879 393 972 436 sapit
986 393 1060 426 haec
1073 392 1234 434 formula,
1243 392 1349 425 etiam
1362 391 1472 424 sacris
1486 391 1596 424 literis

879 450 917 478 et
933 444 1117 478 Germanis
1139 445 1267 477 nostris
1280 444 1430 477 usitata:
1455 444 1465 462 ⁴
1484 443 1594 476 Abire

879 497 972 530 uude
999 496 1162 530 veneris.’
1216 496 1281 530 Cui
1306 496 1452 528 similem
1478 496 1595 529 obser-

879 549 963 583 vavi
979 549 1072 592 apud
1091 549 1325 582 Guntherum.
1371 546 1596 590 significatur

878 600 989 633 inanis
1005 605 1042 634 et
1063 600 1170 633 inrita
1185 599 1355 642 profectio
1371 604 1408 632 et
1423 599 1597 632 machina-

879 653 941 685 tio.
983 652 994 670 ‘
1012 653 1102 685 Illuc
1119 652 1211 685 unde
1238 652 1365 684 malum
1387 651 1513 693 pedem
1541 654 1595 684 tu-

878 703 976 737 listi!
1009 705 1096 737 Ritt.

925 756 995 793 Quo
1018 755 1120 798 venis]
1152 755 1405 789 Rittershusius
1432 754 1482 788 ait
1511 753 1595 797 poni

878 817 956 851 pro,
977 807 1060 840 illuc
1081 807 1173 840 unde
1190 800 1328 840 venisti.
1374 807 1453 839 Non
1470 806 1595 845 admit-

878 864 939 900 to;
963 870 1042 892 nam
1060 863 1114 892 est
1130 859 1222 892 aliud
1239 858 1339 899 venis,
1362 862 1398 890 et
1427 857 1520 889 aliud
1543 867 1594 890 ve-

877 911 967 943 nisti.
1012 911 1139 954 Itaque
1164 910 1248 942 illud
1278 919 1338 951 quo
1367 909 1596 950 interpretor,

879 973 1029 1006 quoquo,
1051 971 1271 1005 quocunque,
1293 961 1327 993 in
1354 968 1596 1003 quemcunque

876 1015 992 1047 locum
1014 1013 1126 1053 venis,
1147 1023 1248 1045 nemo
1265 1016 1301 1045 te
1324 1011 1409 1053 fert,
1432 1011 1494 1044 sed
1521 1011 1594 1044 abi-

877 1066 980 1108 geris.
1036 1066 1112 1098 Imo
1138 1066 1254 1107 potius
1282 1074 1345 1107 pro
1373 1074 1447 1106 quo,
1478 1062 1594 1096 scribo

876 1128 984 1160 quum,
1006 1117 1028 1151 ἰ.
1044 1127 1076 1151 e.
1091 1127 1179 1151 cum.
1224 1117 1304 1150 Hoc
1321 1116 1389 1148 ait:
1415 1116 1516 1157 Cum,
1531 1124 1593 1147 seu

877 1169 1027 1212 quando,
1049 1169 1148 1202 venis·
1171 1168 1214 1200 ad
1239 1178 1281 1200 ea
1306 1168 1395 1209 loca,
1417 1166 1593 1210 abigeris:

875 1222 962 1255 nihil
977 1221 1118 1254 certius.
1141 1220 1250 1260 Schef.

921 1276 961 1306 13
985 1274 1093 1315 Reges
1106 1283 1337 1314 commemoras,
1359 1273 1432 1315 ἐγὼ]
1456 1274 1592 1306 Versus

875 1324 937 1358 hos
968 1324 1244 1367 transponendus
1271 1330 1392 1358 censet
1421 1325 1589 1367 Guietus,

875 1377 932 1410 cui
948 1377 1171 1418 accederem;
1195 1377 1257 1409 sed
1274 1377 1399 1409 vellem
1420 1377 1537 1418 potins
1555 1381 1594 1410 ut

875 1427 1008 1470 primus
1028 1428 1253 1470 interpositus
1277 1432 1389 1461 esset:
1413 1427 1502 1460 Aras
1520 1427 1593 1468 sre-

875 1481 1084 1522 queremus-c.
1108 1479 1202 1513 Gud.

923 1531 1154 1564 Commemoras
1178 1531 1226 1573 et]
1256 1531 1326 1564 Ms.
1356 1534 1594 1565 commemoras-

875 1586 934 1616 set.
959 1582 1053 1615 Gud.

921 1637 963 1667 14
987 1634 1147 1677 Superba]
1165 1634 1222 1668 Sc.
1238 1634 1330 1677 quod
1347 1633 1469 1667 sedeas
1485 1634 1519 1666 in
1536 1644 1594 1667 ca-

875 1686 951 1730 pite
979 1686 1098 1729 Regis,
1120 1690 1155 1719 et
1177 1686 1311 1719 delibes
1332 1686 1460 1718 oscula.
1484 1686 1594 1726 Sches.

918 1738 1060 1780 Superba
1074 1737 1200 1779 jactas]
1223 1737 1294 1770 Ms.
1312 1737 1408 1770 Pith.
1428 1741 1467 1769 et
1489 1737 1592 1770 Rem.

875 1790 1088 1832 Super-etiam
1102 1790 1222 1831 jactas.
1267 1790 1392 1822 Recte.
1437 1789 1507 1822 Sed
1531 1789 1594 1822 Pi-

874 1842 1002 1882 thoeus,
1024 1842 1119 1875 nulla
1141 1841 1276 1874 ratione
1298 1851 1317 1873 a
1341 1841 1430 1874 libro
1446 1851 1508 1874 suo
1525 1840 1594 1873 dis-

874 1893 1016 1936 cedens,
1052 1903 1240 1936 perperam
1282 1891 1406 1932 edidit,
1450 1891 1594 1934 Superba

864 1944 984 1984 jactas.
1029 1945 1135 1987 Super
1158 1948 1225 1985 est,
1247 1944 1399 1986 insuper.
1443 1944 1502 1977 Sic
1513 1944 1594 1977 Vir-

875 1996 979 2038 gilius
1005 1996 1082 2029 AEn.
1099 1996 1158 2029 lib.
1174 2005 1216 2028 ιι.
1238 1995 1248 2013 ⁴
1269 1995 1334 2027 Cui
1359 2004 1471 2038 neque
1498 1995 1592 2037 apud

875 2047 1014 2079 Danaos
1035 2056 1177 2090 usquam
1203 2046 1314 2083 locus,
1340 2050 1377 2078 et
1400 2055 1506 2088 super
1527 2046 1594 2089 ipsi

874 2098 1090 2130 Dardanidae
1104 2096 1253 2139 infensi,'
1266 2099 1334 2129 &c.
1363 2097 1420 2129 Sic
1432 2097 1479 2129 ibi
1493 2102 1592 2131 recte

876 2148 1060 2191 primarius
1089 2148 1201 2181 codex
1237 2148 1445 2189 Mediceus3
1479 2158 1594 2191 neque

875 2199 979 2232 aliter
1001 2199 1255 2232 vetustissimus
1275 2199 1468 2233 Mediceus.
1514 2201 1593 2233 Ser-

875 2251 971 2283 vius:
997 2250 1007 2269 ‘
1026 2251 1072 2282 Et
1095 2260 1199 2292 super,
1222 2249 1258 2282 id
1279 2253 1347 2291 est,
1371 2250 1526 2293 insuper,
1549 2251 1594 2283 si-

873 2302 969 2335 mul!
1013 2303 1129 2345 Vulgo
1145 2303 1177 2334 in
1195 2302 1301 2334 editis
1317 2301 1456 2345 insuper.
1502 2303 1592 2336 Haec

875 2354 1079 2397 scripseram
1111 2359 1294 2396 postquam
1324 2354 1430 2386 etiam
1462 2354 1592 2387 Salma-

874 2407 960 2439 sium
987 2407 1030 2439 ad
1058 2407 1230 2449 Spartiani
1258 2407 1362 2440 Pesc.
1387 2407 1488 2450 Nigr.
1512 2419 1543 2441 c.
1560 2411 1594 2441 2.

873 2457 961 2491 hanc
976 2458 1173 2500 lectionem,
1194 2458 1306 2491 allatis
1323 2468 1368 2491 ex
1385 2459 1538 2492 Horatio
1555 2463 1592 2492 et

875 2510 1092 2542 Sammonico
1108 2510 1291 2552 exemplis,
1305 2519 1460 2543 asserere
1476 2511 1592 2545 video.

875 2563 946 2596 Sed
967 2563 1050 2595 satis
1076 2563 1168 2595 illam
1191 2567 1310 2596 tuetur
1326 2563 1466 2605 Virgilii
1482 2564 1592 2606 locus,

875 2625 977 2658 quem
992 2616 1028 2647 in
1044 2615 1198 2647 minutiis
1220 2614 1326 2646 etiam
1351 2619 1443 2647 amat
1464 2615 1592 2648 imitari

876 2667 1060 2699 Phaedrus.
1104 2667 1232 2708 Itaque
1249 2665 1332 2698 nihil
1345 2670 1454 2699 muto.
1499 2666 1591 2700 Sane

875 2718 903 2750 si
919 2718 1000 2759 qnid
1017 2721 1109 2749 esset
1125 2717 1340 2758 mutandum,
1359 2718 1513 2760 legerem
1530 2728 1591 2761 po-

875 2769 963 2801 tius:
989 2768 1121 2811 Stupor,
1142 2767 1367 2810 etiamjactus‚
1389 2771 1496 2810 tegere
1510 2772 1592 2812 quod

874 2821 963 2853 debet
977 2822 1090 2864 pudor.
1136 2819 1240 2854 Quod
1265 2820 1514 2862 propemodum
1538 2822 1591 2854 ni-

873 2873 923 2905 hil
955 2873 1027 2906 abit
1058 2883 1078 2905 a
1119 2876 1275 2905 veterum
1313 2871 1588 2909 membranarum
