1806 3236
323 224 524 259 Panum
559 225 664 257 FAB.
696 222 1000 257 AESOPIARUM
1034 223 1134 255 Lm.
1167 224 1242 256 111.
1278 225 1421 256 PROL-

136 322 259 365 inopte
284 319 431 355 nufflt
457 329 555 354 suan
585 320 849 363 conscientiam,

137 372 578 417 eamqueconapiciendam
593 373 751 407 omnibus
761 384 850 417 prae-

137 423 251 466 habit,
268 421 366 458 uude
376 425 576 458 innocentia
591 435 670 458 mea
684 424 851 468 patefiet3

137 479 266 516 tm,
279 475 416 508 etiamsi
432 475 484 508 sic
499 475 696 509 innocentia
710 481 850 510 consta-

136 525 192 561 bit
218 535 306 569 nea,
332 535 400 569 ego
424 536 480 560 me
504 528 596 570 apud
621 528 732 571 ipsum
756 538 849 563 nunc

134 578 322 613 manahe.
358 579 564 623 Quanquam
579 584 617 612 et
634 580 850 623 intelligatur

135 629 231 663 locu·
256 629 390 672 absque
414 629 487 671 illo,
512 630 619 671 licet;
643 632 709 664 isto
723 631 848 664 modo:

135 680 296 717 Nadabit
322 681 384 714 ille
411 680 659 715 conscientiam
689 682 849 726 quidem3

133 732 352 766 ussrilominus
375 737 490 765 tamen
512 742 577 775 ego
600 733 703 766 velim
718 743 775 766 me
790 743 850 766 ex·

135 788 294 817 casatam
311 783 356 825 ei,
367 783 448 827 quia
461 792 529 817 non
542 789 732 827 propterea
743 784 851 827 scrip·

135 835 178 876 si,
193 838 233 868 ut
247 834 298 868 sic
311 835 369 868 hic
383 839 422 868 et
437 835 495 868 ille
511 844 550 868 se
565 835 729 869 nudaret.
772 835 849 869 Nisi

135 888 211 932 quis
224 888 419 930 existimet,
439 887 549 921 fuisse
570 889 661 932 apud
682 894 849 931 nostrum,

135 940 242 975 Stulta
254 945 288 975 et
300 942 444 976 nudabit.
477 942 652 976 Caeterum
662 945 782 977 nudare
792 944 848 978 hic

135 997 204 1035 cst,
215 993 374 1026 omnibus
390 993 667 1037 conspiciendam
680 995 848 1038 praebere.

136 1044 320 1079 Quomodo
347 1045 424 1079 Liv.
448 1054 507 1078 ιιι.
533 1054 610 1088 cap.
637 1048 691 1079 48.
713 1046 724 1063 ‘
740 1045 848 1080 AEtoli

135 1095 368 1130 defectionem
382 1096 584 1130 nudabant!
606 1095 713 1137 Schef.
756 1097 848 1131 Vide

136 1146 292 1180 Gronov.
317 1146 361 1180 ad
386 1147 461 1181 Liv.
478 1155 580 1180 ων.
602 1149 657 1180 88.
681 1148 740 1191 qui
754 1157 848 1191 saepe

135 1206 178 1231 eo
192 1197 299 1232 verbo
310 1198 435 1240 mitur,
456 1197 517 1231 sed
533 1202 570 1231 et
582 1198 707 1231 rariori
721 1197 848 1241 signifi·

134 1248 284 1292 catione,
307 1258 384 1291 pro,
407 1249 671 1292 deprehendere
701 1250 847 1283 alterius

132 1305 297 1344 mentem,
314 1301 375 1335 lib.
391 1306 526 1335 xxxiv.
538 1303 594 1335 24.
617 1302 627 1320 ‘
642 1300 698 1334 Ad
713 1301 848 1335 AEtolos

133 1353 239 1386 etiam
255 1353 407 1396 legatum
422 1353 532 1395 misit,
553 1353 664 1396 magis
684 1358 723 1387 ut
738 1353 848 1387 nuda-

134 1407 189 1436 ret
203 1402 348 1446 animos,
362 1402 399 1436 id
414 1403 507 1447 quod
521 1404 652 1446 evenit,
668 1414 772 1448 quam
785 1414 847 1448 spe

132 1454 316 1498 impetrari
343 1454 470 1499 posse!
525 1455 604 1489 Nisi
627 1460 666 1489 et
694 1457 769 1499 quis
797 1456 847 1489 ibi

132 1507 290 1540 mamm
304 1507 439 1548 mallet,
461 1506 552 1550 quod
569 1511 686 1540 tamen
699 1508 845 1541 nollem:

131 1568 211 1591 nam
237 1558 397 1592 similiter
423 1558 574 1592 Ovidius
602 1558 680 1593 Am.
697 1569 739 1592 n.
762 1569 795 1594 ν.
813 1563 846 1592 5.

134 1610 145 1628 ‘
163 1609 244 1642 Non
263 1609 345 1642 mihi
371 1609 500 1642 deletoe
517 1610 650 1644 nudant
670 1615 732 1644 tua
751 1610 848 1644 facta

134 1659 298 1694 tabellae:
341 1660 399 1694 Ibi
425 1659 580 1700 tabellae,
602 1661 695 1704 apud
712 1661 846 1695 Livium

132 1711 282 1754 legatus,
295 1712 352 1744 vel
363 1711 427 1755 qui
439 1711 563 1751 mittit,
577 1712 687 1745 nudat
701 1714 846 1746 animos.

133 1761 302 1796 Quinctil.
316 1761 416 1794 Deci.
432 1769 483 1795 ιν.
501 1769 580 1803 cap.
597 1764 630 1795 4.
652 1763 663 1781 ‘
680 1762 846 1809 Dignum,

133 1812 191 1845 cui
218 1822 258 1845 se
296 1811 447 1846 fatorum
487 1821 616 1845 arcana
650 1813 844 1849 nudarent!

175 1914 220 1945 49
244 1909 355 1955 Neque
367 1912 451 1945 enim
463 1915 576 1945 notare
587 1912 744 1955 singidos]
767 1913 846 1947 Hoc

132 1969 201 2005 est,
223 1964 316 2008 quod
344 1964 430 1997 alius
455 1964 571 1997 Poeta
596 1964 706 1997 dixit:
732 1966 742 1983 ‘
760 1965 845 1997 Par-

133 2025 215 2049 cere
238 2015 414 2058 pen-souin
435 2014 552 2048 dicere
566 2016 610 2048 de
634 2014 753 2048 vitiis!
798 2016 846 2048 Et

132 2066 215 2110 quid
229 2066 258 2099 si
281 2066 335 2099 hic
357 2067 480 2109 aliquis
503 2066 694 2102 contendat
708 2067 845 2109 legend.

138 2117 255 2150 Verum
271 2117 352 2159 ipsa,
373 2117 455 2150 vitia
473 2119 505 2149 et
526 2126 626 2150 mores
639 2117 671 2150 Ιι.
694 2127 772 2159 pro,
796 2118 846 2160 ἰρ-

131 2177 200 2200 sam
214 2166 325 2207 vitam,
349 2168 406 2208 else.
440 2160 578 2200 ‘Fateor
600 2172 727 2208 tamen,
748 2171 758 2187 ‘
782 2169 845 2201 Vi·

132 2218 222 2252 tam'
238 2223 274 2252 et
295 2221 306 2238 ⁸
323 2218 456 2251 Mores'
479 2228 573 2261 saepe
588 2219 624 2252 ἐκ
639 2218 846 2262 παραλλήλου

128 2270 247 2315 Juugi.
269 2270 358 2303 Rite.

176 2323 220 2354 60
241 2321 350 2363 Ipsam
362 2320 463 2354 vitan·
477 2324 509 2354 et
522 2320 638 2363 mores]
651 2322 760 2355 Mart.
776 2322 843 2365 Ep.

132 2379 216 2404 vm.
230 2374 264 2404 8.
289 2372 300 2390 ⁸
315 2370 496 2414 Agnoscat
509 2382 624 2405 mores
642 2373 714 2406 vita
737 2374 844 2416 legat-

133 2431 200 2466 que
215 2424 317 2455 auos!
339 2422 426 2456 Gna.

174 2476 216 2506 ⁶1
233 2472 371 2516 For-m]
389 2473 544 2507 Metrum
560 2474 683 2508 suadet
698 2479 738 2508 ut
752 2476 844 2518 lega-

132 2534 228 2559 mus:
245 2524 322 2565 fors
334 2526 410 2568 aliq.
422 2535 476 2567 gr.
493 2526 633 2569 Schiop.
666 2527 731 2559 Vel
744 2527 842 2569 pueri

134 2577 287 2620 videant,
296 2584 449 2610 errorem
460 2587 536 2610 esse
547 2578 584 2610 in
595 2587 714 2611 versu:
730 2580 844 2621 legen-

134 2627 216 2661 dum
241 2633 356 2660 autem
371 2628 445 2668 fors
472 2628 728 2673 adverbialiter,
751 2630 843 2673 quod

134 2679 226 2721 apud
250 2679 415 2712 Plautum
438 2683 475 2712 et
497 2679 582 2712 alios
604 2679 712 2713 bonos
733 2681 843 2724 scrip-

132 2734 226 2762 tores
237 2729 364 2772 passim
377 2730 543 2772 reperias,
554 2730 616 2763 sed
628 2735 749 2764 nostra
761 2738 842 2765 ante

133 2789 195 2815 uos
222 2780 311 2814 dixit
332 2781 549 2826 Schoppius:
581 2788 630 2826 at,
658 2783 748 2828 quod
766 2784 841 2828 jam

1524 215 1613 258 479

901 319 1061 360 monebo,
1094 330 1158 354 uec
1184 321 1255 364 ille,
1277 330 1390 366 neque
1417 322 1506 355 adeo
1522 323 1613 366 quis-

900 381 1004 416 quam
1026 373 1127 413 alius,
1149 373 1251 415 vidit,
1272 372 1522 407 emendandum
1538 384 1614 407 esse

900 422 1066 456 Ovidium
1092 422 1169 458 Am.
1197 424 1256 458 lib.
1281 434 1324 458 ιι.
1346 425 1443 467 Eleg.
1471 428 1503 458 8.
1534 426 1544 443 ‘
1562 425 1613 459 At

898 478 1044 517 quanto,
1074 474 1104 507 si
1129 473 1222 509 forte
1251 475 1375 517 refert,
1407 477 1614 519 praesentior

898 524 996 568 ipse,’
1015 529 1083 559 occ.
1126 526 1351 569 Legendum:
1375 528 1423 561 At
1437 532 1564 571 quanto,
1585 529 1614 561 si

892 575 968 616 fors
993 576 1105 620 refert,
1139 578 1194 619 ἃμ.
1249 579 1340 611 Nam
1366 579 1472 621 istud,
1498 579 1613 622 refert,

899 637 981 660 cum
1004 637 1083 671 pro,
1104 627 1254 662 interest
1279 630 1436 672 sumitur,
1458 631 1613 674 priorem

901 678 1007 712 habet
1043 680 1204 722 longam:
1241 681 1362 724 itaque
1400 691 1445 715 ne
1485 683 1612 726 aliquis

901 731 1096 774 Schoppius
1122 731 1290 765 Ovidium
1328 743 1465 776 quoque
1493 744 1614 778 repre-

899 783 1042 824 hendat,
1057 783 1261 816 admittatur
1272 785 1481 819 emendatio.
1496 785 1614 820 Faber.

897 833 1093 876 Schoppius
1123 838 1162 867 et
1190 834 1305 868 Faber
1333 836 1503 878 scribunt,
1525 837 1611 877 sors.

899 886 1030 918 Verum
1055 885 1190 928 melius,
1213 886 1256 927 si,
1271 887 1336 920 hoc
1360 891 1510 930 retento,
1532 898 1613 922 cum

899 937 947 970 N.
960 937 1107 970 Heinsio
1130 938 1286 980 legamus
1301 939 1381 982 quis,
1400 949 1465 983 pro
1484 940 1611 983 aliquis.

899 989 946 1021 Et
969 989 1020 1022 sic
1042 989 1148 1022 etiam
1175 991 1409 1024 Freinshemio
1439 992 1612 1034 placebat.

943 1092 1081 1135 Forsan]
1105 1093 1175 1126 Ms.
1192 1092 1458 1136 Benaforeitan,
1483 1094 1574 1137 qnod
1591 1105 1613 1128 a

898 1148 1009 1178 metro
1035 1145 1169 1186 longius
1199 1145 1311 1178 adhuc
1345 1146 1441 1187 abit3
1474 1147 1615 1181 videtur

898 1199 1014 1228 tamen
1051 1196 1220 1238 indicare,
1257 1197 1380 1230 vitium
1409 1198 1510 1240 illud,
1543 1209 1612 1242 quo

899 1256 1018 1280 versus
1035 1247 1184 1288 laborat,
1197 1248 1313 1281 inesse
1328 1249 1407 1281 voci
1417 1249 1534 1289 forsan
1549 1260 1612 1293 po-

898 1297 981 1339 tius,
993 1307 1096 1341 quam
1109 1299 1268 1342 sequenti
1279 1301 1473 1342 pronomini
1484 1301 1615 1344 aliquis,

899 1348 991 1391 quod
1008 1349 1072 1382 viri
1087 1349 1197 1392 docti,
1211 1350 1391 1393 Heinsius,
1403 1350 1613 1396 Schefferus,

897 1400 1167 1443 Freinshemius,
1183 1406 1372 1435 tentarunt.
1419 1403 1506 1438 Quis
1518 1404 1613 1438 enim

898 1461 966 1485 non
983 1453 1092 1494 videt,
1108 1459 1296 1497 utrumque
1312 1454 1480 1498 etfama,
1494 1460 1532 1488 et
1538 1455 1613 1496 for-

896 1505 994 1546 sitan,
1017 1515 1094 1538 esse
1120 1507 1304 1548 glossema,
1337 1511 1375 1540 et
1404 1507 1613 1550 interpreta-

897 1561 1053 1589 mentum
1086 1567 1179 1590 verae
1209 1558 1369 1590 lectionis
1396 1558 1496 1599 fors?
1519 1560 1610 1603 quod

898 1607 988 1640 idem
1004 1609 1143 1641 omnino
1158 1613 1225 1649 est,
1239 1609 1301 1642 sed
1320 1609 1475 1643 barbaris
1489 1611 1613 1644 Mona-

897 1660 971 1692 chis
985 1660 1259 1703 exscriptoribus
1285 1670 1354 1694 non
1375 1672 1472 1705 aeque
1495 1664 1613 1706 cogni·

899 1715 984 1744 tum.
1030 1711 1296 1745 Glos..Philox.
1327 1714 1338 1732 ‘
1361 1712 1493 1755 Σχέδον,
1516 1715 1613 1757 Fors,

897 1761 1058 1803 fortasse,
1074 1762 1230 1805 forsitan,
1244 1763 1387 1796 forsan!
1425 1764 1544 1808 Atque
1559 1765 1612 1798 ita

890 1813 966 1856 jam
980 1818 1062 1846 ante
1076 1814 1282 1857 Scioppius:
1306 1819 1343 1848 et
1363 1816 1552 1849 Salmasius
1565 1816 1610 1850 ad

896 1865 1085 1907 marginem
1106 1865 1185 1898 libri
1201 1870 1395 1900 notaverat.
1421 1867 1507 1900 Gud.

941 1915 1093 1948 Gravem.
1139 1916 1178 1949 Si
1207 1917 1339 1959 Phryx]
1374 1919 1444 1951 Ms.
1477 1929 1610 1960 gravem

897 1966 1029 2008 Frigem
1041 1967 1144 2007 fuisse
1160 1969 1325 2010 AEsomm,
1339 1968 1379 2002 si.
1406 1969 1500 2003 Gud.
1586 1986 1589 1987 ⁷

938 2020 982 2049 62
1012 2017 1052 2050 Si
1083 2019 1199 2061 Phryx
1227 2020 1364 2062 AEsopus
1386 2023 1456 2062 pot.
1486 2021 1608 2054 Amen.

896 2068 1031 2111 Scytha]
1066 2068 1172 2111 Apul.
1204 2070 1307 2113 Apol.
1344 2072 1354 2089 ‘
1379 2072 1520 2114 Quippe
1547 2072 1609 2106 illa

896 2125 1000 2153 terrae
1029 2121 1167 2153 alumna
1191 2123 1337 2154 multum
1361 2123 1404 2155 ad
1429 2124 1609 2157 meliorem

897 2181 1053 2213 saporem
1074 2172 1221 2215 juverit,
1244 2178 1280 2205 et
1309 2174 1405 2216 regio
1430 2174 1607 2216 foecunda,

895 2227 933 2254 et
961 2223 1086 2255 coelum
1115 2224 1284 2265 pluvium,
1321 2230 1358 2257 et
1386 2230 1511 2259 ventus
1537 2226 1608 2259 cle-

894 2282 1005 2315 mens,
1025 2277 1062 2306 et
1082 2274 1133 2306 sol
1148 2274 1299 2316 apricus,
1320 2280 1357 2307 et
1371 2276 1480 2309 solum
1496 2276 1607 2309 succi-

894 2323 987 2356 dum.
1034 2324 1219 2357 Enimvero
1246 2325 1360 2359 animo
1382 2326 1527 2360 hominis
1546 2338 1605 2360 ex-

893 2374 1064 2408 trinsecus
1081 2376 1116 2407 in
1132 2376 1319 2418 hospitium
1333 2378 1488 2420 corporis
1501 2379 1610 2412 immi-

895 2427 1018 2469 granti,
1042 2426 1122 2469 quid
1145 2437 1189 2460 ex
1215 2428 1292 2460 istis
1318 2427 1398 2461 addi
1420 2430 1476 2462 vel
1501 2429 1607 2463 minui

893 2477 937 2511 ad
969 2478 1131 2511 virtutem
1172 2479 1228 2512 vel
1268 2480 1434 2512 malitiam
1465 2482 1606 2523 potest?

895 2529 1043 2564 Quando
1064 2539 1132 2562 non
1149 2530 1182 2561 in
1199 2529 1354 2562 omnibus
1371 2530 1533 2572 gentibus
1551 2541 1607 2564 va·

894 2579 945 2611 ria
960 2579 1098 2622 ingenia
1110 2580 1326 2622 provenere?
1348 2590 1543 2625 quanquam
1559 2583 1608 2615 vi-

893 2630 1044 2662 deantur
1055 2630 1214 2673 quaedam
1227 2631 1376 2663 stultitia
1392 2633 1447 2665 vel
1462 2633 1607 2666 solertia

894 2682 1105 2725 insigniores.
1137 2682 1239 2724 Apud
1251 2683 1512 2717 socordissimos
1520 2685 1605 2728 Scy·

894 2733 972 2766 thas
1004 2733 1212 2766 Anacharsis
1241 2734 1378 2777 sapiens
1407 2741 1510 2769 natus
1538 2741 1604 2772 est.

893 2783 998 2829 Apud
1024 2785 1255 2818 Athenienses
1280 2790 1389 2827 catos,
1417 2787 1604 2821 Meletides
