1806 3236
223 196 311 242 104
368 207 571 262 Panum
604 206 919 246 naumann
950 209 1097 243 AEsor.
1127 209 1225 243 tna.
1258 209 1292 244 1.
1324 206 1434 242 rsa.
1462 198 1535 242 31.

224 313 318 367 Qui
336 328 416 358 vos
436 316 494 380 ³³¹³
513 315 632 358 omni
654 318 771 360 tutas
789 319 996 371 praestem
1015 314 1209 372 injuria'l

222 382 324 426 111ae
344 383 587 434 credentes,
607 382 780 426 tradunt
799 397 902 426 sese
923 382 1094 426 Miluo:
1622 380 1683 426 10

223 450 330 503 Qui,
347 464 523 505 regnum
543 451 747 507 adeptus,
768 452 904 510 coepit
925 453 1042 495 vesci
1062 450 1272 507 singulas,

222 517 284 566 Et
299 531 502 561 exercere
521 519 749 575 imperium
769 520 904 563 saevis
923 519 1157 574 unguibus.

221 585 350 629 Tunc
372 587 426 628 de
444 587 626 643 reliquis
648 601 758 632 una:
790 587 954 631 Merito
975 588 1223 644 plectimur.

221 707 261 740 ab
274 708 358 741 omni
378 708 588 743 contumelia?
610 710 676 742 Hoe
697 710 837 743 nimium
860 712 991 744 credulae
1014 720 1080 743 sese
1099 711 1216 742 dedunt
1239 708 1365 751 Miloio,
1378 710 1432 751 qui
1450 708 1570 751 potans
1582 717 1679 750 regno

219 753 312 827 ssffl‘
322 753 627 836 &mxl-¹5:22&
651 763 795 787 exercere
812 754 1024 796 principatum
1037 754 1118 786 diris
1138 752 1301 794 unguibus.
1355 753 1439 785 Tunc
1453 762 1516 786 aaa
1528 755 1682 795 superne·

833 849 1049 864 OOOOOOMOO
1052 850 1072 862 O

218 910 318 943 quam
334 901 533 941 lectionem,
557 913 631 945 quae
648 913 730 936 sana
745 907 809 945 est,
823 904 960 945 plurimi
981 909 1076 937 recte
1099 903 1209 936 secuti
1221 906 1313 935 sunt.
1356 902 1415 935 Ita
1428 902 1552 938 Nevel.
1564 901 1680 936 Ursin-

218 941 344 977 Scheff.
361 945 489 977 Funcc.
503 956 521 978 e
537 947 785 979 recentioribus
810 947 950 979 Lallem.
973 948 1070 981 Brot.
1085 947 1162 988 Bip.
1175 946 1365 979 Desbillon.
1378 945 1499 979 Didot.
1513 945 1682 978 Burman·

219 997 295 1028 nus,
312 988 377 1028 cui,
393 998 435 1023 ue
451 989 553 1021 litera
568 1000 599 1021 m
615 995 849 1031 concurreret,
863 992 1128 1032 transpositione
1144 999 1229 1031 opus
1252 999 1328 1021 esse
1352 989 1546 1029 videbatur,
1560 985 1678 1023 dedit:

221 1030 325 1066 Quam
348 1041 396 1063 me
419 1032 535 1064 creatis
548 1032 610 1065 icto
625 1033 870 1074 regemfoedere.
916 1034 983 1065 Sed
1001 1039 1037 1067 et
1049 1034 1098 1066 sic
1112 1033 1215 1065 litera
1226 1043 1257 1065 m
1268 1031 1455 1065 concurrit;
1501 1031 1682 1065 Praetcrea

218 1074 418 1107 criticorum
429 1079 495 1117 est,
509 1075 689 1107 emendare
705 1080 852 1118 textum,
877 1086 944 1108 non
960 1082 1146 1109 auctorem.
1191 1076 1232 1107 In
1248 1075 1333 1108 Cod.
1350 1074 1477 1107 Pnthoei
1489 1073 1680 1111 recentIore

216 1126 319 1150 manu
334 1116 465 1150 frustra
479 1119 696 1151 emendatum
708 1119 914 1161 erat,juncto
921 1119 1052 1158 foedere.
1067 1131 1099 1152 v.
1111 1120 1295 1152 Brot.—13
1322 1118 1406 1150 Tunc
1417 1117 1593 1159 dereliquit·
1606 1125 1681 1150 nna.

216 1159 273 1192 Sic
287 1160 373 1192 Mss.
391 1161 483 1194 Pith.
496 1166 533 1193 et
546 1162 645 1194 Rem.
661 1171 772 1204 neque
789 1163 890 1195 aliter
905 1163 997 1195 Pith.
1011 1163 1215 1195 Rittershus.
1239 1162 1401 1194 Nevelet.
1428 1161 1485 1193 alii
1508 1166 1579 1192 tum
1592 1163 1680 1193 tem-

219 1202 311 1244 poris
327 1203 478 1244 edidere,
503 1205 626 1247 quibus
643 1210 679 1237 et
694 1215 759 1247 ego
774 1205 923 1238 libenter
947 1207 1131 1239 obsecutus
1154 1215 1239 1237 sum.
1282 1204 1350 1237 Sed
1380 1203 1566 1245 Rigaltius,
1588 1201 1679 1237 salso

217 1249 342 1288 putans
378 1247 499 1278 vitium
527 1249 635 1280 inesse
660 1253 781 1289 metro,
808 1253 930 1281 contra
951 1248 1054 1281 fidem
1074 1248 1186 1281 Codd.
1210 1248 1295 1280 Mss.
1311 1247 1439 1289 primus
1455 1246 1680 1288 transposuit,

215 1289 269 1322 De
289 1290 415 1331 reliquis
439 1293 513 1323 tunc
535 1301 608 1332 una,
634 1296 673 1323 ut
694 1292 825 1333 reliquis
854 1296 947 1325 esset
969 1292 1190 1334 trisyllabon,
1213 1290 1325 1332 prima
1346 1289 1476 1332 syllaba
1497 1288 1679 1333 producta.

216 1332 416 1374 Perperam.
463 1333 542 1366 Non
571 1334 660 1366 enim
682 1334 833 1376 videbat,
853 1333 979 1376 reliquis
995 1339 1141 1378 quatuor
1163 1343 1237 1366 esse
1252 1332 1471 1375 syllabarum.
1514 1331 1573 1365 Sic
1588 1332 1679 1364 enim

216 1375 308 1416 apud
324 1381 458 1408 veteres
472 1386 607 1418 semper
621 1376 830 1411 efferebatur
843 1378 916 1410 haec
933 1387 1019 1411 vox:
1041 1378 1077 1410 id
1102 1377 1190 1420 quod
1212 1376 1299 1408 adeo
1321 1376 1540 1408 observatum
1555 1375 1680 1408 veteri-

216 1419 280 1451 bus
297 1418 410 1461 politis
425 1424 476 1459 ut,
503 1421 707 1454 observante
726 1421 898 1463 Bentleio,
910 1430 1015 1454 aurea
1030 1425 1136 1454 aetate
1150 1430 1248 1452 nemo
1261 1418 1438 1461 trisyllaba
1453 1427 1496 1451 eo
1509 1427 1589 1451 usus
1605 1416 1681 1450 fue-

216 1462 273 1494 rit.
317 1463 430 1496 Quam
445 1463 534 1496 enim
551 1473 670 1496 vocem
684 1464 714 1496 si
727 1464 916 1497 Hernicum
941 1465 1210 1506 autElegiacum
1222 1471 1359 1495 carmen
1371 1461 1574 1502 admisisset,
1584 1461 1681 1494 aurei

215 1505 279 1537 tevi
297 1504 411 1547 poetae
427 1506 501 1538 sine
518 1507 622 1539 dubio
646 1507 689 1539 ab
707 1507 809 1540 obvia
830 1517 915 1540 voce
932 1517 999 1540 non
1017 1507 1275 1540 abstinuissent.
1318 1503 1449 1538 Postea
1461 1502 1680 1547 τρισύλλαβον

215 1547 347 1580 factum
372 1547 475 1580 facile
501 1549 758 1583 admittebatur.
803 1550 882 1584 vid.
906 1551 1060 1583 Martial.
1086 1560 1138 1583 1v.
1154 1552 1209 1582 42.
1252 1548 1412 1581 Juvenal.
1438 1557 1474 1580 v.
1495 1550 1571 1580 153.
1600 1556 1679 1590 quae

214 1591 292 1623 loca
302 1591 485 1624 Bentleius
501 1597 677 1625 memorat.
724 1592 862 1626 Deinde
877 1593 1044 1626 Phaedrus
1056 1594 1089 1625 in
1105 1593 1180 1625 alhs
1191 1591 1276 1625 locis
1289 1590 1578 1634 quadrisyllabum
1593 1598 1681 1622 sem-

214 1644 278 1675 per
292 1632 389 1667 facit.
433 1635 491 1667 Sic
518 1637 577 1668 lib.
597 1645 653 1668 ιιι.
674 1635 745 1668 fab.
770 1640 803 1669 4.
819 1639 851 1669 2.
872 1637 882 1655 ‘
896 1636 988 1669 inter
1012 1636 1162 1679 reliqiias
1185 1634 1339 1668 merces)
1374 1634 1449 1667 Lib.
1474 1642 1526 1667 xv.
1539 1632 1609 1666 fab.
1623 1635 1680 1666 24.

215 1679 267 1709 12.
291 1680 300 1694 ‘
314 1686 391 1710 cum
406 1678 576 1721 reliqiium
592 1681 773 1720 posceret.'
815 1679 956 1721 Inspice
978 1689 1043 1722 quo
1068 1689 1110 1712 ue
1136 1680 1224 1721 loca,
1250 1687 1328 1720 quae
1351 1676 1503 1710 Bentlei.
1527 1681 1566 1709 et
1588 1677 1679 1716 Des-

214 1719 331 1752 billon.
358 1721 555 1762 producunt
569 1731 588 1753 e
606 1722 779 1759 Lucretio,
794 1722 969 1763 Terentio,
990 1727 1028 1755 et
1077 1724 1180 1755 lauto.
1226 1722 1312 1755 Quae
1334 1719 1464 1752 docent
1477 1719 1610 1764 somnia,
1631 1718 1684 1752 nu

214 1771 288 1794 esse
303 1764 516 1804 mutandum,
541 1769 580 1797 et
601 1763 789 1797 infeliciter
813 1766 1022 1798 Neveletum
1047 1769 1150 1807 atque
1167 1763 1273 1796 etiam
1289 1763 1471 1796 Heinsinm
1487 1761 1530 1794 ad
1544 1762 1606 1796 lib.
1620 1770 1681 1797 111.

213 1804 284 1837 fab.
300 1809 332 1838 4.
355 1809 388 1838 2.
403 1807 608 1848 conjecisse,
631 1809 670 1839 de
683 1807 816 1848 relictis,
829 1808 1100 1850 improbantibus
1115 1806 1229 1840 Gudio
1245 1811 1283 1838 et
1296 1806 1505 1838 Burmanno.
1549 1804 1680 1848 Merito

215 1853 330 1880 autem
353 1849 474 1881 mirum
501 1849 611 1882 videri
636 1850 759 1891 possit,
786 1851 948 1892 plurimos
964 1850 1112 1883 Criticos
1130 1849 1319 1891 Rigaltium
1334 1857 1408 1880 esse
1421 1851 1573 1888 secutos,
1586 1848 1680 1881 inter

213 1901 297 1934 quos
308 1891 538 1924 Desbillonius
551 1904 561 1932 ;
577 1893 643 1925 etsi
652 1893 705 1926 hic
714 1894 808 1926 dicat
820 1894 854 1925 in
867 1893 1029 1927 Addend.
1040 1894 1082 1925 ad
1092 1893 1177 1925 Not.
1192 1902 1226 1934 p.
1241 1899 1357 1925 nvn.
1373 1891 1383 1909 ‘
1396 1890 1679 1932 Rigaltiumforte

214 1944 282 1966 non
305 1936 387 1967 satis
408 1935 598 1977 prudenter
624 1940 707 1969 cum·
722 1937 797 1968 aliis
812 1935 887 1969 fere
903 1936 1057 1969 omnibus
1079 1935 1220 1969 Criticis
1235 1934 1346 1967 secuti
1361 1933 1500 1966 sumus?
1539 1934 1680 1966 Prsster

209 1977 283 2019 jam
309 1978 511 2019 nominatos,
537 1979 622 2011 Tum
646 1980 685 2011 de
709 1980 839 2021 reliqiiis
862 1979 1043 2013 ediderunt
1062 1979 1220 2018 Ursinus,
1244 1976 1395 2010 Bentlei.
1412 1976 1680 2019 Cuninghamus,

214 2020 347 2053 Wasius
363 2021 398 2052 in
410 2022 530 2054 Senar.
546 2031 581 2064 p.
597 2025 671 2054 136.
717 2023 913 2063 Salmasius,
938 2023 997 2065 qui
1020 2022 1125 2055 scribi
1148 2022 1238 2062 vult,
1254 2020 1339 2053 Tunc
1353 2021 1392 2052 de
1404 2020 1543 2062 relicui-5,
1556 2019 1680 2056 Didot.

212 2063 330 2096 Etiam
357 2065 572 2097 Burmannus
597 2064 694 2097 favet
719 2066 797 2098 huic
825 2065 979 2106 lectioni,
1003 2066 1069 2097 etsi
1094 2064 1255 2104 ediderit,
1276 2063 1330 2096 De
1343 2062 1471 2104 reliquis
1488 2065 1574 2104 tune,
1609 2061 1679 2098 uod

213 2106 510 2157 etiam-Bipontiui
526 2107 688 2141 retinent.
731 2109 789 2142 De
811 2109 877 2142 hoc
902 2109 980 2141 loco
1003 2107 1093 2141 conf.
1124 2108 1208 2141 Not.
1232 2105 1351 2148 Gudii,
1374 2105 1524 2139 Bentleii
1540 2110 1578 2139 et
1625 2114 1680 2150 ur-

213 2159 339 2184 manni.

871 2204 1020 2238 NOTAE

258 2281 297 2311 11
327 2278 416 2312 Vesci
426 2278 580 2320 singulas]
601 2278 672 2312 Pro
685 2280 828 2321 singulis.
864 2279 922 2313 Ita
975 2281 1033 2321 las,
1048 2288 1116 2311 non
1132 2287 1248 2311 omnes
1264 2277 1447 2310 collective
1460 2285 1526 2309 vox
1541 2276 1601 2309 illa
1615 2275 1682 2319 sig-

213 2329 338 2373 Virgil.
360 2331 370 2349 ‘
383 2331 473 2366 Quid
497 2341 583 2373 puer
604 2331 791 2365 Ascanius?
814 2333 922 2374 Supe-
975 2330 1103 2370 nificat,
1119 2328 1180 2361 sed
1195 2328 1287 2371 quod
1303 2327 1436 2360 Gallice
1458 2326 1613 2368 dicimus,
1638 2324 1683 2360 las

214 2386 313 2413 ratne
327 2386 364 2414 et
386 2383 536 2414 vescitur
561 2383 695 2415 auras?
738 2383 865 2416 Saltem
883 2387 922 2416 ut
974 2391 1049 2414 unes
1063 2382 1155 2422 apres
1168 2381 1213 2412 les
1235 2382 1350 2411 autres.
1394 2377 1438 2411 Id
1453 2382 1519 2420 est,
1542 2377 1681 2411 [niviano

214 2433 249 2464 in
266 2432 513 2475 antiquissimis
531 2432 629 2466 libris
652 2433 791 2475 legitur,
812 2433 921 2473 singu-
975 2442 1082 2475 more,
1097 2432 1107 2450 ⁴
1121 2431 1205 2464 alias
1220 2435 1299 2473 post
1314 2429 1423 2463 alias?
1622 2443 1637 2449 *-

634 2518 872 2551 EXPLICIT
889 2517 1041 2551 LIBER
1064 2515 1261 2549 PRIMUS.

231 2585 237 2589 “
258 2580 422 2614 Solebant
446 2585 582 2615 veteres
607 2581 642 2614 in
668 2581 736 2614 fine
759 2581 923 2614 librorum
978 2581 1076 2624 culis,
1103 2580 1147 2612 ad
1176 2578 1430 2612 distinctionem
1463 2577 1513 2610 rei
1536 2578 1678 2612 alterius

217 2632 383 2676 scribere,
397 2633 407 2650 ‘
419 2633 584 2676 explicit,'
595 2638 634 2665 ut
642 2632 874 2676 significarent
884 2632 922 2663 li·
976 2632 1165 2674 sequentis,
1180 2630 1329 2663 medium
1343 2629 1576 2671 interponere,
1599 2629 1610 2647 ‘
1620 2639 1680 2663 ex-

215 2683 314 2715 brum
340 2683 544 2716 absolutum.
590 2684 692 2717 Unde
718 2685 861 2717 Hieron.
878 2682 922 2715 ad
976 2681 1099 2725 plicit‚’
1115 2685 1187 2724 aut,
1202 2680 1373 2714 ‘feliciter
1387 2679 1573 2722 explicit.''
1631 2697 1635 2700 ⁴

217 2734 376 2767 Marcell.
412 2735 588 2768 ‘Solemus
622 2735 799 2779 completis
821 2744 921 2777 opus-
