1806 3236
437 203 641 236 Pnffinm
676 202 788 235 ΕΑΒ.
820 202 1126 236 ιΕεΟΡῙΑΒυΜ
1161 204 1260 236 Lm.
1292 203 1366 236 111.
1396 194 1439 238 3.

294 273 303 291 Ι

179 301 342 347 jecturis,
356 309 434 345 quoe
455 310 549 344 saepe
571 300 648 334 falli
673 305 711 334 et
734 300 899 335 aberrare

184 356 350 396 ponunt:
376 356 493 386 tamen
509 353 641 386 certior
663 358 718 387 est
736 353 898 386 divinati-

184 412 263 446 one,
276 413 356 447 qun
367 402 578 447 nih115habet
593 405 694 438 certi.
731 403 852 438 Μάντις
872 404 898 437 δ’

182 453 309 499 ‘pinos
340 453 428 488 ὅστις
460 453 577 496 εἰκάζει
611 457 725 489 καλῶς.
793 456 899 499 Cujus

183 515 303 542 versus
313 506 521 540 sententiam
533 507 584 539 ita
593 507 764 550 expressit
774 507 899 541 Cicero

183 556 230 591 de
251 556 412 592 Divinat.
425 561 459 591 2.
492 561 502 577 ‘
519 559 617 591 Bene
633 559 693 602 qui
721 558 899 601 conjiciet,

182 611 299 643 vatem
313 604 404 642 hunc
417 609 606 652 perhibebo
618 610 810 653 optimum.’
827 611 898 644 Rit.

226 660 382 703 Hariolo]
394 661 483 694 Sunt
493 662 650 704 [harioli]
663 662 898 705 prodigiorum

181 712 405 756 interpretes.
421 714 542 747 Valet.
554 714 691 757 Μαι-1.
702 717 733 748 7.
741 718 852 747 exter.
865 717 898 747 7.

187 763 275 798 Gud.

230 815 389 859 Velooior]
421 815 479 850 Ad
515 817 782 860 conjectandum
809 818 899 851 scili-

183 871 260 901 eet:
307 869 352 901 ad
390 869 541 903 animum
567 869 807 913 judiciumque
843 871 898 904 hic

184 918 407 963 transfertur,
441 924 479 954 et
505 920 712 963 simpliciter
746 921 897 964 ponitur.

183 970 288 1005 Quali
300 981 404 1004 sensu
418 972 429 991 ‘
440 971 559 1005 Animi
569 973 795 1006 velocitatem
805 973 814 988 '
830 974 899 1016 legi

183 1021 277 1065 apud
313 1023 496 1057 Platonem
542 1024 586 1057 de
631 1025 717 1067 Leg.
754 1025 814 1059 lib.
838 1035 898 1059 ur.

182 1073 419 1108 Freinshemio
443 1078 596 1110 notatur.
641 1076 784 1110 Clariss.
809 1077 897 1110 Gro-

182 1125 306 1159 novius
321 1125 367 1158 de
381 1126 447 1160 1100
461 1126 543 1159 1000
555 1126 605 1159 ita
629 1126 665 1159 iu
683 1127 755 1160 suis
772 1128 896 1161 literis:

180 1178 190 1195 ⁸
206 1176 396 1220 mgnum,
427 1177 546 1210 neseio
575 1187 644 1220 qua
674 1178 896 1221 auctoritate,

162 1217 291 1270 xdedit,
310 1227 474 1267 veracior-5
496 1238 552 1261 me
573 1228 693 1262 invito.
731 1230 897 1272 Intelligo

180 1279 898 1324 enim‚promptior‚ingeniosior-‚velocior

179 1331 333 1376 ingenio.
351 1353 355 1356 ·
371 1332 447 1366 Cic.
461 1333 560 1366 Tnsc.
574 1341 603 1365 1.
619 1335 672 1365 19.
705 1333 715 1351 ‘
732 1332 829 1365 Nihil
845 1337 897 1366 est

179 1383 294 1417 animo
309 1383 488 1418 velocius!
530 1384 631 1417 'l'usc-
645 1393 696 1417 ιν.
711 1387 765 1417 13.
801 1384 812 1403 ‘
828 1385 897 1418 Ve-

175 1434 302 1469 locitas
320 1439 438 1470 autem
454 1437 623 1479 corporis,
649 1437 813 1470 celeritas
839 1447 898 1480 ap·

179 1487 345 1531 pellatur,
373 1498 453 1532 quae
483 1488 606 1521 eadem
635 1489 742 1522 etiam
768 1489 898 1531 ingenii

179 1539 256 1572 laus
269 1539 430 1580 nabetur,
440 1543 586 1582 propter
596 1539 701 1572 animi
710 1540 898 1573 multarum

182 1599 299 1624 rerum
314 1590 412 1624 brevi
433 1595 593 1633 tempore
618 1591 898 1634 percursionem.'

182 1641 289 1676 ovid.
305 1642 395 1676 Met.
411 1650 495 1675 vm.
509 1645 586 1675 254.
612 1636 631 1660 '⁸
649 1642 756 1684 Vigor
769 1642 899 1684 ingenii

180 1691 355 1736 qnondam
366 1691 519 1726 velocis.’
543 1692 566 1726 J
570 1702 625 1725 uv.
637 1693 708 1726 Sat.
720 1702 762 1725 11.
783 1702 833 1725 vs.
845 1696 898 1727 73.

181 1746 192 1764 ‘
212 1743 396 1787 Ingenium
426 1745 541 1787 velox,
562 1744 711 1778 audacia
737 1745 898 1787 perditae

180 1795 341 1837 Gaudeo,
372 1796 410 1828 in
439 1795 656 1838 expositione
693 1796 792 1838 hujus
830 1797 898 1830 loci

179 1847 456 1882 consentientem
491 1847 576 1880 mihi
613 1847 742 1881 habere
785 1849 896 1882 virum

179 1903 377 1936 maximum.
401 1900 509 1941 Scires.
558 1901 732 1944 Rigaltius
745 1902 898 1946 veracior,

179 1954 271 1998 quod
305 1953 479 1996 improbat
509 1953 706 1987 Gronovius
737 1954 897 1996 Epistola

178 2006 322 2039 Valerio
339 2006 496 2038 Maximo
510 2005 643 2038 Vorstii·
653 2005 807 2047 praefixa.
838 2006 896 2040 Sic

179 2055 291 2089 Aulus
327 2056 419 2089 Gell.
451 2065 512 2089 xv.
539 2060 570 2088 5.
627 2056 637 2073 ‘
670 2056 810 2098 Omnia,
844 2057 897 2089 vir

179 2107 386 2149 clarissime,
401 2108 555 2149 negotia,
568 2108 612 2139 de
626 2107 748 2150 quibus
763 2111 799 2139 te
816 2117 895 2150 cog-

178 2157 334 2191 niturum
348 2167 425 2191 esse
447 2157 556 2195 1101110,
568 2158 703 2200 dixisti,
716 2158 897 2201 diligentia

181 2213 219 2242 et
251 2209 440 2242 velocitate
472 2212 533 2241 tua
569 2207 756 2251 profligata
790 2209 894 2243 sunt!

181 2260 360 2293 Columell.
377 2269 404 2292 1.
420 2262 455 2293 3.
488 2259 498 2278 ‘
512 2260 724 2303 Plerumque
740 2261 894 2294 velocior

179 2315 235 2346 est
248 2311 380 2346 animus
402 2310 661 2354 improborum!
698 2311 828 2344 Posset
843 2316 893 2345 ta-

178 2371 259 2396 men
282 2362 352 2405 legi
380 2363 538 2405 sagacior,
566 2362 653 2405 sive,
679 2363 737 2395 vel
762 2363 894 2407 doctior,

177 2413 261 2458 [sic]
289 2415 346 2448 vel
368 2414 528 2456 solertior,
556 2414 614 2447 vel
639 2415 769 2457 certior,
797 2415 892 2458 [sic].

180 2465 298 2501 Heius.
348 2466 408 2499 Ita
450 2466 461 2483 ‘
481 2465 595 2499 Velox
631 2466 892 2508 experimento’

179 2517 323 2552 Quinct.
342 2516 445 2550 Deci.
472 2525 558 2550 xur.
589 2516 682 2559 quod
707 2527 766 2549 usu
786 2517 894 2559 perito

179 2569 378 2612 respondet.
409 2595 411 2598 ⁴
449 2568 540 2601 stat.
575 2567 683 2601 Theb.
720 2577 779 2602 ιιι.
817 2571 894 2603 399.

179 2620 191 2639 ‘
207 2620 320 2653 Velox
335 2618 451 2652 ferro!
479 2619 598 2652 Burm.

227 2670 391 2713 Ver-ocior]
418 2670 487 2704 Ms.
512 2670 655 2704 velocior.
691 2671 740 2705 Et
762 2671 813 2706 ita
838 2683 891 2716 pr.

181 2719 277 2756 Edit.
329 2725 367 2755 et
414 2721 597 2764 probatum
648 2721 893 2758 Rittershusio.

187 2771 287 2806 Velox
300 2771 344 2804 de
358 2771 492 2815 ingenii
513 2772 672 2806 acumine
692 2772 833 2817 dicitur,
853 2778 892 2808 et

181 2822 284 2869 plane
309 2822 401 2860 idem
429 2827 496 2868 est,
524 2823 615 2873 quod
641 2824 761 2869 Belgis
784 2836 892 2872 gauto,

1574 194 1662 239 489

949 301 1051 345 quod*
1077 301 1263 346 aliquando
1300 302 1517 336 celeritatem
1554 306 1666 346 notat,

950 355 1155 398 plerumque
1171 365 1255 388 vero
1281 355 1326 388 de
1350 355 1484 388 callidis
1506 359 1543 389 et
1569 357 1663 389 acuti

949 406 1081 448 ingenii
1107 407 1302 440 hominibus
1331 407 1551 449 intelligitur.
1605 407 1664 440 Sic

949 458 1110 492 Juvenali
1131 459 1275 500 dicitur,
1297 459 1308 478 ‘
1322 455 1506 502 Ingenium
1534 458 1662 501 velox‚’

950 511 1024 544 Sat.
1040 519 1097 544 111.
1114 511 1264 544 Martial.
1279 511 1380 553 Epig.
1403 510 1463 544 lib.
1479 519 1529 544 vl.
1547 513 1602 544 28.
1627 511 1664 543 in

949 563 1138 605 Epitaphio
1154 562 1309 596 Glauciae
1324 574 1333 595 ι
1358 563 1368 581 ‘
1380 563 1492 595 Velox
1513 561 1665 605 ingenio,

949 613 1076 647 decore
1102 613 1210 647 felix!
1246 614 1304 647 Sic
1321 613 1356 646 in
1379 613 1494 647 Gloss.
1510 612 1581 655 ὀξὺς
1602 623 1662 647 ex-

949 665 1100 707 ponitur,
1123 666 1133 684 ‘
1151 670 1261 709 catus,
1283 669 1422 707 acutus,
1447 667 1575 699 velox!
1609 666 1659 700 Et

949 716 1123 759 colloquio
1153 726 1214 750 11.¹
1235 718 1344 750 veteri
1378 716 1663 760 Latino-Graeco,

951 767 1043 810 quod
1059 777 1103 800 ex
1121 767 1354 801 vetustissimo
1375 768 1476 811 libro,
1490 769 1582 802 inter
1596 769 1664 802 alia

949 819 1131 861 glossaria,
1145 819 1257 852 edidit
1267 819 1470 862 Vulcanius,
1492 820 1605 863 pueri,
1625 824 1664 854 ut

949 880 1066 903 eorum
1080 871 1257 913 ingenium
1273 876 1363 913 erat,
1377 871 1412 904 in
1431 871 1517 904 duas
1533 872 1662 906 classes

949 923 1135 965 separatim
1152 923 1379 965 docebantur,
1399 924 1483 956 κατὰ
1493 923 1546 955 δυὸ
1560 923 1663 966 τάξεις

948 973 1130 1018 βραδύτεροι
1148 974 1201 1008 καὶ
1217 973 1397 1017 ταχῦτὲροι.
1444 975 1503 1008 Sic
1519 976 1666 1009 celeritas

949 1026 1057 1058 etiam
1094 1025 1232 1059 dicitur.
1300 1026 1422 1058 Cicero
1456 1025 1500 1058 de
1536 1025 1664 1069 Pomp.

949 1077 1080 1120 Magno
1097 1077 1191 1120 apud
1215 1077 1308 1111 Gell.
1334 1077 1440 1110 Noct.
1459 1076 1537 1110 Att.
1559 1077 1621 1112 lib.
1637 1087 1663 1111 1.

948 1139 978 1162 c.
994 1133 1026 1162 7.
1065 1129 1075 1148 ‘
1089 1130 1240 1162 Siciliam
1255 1129 1387 1164 consilii
1406 1128 1589 1161 celeritate
1605 1138 1664 1162 ex-

948 1179 1115 1222 plicavit!
1140 1181 1359 1214 Contrarium
1371 1181 1466 1213 veloci
1477 1184 1532 1213 est
1542 1182 1664 1223 tardus,

948 1232 1040 1274 quod
1089 1232 1264 1275 stupidum
1307 1232 1462 1265 denotat.
1519 1233 1664 1266 Terent.

948 1283 1079 1317 Heaut.
1093 1292 1142 1317 ιν.
1154 1287 1287 1327 scenfft.
1324 1284 1334 1302 ‘
1348 1285 1420 1317 Hui
1432 1294 1534 1327 quam
1545 1285 1663 1318 tardus

948 1333 1014 1366 esl'
1052 1333 1170 1368 Aliter
1196 1335 1252 1368 hic
1282 1339 1402 1377 posset
1431 1336 1524 1378 legi:
1562 1335 1663 1369 ‘Usu

948 1384 1082 1426 peritus
1115 1385 1246 1418 hariolo
1278 1385 1415 1419 felicior
1442 1387 1560 1428 Vulgo
1589 1396 1663 1420 esse

947 1434 1082 1470 fertur.’
1109 1437 1194 1470 Gud.

990 1490 1012 1520 2
1036 1489 1171 1531 Caussa]
1204 1489 1297 1532 Non,
1314 1499 1419 1532 quare
1438 1489 1484 1523 sit
1498 1490 1664 1533 velocior,

948 1538 984 1571 id
996 1539 1086 1572 enim
1100 1540 1136 1572 in
1147 1541 1369 1583 sequentibus
1384 1551 1452 1574 non
1464 1542 1587 1584 agitur,
1601 1543 1663 1575 sed

948 1591 1041 1623 unde
1077 1596 1196 1624 natum
1230 1592 1276 1625 sit
1302 1593 1367 1625 hoc
1392 1592 1487 1634 vulgi
1516 1593 1663 1627 dictum.

948 1640 1056 1682 Schef.
1107 1643 1152 1676 V.
1183 1643 1223 1677 C.
1253 1643 1396 1685 Pithoei,
1429 1645 1529 1686 Vulgo
1553 1655 1664 1678 caussa

940 1692 1065 1736 ser'tur,
1087 1696 1142 1727 sed
1163 1705 1226 1727 non
1254 1695 1381 1729 dicitur.
1427 1696 1553 1730 Posset
1583 1698 1665 1740 legi,

954 1745 1056 1786 Vulgo
1070 1756 1136 1779 esse
1141 1746 1264 1790 fertur,
1275 1758 1370 1780 causa
1383 1750 1437 1781 sed
1454 1759 1516 1781 non
1529 1749 1663 1783 diditur.

947 1796 1016 1829 Sed
1047 1797 1163 1839 potius
1189 1799 1288 1841 lege:
1334 1799 1436 1841 Vulgo
1455 1811 1520 1833 esse
1535 1801 1662 1843 fertur,

947 1859 1056 1882 caussa
1069 1851 1125 1883 sed
1138 1860 1201 1883 non
1220 1851 1381 1893 adicitur,
1394 1862 1470 1894 pro,
1483 1852 1664 1895 adjicitur,

948 1901 1100 1934 secunda
1112 1907 1286 1944 correpta.
1311 1903 1368 1935 Sic
1376 1914 1473 1947 saepe
1486 1904 1664 1938 Martialis

948 1956 985 1984 et
1012 1952 1079 1986 alii.
1135 1953 1269 1986 Auctor
1295 1955 1449 1988 Moreti:
1484 1959 1493 1974 ⁸
1517 1956 1662 1998 Spargit

947 2004 1040 2036 humi
1063 2008 1168 2048 atque
1183 2005 1291 2038 adicit
1311 2011 1482 2040 servatam
1504 2008 1660 2049 gramine

948 2054 1112 2088 bulbam.'
1148 2056 1206 2089 Sic
1230 2057 1239 2076 ‘
1258 2056 1434 2100 Abicere,’
1456 2060 1465 2076 ‘
1485 2059 1660 2093 Obicere'

947 2110 985 2138 et
1006 2106 1016 2123 ⁴
1031 2106 1214 2139 Subicere’
1239 2108 1351 2149 prima
1371 2114 1546 2151 correpta.
1599 2111 1660 2144 Sic

947 2161 985 2189 et
999 2156 1078 2190 infr.
1096 2157 1158 2191 lib.
1175 2166 1225 2191 iv.
1263 2159 1272 2176 ‘
1287 2158 1463 2192 Fabellam
1487 2160 1659 2196 adiciam:

944 2208 1034 2240 Vide
1047 2209 1148 2242 Voss.
1169 2209 1213 2241 de
1228 2208 1306 2241 Art.
1326 2209 1445 2244 Gram.
1465 2211 1526 2245 lib.
1538 2220 1579 2246 11.
1603 2216 1659 2247 19.

944 2263 981 2292 et
994 2259 1139 2292 Munck.
1156 2260 1199 2292 ad
1217 2260 1374 2302 Fulgent.
1400 2261 1484 2296 Fab.
1493 2266 1526 2296 6.
1540 2263 1658 2296 Heins-

987 2314 1007 2343 3
1039 2311 1223 2352 Notescet}
1246 2312 1344 2344 Nota
1358 2311 1430 2354 fiet,
1446 2323 1525 2346 cum
1549 2313 1659 2348 fuerit

941 2362 1111 2395 hactenus
1135 2363 1284 2397 occulta.
1338 2363 1476 2397 Bonum
1497 2365 1658 2409 verbum,

943 2413 1036 2457 quod
1052 2413 1146 2457 apud
1162 2414 1335 2448 Catullum
1350 2425 1487 2459 quoque
1510 2421 1548 2450 et
1569 2417 1659 2451 Pro-

943 2465 1094 2509 pertium
1109 2465 1247 2508 legitur.
1275 2466 1383 2507 Schef.
1414 2493 1417 2495 .

984 2520 1006 2550 4
1041 2517 1208 2559 Habenti]
1243 2518 1406 2552 Hariolos
1431 2520 1508 2554 haec
1537 2520 1656 2556 fabula

942 2567 1055 2602 ridet:
1080 2569 1173 2612 quod
1186 2573 1222 2602 et
1231 2570 1417 2612 Virgilium
1427 2572 1559 2615 aliquot
1569 2574 1657 2608 loeis

944 2620 1086 2664 oblique
1101 2630 1206 2664 agere
1223 2621 1383 2655 observo.
1414 2624 1472 2656 De
1487 2625 1655 2667 prodigiis

942 2682 1068 2716 magna
1082 2677 1137 2706 est
1161 2673 1341 2707 dissensio.
1387 2674 1538 2710 Quidam
1559 2677 1655 2712 nulla

942 2724 1089 2758 credunt
1115 2724 1233 2767 ἄσημα,
1263 2725 1360 2759 ducti
1382 2727 1656 2771 superstitione3

941 2777 1080 2821 quidam
1094 2778 1222 2820 omnia,
1237 2783 1276 2810 ut
1291 2777 1456 2820 pestifera
1473 2779 1653 2815 atheon-um

941 2834 1054 2868 secta.
1097 2829 1248 2873 Egregie
1259 2829 1428 2867 saniorem
1443 2831 1654 2877 philosophi-
