1806 3236
393 241 598 275 rnffinm
631 236 740 273 ran.
773 237 1078 272 AESOPIARUM
1116 238 1212 270 mn.
1245 237 1319 268 ιιι.
1349 225 1421 269 19.

169 339 299 375 usuro
310 337 357 372 'de
372 337 476 372 Offic.
493 346 519 372 r.
538 337 550 357 4
565 337 616 371 Ut
630 337 744 375 homo,
757 335 815 379 qui
831 345 885 368 er-

168 390 263 425 ranti
283 389 433 424 comiter
453 391 625 422 monstrat
647 388 751 427 viam,
776 385 886 422 Quasi

169 441 285 476 lumen
300 441 346 474 de
361 451 424 474 suo
439 441 570 474 lumine
584 440 770 481 accendat,
786 437 886 479 facit,

170 492 223 527 Ut
245 492 466 526 nihilominus
489 492 557 536 ipsi
582 492 714 533 luceat,
735 500 812 524 cum
836 489 887 522 illi

171 543 396 578 accenderitx
436 544 484 576 Et
509 543 600 576 idem
621 542 767 575 Plautus
782 540 888 574 Aulu-

153 595 259 632 stad·
267 595 392 629 eodem
403 594 594 637 respiciens
610 594 661 627 ait
671 598 740 627 act.
750 602 776 627 1.
792 603 842 626 sc·
853 594 886 626 2.

168 646 244 681 sive
255 649 312 690 (ut
326 647 363 680 in
377 646 446 680 Ms.
460 645 623 690 Eystad.)
643 655 696 679 sc.
713 648 745 679 1.
767 645 778 663 ‘
792 645 887 678 eave

169 708 378 742 quemquam
393 698 545 731 alienum
560 697 596 729 in
611 696 706 730 sedes
730 695 887 729 intromi-
904 692 907 694 ’

168 749 268 783 aeris.
310 748 504 783 stuQuid
531 747 561 781 si
586 747 757 791 quispiam
773 747 888 790 ignem

169 800 321 844 querit?
373 800 461 833 Euc.
494 799 664 841 Extingui
694 799 794 831 volo:
829 798 888 831 Ne

169 860 284 885 causo
312 851 396 895 quid
426 851 485 892 sit,
514 849 608 899 quod
641 854 678 883 te
708 849 887 893 quisquam

163 901 344 946 *qu-ticet.
388 902 479 936 Nam
495 901 524 934 si
539 901 630 944 ignis
644 901 753 944 vivet,
774 905 814 934 tu
829 911 888 934 ex-

170 955 332 998 tinguere
346 953 570 998 extempulo?
613 953 669 987 De
683 952 823 986 flamma
836 958 889 986 ta-

169 1015 252 1040 men
265 1007 395 1045 Deum.
410 1006 445 1040 id
460 1010 529 1048 est,
543 1005 589 1039 de
605 1006 686 1047 igue
700 1004 889 1038 sacrificio-

170 1068 261 1101 rum,
288 1068 359 1092 non
387 1057 520 1092 licebat
547 1057 667 1100 ignem
695 1055 888 1089 accendere

169 1110 229 1144 vel
250 1110 401 1144 mutuari
426 1110 557 1151 lumen,
582 1113 623 1142 ut
647 1107 738 1141 infra
753 1108 817 1141 lib.
834 1115 888 1141 iv.

169 1160 244 1196 fab.
260 1164 316 1195 lo.
331 1164 485 1195 testatur
498 1160 683 1202 Pbaedrus,
694 1169 739 1193 ue
753 1159 889 1193 scilicet

98 1214 102 1217 '
168 1222 269 1247 saera
280 1211 560 1256 profanarentur.
582 1211 669 1245 Βία.

212 1267 235 1298 4
256 1264 449 1307 mmm]
470 1264 630 1298 Cei-eum.
674 1263 821 1296 Plautus
840 1262 889 1296 A-

168 1315 234 1350 sin.
250 1319 321 1350 act.
335 1324 388 1349 iv.
404 1325 454 1349 sc.
470 1318 501 1350 l.
522 1315 534 1334 4
545 1314 582 1348 Si
597 1315 740 1348 lucerna
754 1314 890 1348 extinc-

169 1371 210 1401 ta
222 1366 292 1402 sit?
313 1367 438 1402 cicero
452 1367 520 1410 Ep.
533 1366 576 1400 ad
595 1365 674 1399 Att.
695 1365 707 1384 ‘
720 1367 888 1399 Facerem

168 1419 311 1460 diutius,
340 1419 406 1453 nisi
434 1428 491 1452 me
519 1419 665 1452 lucerna
693 1417 889 1452 deficeret?

168 1471 253 1505 vid.
267 1469 361 1505 infra
373 1479 425 1504 xv.
439 1480 472 1504 c.
487 1472 543 1504 10.
559 1469 668 1510 Scires.
692 1470 890 1502 Lucernam

171 1532 238 1566 pro
261 1532 367 1557 cereo
390 1521 479 1566 sumi
502 1520 561 1554 va
585 1526 686 1564 puto,
710 1530 790 1554 cum
812 1521 890 1554 oleo

171 1575 288 1609 alatur
301 1575 336 1608 in
352 1584 396 1608 ea
409 1573 510 1617 ignis.
554 1573 697 1616 Apulei.
722 1573 813 1606 Met.
836 1582 888 1606 xv.

170 1625 356 1670 distinguit
369 1626 381 1645 4
392 1624 543 1667 Taedas,’
560 1626 571 1644 4
585 1624 786 1665 ΙΛιοει-ιιιιε,’
795 1625 810 1644 ⁴
825 1626 890 1658 Ce-

170 1675 283 1711 reus?
305 1679 344 1710 et
357 1677 505 1710 Petron.
518 1685 598 1719 cap.
614 1678 671 1709 22.
694 1675 704 1693 4
716 1675 890 1709 Lucerna

170 1729 316 1762 humore
327 1727 478 1763 defectae
491 1728 514 1762 ε’
535 1733 573 1762 et
588 1727 665 1772 quis
678 1728 773 1761 non?
809 1728 891 1762 vid.

169 1778 234 1825 inf.
251 1787 300 1814 tv.
315 1783 370 1814 1⁰.
392 1780 511 1814 Bam.

213 1832 424 1875 Accenderat]
447 1832 519 1866 Ms.
545 1830 731 1864 accenderat
742 1840 756 1870 ,·
779 1830 824 1864 al.
838 1839 892 1863 uc-

167 1885 326 1918 «κάεται.
351 1883 446 1917 Gud.

213 1939 234 1968 ⁵
251 1934 329 1968 'lter
344 1933 466 1977 Effecit
480 1933 618 1976 brevius]
642 1933 715 1971 Per
729 1942 894 1976 compen·

173 1987 233 2020 dia
248 1987 324 2020 ivit.
349 1987 436 2019 Rite.

214 2042 238 2072 ⁶
259 2037 398 2081 Effecit]
430 2037 504 2069 Pro
533 2035 684 2078 simplici
707 2034 806 2077 fecit,
830 2041 892 2068 aut

173 2087 281 2132 effecit
293 2097 357 2131 per
367 2086 613 2130 compendium
627 2085 774 2119 scilicet.
787 2084 894 2125 Schef.

216 2142 239 2173 7
262 2139 295 2172 E
317 2137 427 2179 turba]
471 2137 523 2170 Ut
546 2146 654 2178 supra
678 2135 749 2169 fab.
765 2138 798 2168 9.
836 2136 846 2153 4
864 2137 895 2168 E

174 2189 331 2236 populo!
366 2189 424 2223 Sic
437 2193 476 2222 et
490 2189 589 2222 Suet.
603 2188 694 2221 Caes.
707 2190 763 2221 79.
787 2188 797 2206 4
811 2187 895 2222 Qui·

173 2245 255 2278 dam
279 2253 300 2277 e
330 2241 437 2276 turba
449 2241 471 2275 :'
503 2245 542 2274 et
569 2241 620 2273 ita
649 2239 745 2282 apud
776 2248 894 2272 sacros

173 2295 363 2339 scriptores
391 2294 461 2335 Ἐκ,
490 2293 548 2326 vel
575 2291 655 2325 Ἀπὸ
686 2292 746 2324 τοῦ
779 2291 895 2333 ὄχλου.

173 2345 255 2379 Vid.
288 2347 393 2379 Lucas
423 2345 556 2387 Evang.
586 2353 641 2376 lx.
665 2346 722 2376 38.
759 2351 813 2376 xl.
837 2346 893 2377 27.

176 2405 256 2430 xix.
270 2399 324 2430 89.
346 2397 461 2429 Marc.
477 2404 532 2429 rx.
548 2398 604 2428 17.
633 2395 746 2428 Burm.

219 2452 240 2482 8
263 2448 372 2482 Medio
385 2447 464 2490 sole]
486 2446 654 2487 Meridie,
680 2445 795 2479 medio
823 2446 894 2488 die,

174 2504 215 2533 ut
229 2509 347 2543 supra,
371 2499 381 2518 ‘
396 2498 518 2531 Media
532 2497 612 2539 via,'
636 2498 647 2516 ‘
661 2497 783 2530 Media
795 2507 895 2540 quer-

175 2550 245 2585 cu.'
287 2550 348 2584 Ita
362 2549 537 2583 Martialis
549 2549 617 2591 Ep.
633 2548 695 2582 lib.
712 2558 771 2582 m.
787 2549 821 2582 in
838 2549 895 2582 Li·

176 2602 334 2646 gurium:
358 2602 368 2621 ‘
383 2602 465 2635 Non
487 2600 606 2644 dipsas
620 2599 735 2633 medio
752 2603 897 2642 perusta

175 2652 272 2686 sole!
328 2653 520 2695 Perperam
547 2651 595 2684 ibi
624 2652 761 2685 medium
785 2652 895 2693 solem,

175 2704 335 2747 regiones
359 2703 586 2738 calidissimas
612 2707 805 2747 exponunt.
851 2703 894 2735 E-

179 2755 264 2788 tiam
277 2755 428 2789 Statium
442 2755 493 2789 sic
522 2765 597 2788 esse
612 2756 767 2789 locutum
781 2754 895 2789 Theb.

178 2815 215 2839 v.
230 2808 286 2838 85.
311 2806 491 2840 annotavit
516 2806 781 2840 Rittershusius.
825 2806 895 2840 Sed

179 2861 234 2891 est
258 2857 414 2893 diversus
444 2858 549 2892 Statii
578 2859 682 2892 iocus.
730 2858 786 2892 Ita
803 2859 895 2892 enim

1562 224 1651 267 549

935 334 1065 367 habet:
1089 333 1100 353 ‘
1117 333 1176 367 Sol
1201 342 1347 376 operum
1366 332 1502 365 medius
1518 342 1651 367 summo

935 385 1088 418 librabat
1103 385 1257 428 Olympo
1279 385 1466 426 Lucentes,
1487 393 1566 416 cum
1582 388 1654 417 sta-

937 440 1003 479 ret,
1020 435 1151 479 equos?
1193 436 1264 469 Hic
1284 445 1352 468 nou
1377 434 1583 478 simpliciter
1598 439 1654 467 est

935 488 982 520 sol
1006 487 1140 529 medius,
1170 487 1232 520 sed
1260 488 1382 520 medius
1407 496 1548 530 operum,
1578 496 1656 528 pro,

936 538 1071 571 medius
1098 539 1133 571 in
1160 538 1336 581 operibus,
1357 537 1416 581 qui
1433 537 1478 570 ad
1500 537 1654 570 medinm

937 599 1078 623 suorum
1106 599 1251 632 operum
1279 589 1454 632 pervenit,
1492 589 1553 632 qui
1585 597 1655 621 me-

938 641 1031 674 diam
1054 651 1173 674 eorum
1199 645 1336 684 partem
1357 641 1527 681 absolvit3
1553 639 1656 684 quale

937 694 988 726 nil
1002 694 1068 726 hoc
1082 694 1159 727 loco
1174 693 1315 726 dicitur.
1360 692 1499 726 Deinde
1521 692 1656 725 Statius

939 744 984 778 de
1007 745 1092 787 sole,
1116 748 1157 777 ut
1171 744 1216 777 de
1231 745 1321 785 Deo,
1336 744 1513 786 loquitur:
1538 748 1576 776 at
1600 742 1656 776 hic

939 796 1080 839 ponitur
1105 806 1170 838 pro
1185 796 1257 837 die,
1287 796 1482 829 imitatione
1502 795 1657 838 Virgilii,

939 847 1065 890 quisic
1089 847 1228 880 ‘Solem
1254 846 1406 889 novum,'
1434 847 1519 880 item
1545 845 1658 879 ‘Ter·
1728 878 1730 881 .

939 898 1054 941 tium‚'
1085 899 1188 931 dixit.
1246 898 1433 931 Meridieni
1479 897 1658 940 intelligit.

939 951 1051 992 Sches.
1095 952 1154 985 Ita
1166 952 1177 970 ‘
1189 951 1347 985 Medium
1357 951 1530 984 Phoebum
1538 950 1550 966 '
1566 950 1659 984 dixit

938 1004 1018 1036 Val.
1032 1004 1129 1037 Flac.
1144 1013 1204 1037 m.
1219 1006 1298 1036 482.
1328 1003 1388 1036 ubi
1403 1013 1465 1036 nos
1489 1003 1592 1046 plura
1606 1002 1659 1035 di-

939 1063 1079 1088 cemus:
1113 1059 1152 1088 et
1175 1054 1376 1088 ‘Primum'
1400 1063 1443 1087 ιι.
1471 1057 1525 1088 76.
1550 1057 1589 1087 et
1621 1063 1658 1088 v.

939 1107 1016 1138 832.
1039 1106 1049 1124 4
1063 1105 1201 1138 Primos
1213 1105 1399 1147 solesssam.
1412 1108 1490 1139 612.
1512 1104 1523 1124 4
1535 1103 1658 1138 Medio

939 1156 1027 1190 diei'
1042 1157 1117 1190 Liv.
1129 1166 1278 1191 xxxvn.
1289 1159 1345 1191 29.
1367 1157 1483 1191 Bur-m.

983 1208 1094 1241 Medio
1107 1208 1188 1251 sole]
1223 1209 1357 1241 Lucan.
1372 1207 1433 1240 lib.
1450 1216 1504 1241 vx.
1526 1206 1538 1226 ‘
1550 1206 1659 1240 Titan

939 1259 1090 1293 medium
1116 1270 1185 1304 quo
1200 1264 1359 1302 tempore
1373 1259 1474 1292 ducit
1495 1258 1569 1292 Sub
1586 1268 1661 1292 nos-

940 1314 995 1344 tra
1025 1312 1151 1344 tellure
1180 1310 1298 1344 diem:
1344 1310 1402 1343 Ita
1432 1310 1525 1353 apud
1550 1311 1659 1344 Ovid.

939 1363 1031 1396 Met.
1046 1362 1105 1395 lib.
1118 1371 1172 1395 xl.
1196 1363 1206 1381 ‘
1219 1362 1349 1395 Mediae
1362 1372 1500 1406 quoque
1511 1372 1662 1395 commo-

941 1415 987 1448 da
1002 1415 1097 1458 plebi
1111 1416 1244 1449 Nostra
1257 1419 1395 1458 patent,
1408 1415 1544 1448 Peleu.'
1588 1415 1660 1448 Sed

939 1466 975 1500 in
1005 1467 1076 1500 Ms.
1105 1471 1172 1508 est,
1207 1467 1310 1500 medio
1346 1477 1465 1510 quoque
1499 1468 1662 1500 commoda

940 1518 1066 1552 Phoebi.
1111 1519 1208 1561 Lego
1224 1523 1359 1552 tantum
1376 1518 1504 1552 Phoebo.
1548 1519 1662 1552 Medio

943 1568 1074 1611 Phoebo,
1087 1573 1127 1602 ut
1142 1569 1198 1601 hic
1212 1570 1315 1602 medio
1327 1570 1402 1603 sole.
1425 1569 1520 1603 Gud.

986 1621 1098 1654 Medio
1113 1622 1176 1654 sole
1191 1620 1269 1663 quid
1282 1631 1352 1653 cum
1367 1620 1499 1662 Iumine]
1534 1620 1664 1654 Horat.

941 1672 1016 1705 Sat.
1042 1671 1100 1704 lib.
1126 1680 1151 1704 ι.
1166 1675 1200 1705 4.
1225 1672 1236 1690 4
1251 1671 1391 1714 Ebrius,
1416 1675 1455 1705 et
1483 1671 1662 1716 (magnum

943 1724 1037 1768 quod
1053 1723 1222 1767 dedecus)
1242 1723 1396 1757 ambulat
1410 1728 1492 1757 ante
1510 1724 1662 1757 Noctem

943 1786 1021 1809 cum
1037 1774 1197 1809 facibus?
1243 1776 1302 1809 Sic
1319 1776 1399 1809 Diis
1415 1775 1585 1809 Gentium
1602 1785 1663 1808 ex·

942 1827 1090 1870 probrat
1115 1826 1290 1860 Arnobius
1306 1827 1367 1860 lib.
1383 1837 1420 1861 v.
1442 1827 1453 1846 ‘
1467 1827 1571 1862 Quod
1598 1827 1663 1860 sub

942 1880 1016 1912 sole
1032 1878 1226 1912 clarissimo
1242 1888 1322 1912 cum
1349 1878 1500 1912 lucernis
1521 1883 1559 1911 et
1578 1877 1664 1911 faci-

941 1930 1006 1964 bus
1021 1930 1115 1963 orbis
1127 1935 1318 1972 peragrant
1331 1929 1557 1963 vastitatem.’
1581 1930 1663 1971 Εἰς.

989 1980 1093 2022 Quid]
1115 1981 1172 2013 Sc.
1198 1980 1298 2021 facis,
1319 1981 1492 2023 elliptice',
1516 1990 1560 2012 ex
1584 1990 1665 2013 con-

943 2032 1129 2065 suetudine
1152 2032 1301 2065 celerius
1326 2032 1556 2076 loquentium,
1584 2042 1664 2065 nam

943 2082 1135 2117 festinabat
1149 2082 1310 2126 AEsopus.
1334 2082 1444 2123 Schef.

988 2136 1076 2173 Quid
1090 2139 1126 2168 tu
1138 2146 1209 2168 cum
1224 2135 1356 2178 lumine]
1385 2137 1531 2170 Metron
1546 2141 1666 2179 postn-

943 2188 1006 2230 lat,
1034 2192 1075 2221 ut
1106 2191 1142 2220 tu
1170 2197 1419 2222 removeamus.
1465 2189 1575 2221 Medio
1601 2189 1665 2222 sole

943 2239 1034 2272 dixit
1060 2248 1137 2282 pro,
1161 2237 1329 2271 meridie:
1354 2243 1393 2271 ut
1419 2239 1554 2272 Statius
1576 2240 1664 2272 The-

942 2290 1035 2324 baid.
1062 2299 1099 2322 v.
1142 2290 1200 2322 Sic
1230 2290 1356 2323 Horat.
1386 2290 1453 2332 Ep.
1484 2290 1545 2324 lib.
1572 2299 1598 2323 1.
1629 2295 1662 2324 5.

942 2343 1138 2384 ‘Supremo
1162 2340 1254 2373 sole’
1282 2350 1358 2384 pro,
1387 2351 1534 2385 vespere
1564 2342 1665 2375 dixit.

943 2394 1032 2427 Rite.

990 2446 1040 2478 Tu
1054 2443 1140 2486 cum]
1162 2445 1377 2486 Expungunt
1407 2443 1493 2476 illud
1514 2447 1562 2487 tu,
1588 2445 1663 2478 Rit-

943 2497 1135 2531 tershusius
1173 2500 1211 2528 et
1255 2495 1475 2538 Buclmcrus‚
1518 2502 1666 2540 propter

944 2558 1102 2589 versum;
1140 2556 1284 2591 quorum
1323 2546 1536 2581 sententiam
1565 2549 1665 2592 sequi

944 2608 1020 2634 sese
1035 2600 1087 2633 ait
1103 2598 1209 2632 etiam
1237 2597 1505 2640 Freinshemius,
1525 2609 1603 2633 cum
1620 2600 1665 2634 de

945 2652 1086 2695 dactylo
1115 2651 1149 2683 in
1177 2649 1247 2682 fine
1278 2649 1407 2683 frustra
1442 2651 1575 2693 cogitet
1607 2652 1664 2686 hic

946 2704 1133 2738 Mem-sius.
1164 2701 1272 2741 Schef.
1329 2702 1449 2745 Forte,
1477 2702 1580 2735 medio
1606 2703 1665 2736 soli

945 2756 1022 2798 quid
1035 2765 1106 2788 cum
1121 2750 1263 2787 lumine?
1284 2752 1409 2786 Heius.

988 2810 1011 2840 9
1035 2806 1206 2839 Hominem
1219 2803 1343 2847 quaero]
1365 2803 1446 2837 Hoc
1470 2807 1507 2837 et
1533 2813 1554 2837 a
1576 2804 1663 2838 Dio-

947 2868 1034 2902 gene
1053 2857 1183 2899 cynico
1199 2854 1331 2890 factum
1348 2854 1515 2891 scribunt.
1539 2856 1626 2891 Rite.
