1806 3236
227 197 287 247 '98
507 213 718 247 rnatum
748 213 1066 253 rasunsnuu
1098 215 1402 251 AEsopmnuu

230 307 367 352 Hanc
386 314 621 364 persecuta
639 314 780 353 mater
799 324 924 354 orare
943 308 1117 368 incipit,
1326 324 1330 327 ·
1660 314 1696 359 fi

230 374 304 417 Ne
325 379 493 419 tantum
512 378 688 421 miserae
708 378 879 423 luctum
898 380 1151 436 importaret
1171 381 1272 424 sibi.

231 442 478 487 Contemsit
495 446 590 497 illa,
610 450 708 489 tuta
727 449 897 503 quippe
918 450 1017 503 ipso
1036 449 1154 492 loco,

229 509 304 553 Ab
324 525 403 555 ara
422 512 587 568 Vulpis
606 516 755 569 rapuit
774 516 997 558 ardentem
1018 516 1176 568 facem,

231 579 480 635 Totamque
500 582 691 624 fiammis
712 584 910 626 arborem
931 584 1232 637 circumdedit,

231 647 371 690 Hosti
392 649 587 692 dolorem
609 650 768 694 damno
791 652 979 694 miscens
1000 653 1234 707 sanguinis.
1635 653 1699 706 1οῚ

227 802 327 825 escam
341 803 477 826 snorum
491 795 672 827 catulorum.
715 794 845 838 Vulpes
858 797 1003 837 genitrix
1017 797 1095 829 hanc
1116 795 1257 829 insecuta
1270 795 1363 838 coepit
1374 795 1500 837 precari
1513 804 1552 829 ne
1562 793 1695 834 ida-ret

227 836 288 868 sibi
312 836 434 875 infelici
457 840 581 870 tantum
606 839 752 871 dolorem.
797 839 914 880 Aquila
939 840 1072 881 sprevit,
1097 849 1206 871 secura
1229 839 1342 881 quippe
1371 839 1441 871 situ
1462 838 1533 872 laci.
1581 837 1696 881 Vuben

228 879 357 911 abstulit
372 880 411 912 ab
426 881 522 912 altari
545 884 662 914 torrem
676 891 847 924 accensum,
867 886 899 915 et
923 883 1143 916 circumcinxit
1159 886 1258 915 totam
1271 882 1414 915 arborem
1427 881 1564 923 ignibus,
1577 882 1696 915 addens

847 979 1082 993 “um

230 1041 376 1084 Nidoque
388 1043 506 1086 posuit,
519 1043 728 1086 pullis-escam
740 1047 776 1077 ut
790 1046 956 1083 concuret,-
977 1045 1036 1077 sed
1049 1056 1081 1079 v.
1096 1045 1214 1078 Burm.
1231 1043 1484 1086 Cuninghamus
1496 1041 1562 1087 legi
1571 1040 1674 1086 jubet
1683 1053 1695 1077 ι

227 1085 373 1130 Nidoque
395 1087 502 1130 posuit
517 1096 627 1129 escam,
652 1091 688 1119 ut
707 1088 788 1130 pulli
803 1091 975 1130 carperent.
1018 1088 1133 1131 posuit.
1151 1088 1314 1121 Heinsius
1326 1087 1476 1120 malebat
1489 1085 1643 1136 apponit,
1657 1088 1701 1121 εἴ

226 1128 261 1159 in
274 1128 383 1160 nidum
395 1130 538 1171 apposuit
554 1130 659 1163 habet
673 1129 785 1163 Anon.
802 1131 875 1164 Nil.
891 1131 952 1165 sed
974 1131 1022 1163 nil
1046 1131 1258 1170 mutandum,
1277 1129 1462 1172 judicante
1487 1130 1694 1163 Burmanno.

227 1171 316 1203 Nam
334 1172 440 1214 dapes
456 1182 554 1215 aeque
571 1172 659 1206 bene
671 1174 782 1215 positoe
799 1179 836 1206 et
848 1175 997 1216 appositae
1018 1174 1189 1207 dicuntur.
1235 1176 1245 1192 ‘
1260 1172 1599 1215 DisplicetBentIeii
1614 1174 1694 1206 'con-

221 1213 375 1255 jectura,
391 1220 534 1257 propter
547 1215 772 1258 ταυτολογίαν,
789 1227 888 1259 quam
905 1216 1011 1251 infert
1032 1218 1226 1251 sententiae.
1270 1216 1360 1250 Quid
1378 1216 1469 1248 enim
1485 1219 1539 1248 est
1552 1217 1694 1258 condere,

226 1257 289 1288 nisi
303 1257 474 1299 reponere?
496 1259 575 1292 vid.
590 1260 778 1302 Burmanni
792 1260 929 1303 (Harii)
945 1260 1056 1302 Epist.
1075 1261 1153 1293 crit.
1171 1260 1215 1292 de
1230 1259 1282 1292 his
1295 1259 1447 1292 Bentleii
1463 1258 1695 1301 annotationi-

227 1299 290 1332 bus
313 1301 368 1342 (p.
394 1297 480 1344 27.)'
523 1303 686 1336 Bora—5
710 1303 893 1337 Persecuta.
938 1304 1102 1336 Romulus
1129 1303 1268 1336 Divion.
1292 1297 1534 1344 prosecutm—-d
1556 1301 1614 1334 12⁸
1639 1297 1696 1335 hic

226 1352 346 1376 versus
361 1344 488 1386 legitur
503 1345 537 1377 in
553 1346 636 1378 Mss.
653 1346 748 1378 Pith.
766 1351 802 1378 et
817 1347 916 1379 Rem.
942 1351 979 1379 et
1005 1347 1070 1380 Ed.
1088 1348 1170 1379 Vet.
1196 1346 1392 1387 Philippus,
1414 1354 1515 1388 quem
1540 1343 1696 1388 sequitur

228 1386 432 1419 Lauemant.
460 1387 591 1421 frustra
616 1389 825 1430 emendavit,
852 1393 977 1422 tantum
1000 1390 1123 1423 miseroe
1148 1391 1287 1422 luctuum
1311 1389 1457 1431 irnportet
1482 1398 1510 1420 s.
1535 1397 1570 1421 v.
1594 1387 1695 1422 Brot.

227 1429 493 1472 Cuninghamus,
516 1431 569 1463 Ne
583 1435 706 1464 tantum
723 1434 823 1464 luctus
835 1432 993 1474 importet.
1016 1436 1110 1466 s.—-8
1131 1432 1183 1465 Ab
1198 1442 1254 1464 ara
1272 1432 1392 1474 Vulpis.
1437 1431 1494 1463 Sic
1509 1430 1603 1464 edidi
1615 1440 1694 1464 eum

227 1474 479 1506 recentioribus
492 1474 641 1507 Brotier.
657 1476 796 1516 Bipont.
813 1476 1001 1509 Desbillon.
1044 1476 1158 1517 Vulgo
1180 1476 1320 1517 legitur,
1349 1475 1463 1516 Vulpes
1484 1474 1523 1506 ab
1541 1484 1695 1506 ara—ar-

228 1516 360 1548 dentem.
405 1517 570 1550 Heinsius
585 1519 711 1550 ardenti
719 1528 731 1555 ‚·
762 1519 821 1550 sed
848 1520 1011 1551 ardentem
1036 1519 1191 1560 probum.
1236 1519 1349 1553 Etiam
1366 1519 1465 1550 Rom.
1481 1517 1564 1550 DiV.
1579 1516 1696 1558 habet,

219 1558 362 1596 faculam
375 1561 537 1592 ardentem
544 1571 557 1599 ,·
581 1566 618 1593 et
629 1561 725 1602 Virg.
742 1562 817 1593 AEn.
834 1570 865 1594 v.
880 1564 955 1594 637.
972 1563 981 1580 ‘
994 1561 1169 1594 Ardentes
1186 1561 1267 1593 dare
1283 1561 1357 1593 visa
1368 1559 1572 1596 faces.'——1o
1587 1560 1696 1593 Bent-

229 1602 313 1651 feius
328 1603 430 1644 legit:
456 1604 586 1645 Proprii
601 1605 736 1655 dolorem
750 1605 861 1637 damno
883 1604 1034 1638 ulciscens
1043 1605 1218 1645 sanguinis,
1246 1604 1387 1654 laudans
1404 1603 1508 1636 Ovid.
1526 1603 1624 1635 Rem.
1639 1605 1695 1654 69.

227 1646 828 1731 ὶῗυὲῑὲἶέῧῖἳὲἑῗΕέαἰὶἳὲἰῗὲἱέἵᾷἶζ
840 1657 908 1722 ’ἐξζῖ
915 1646 1697 1731 151²ssssssssss...¹³3¹ssssecssin'ssssfffl'ffllffidfflnss

228 1740 322 1763 mum
338 1731 408 1763 Nil.
424 1732 573 1774 legatur,
586 1734 709 1765 damnis
723 1734 853 1765 miscens
865 1734 1060 1774 sanguinem.
1116 1733 1279 1766 Heinsius
1296 1733 1459 1775 conjicit:
1483 1731 1582 1763 Hosti
1595 1732 1696 1764 dolone

228 1774 377 1806 damnum
389 1775 552 1815 sanguinis
564 1777 664 1814 ciens,·
700 1777 767 1816 vel,
783 1776 882 1808 Hosti
897 1777 1031 1808 dolorem
1045 1777 1156 1808 damno
1170 1776 1320 1808 ulciscens
1344 1775 1519 1816 sanguinis,
1543 1774 1696 1816 ascripto

229 1816 307 1849 loco
323 1816 440 1849 Ovidii
467 1819 570 1859 paulo
586 1823 668 1851 ante
690 1819 809 1856 citato,
836 1818 898 1850 nisi
924 1818 1015 1861 quod
1040 1819 1125 1850 vitio
1151 1819 1323 1851 memoriae
1347 1818 1553 1859 ascripserat
1576 1817 1696 1850 Codici

226 1859 361 1902 proprii,
375 1870 437 1902 pro
450 1861 539 1894 socii.
595 1862 830 1894 Posteriorem
843 1861 980 1894 Heinsii
995 1861 1228 1903 conjecturam
1244 1871 1311 1893 nou
1327 1861 1543 1893 temerariam
1557 1860 1698 1901 ,iudicat

230 1902 458 1943 Burmannus,
470 1914 548 1936 cum
570 1904 580 1922 ‘
594 1905 746 1937 dolorem
771 1903 966 1937 vindicare'
991 1904 1118 1936 dixerit
1143 1904 1310 1936 Phaedrus
1336 1904 1394 1936 lib.
1412 1912 1468 1935 ιιι.
1496 1903 1566 1935 fab.
1584 1906 1635 1936 10.
1658 1907 1696 1936 et

229 1946 239 1964 ‘
258 1945 411 1978 dolorem
427 1947 566 1980 ulcisci’
587 1948 665 1980 Val.
681 1948 778 1980 Max.
794 1947 856 1979 lib.
871 1957 911 1979 11.
929 1957 960 1979 c.
977 1950 1029 1980 10.
1046 1950 1078 1980 2.
1095 1952 1131 1980 et
1146 1947 1251 1980 Ovid.
1268 1947 1385 1979 Amor.
1402 1956 1442 1979 11.
1458 1948 1512 1978 14.
1528 1949 1581 1978 32.
1614 1946 1696 1987 Ipse

229 1998 311 2021 vero
324 1990 542 2031 >Burmannus
568 1991 694 2024 mallet·
711 1991 926 2032 transpositis
954 1990 1093 2022 vocibus
1115 1990 1244 2031 legere,
1266 1991 1414 2022 Dolorem
1438 1988 1561 2021 hostilis
1583 1989 1696 2022 damno

229 2032 377 2064 ulciscens
390 2034 567 2074 sanguinis,
591 2035 647 2066 vel
662 2034 776 2066 Hostis
803 2033 841 2076 (i.
859 2043 889 2066 e.
904 2032 1054 2075 hostilis)
1075 2034 1208 2066 dolorem
1222 2035 1252 2065 d.
1278 2045 1311 2066 u.
1334 2043 1359 2065 s.
1384 2042 1486 2075 quam
1511 2032 1695 2064 lectionem

231 2079 325 2107 certe
342 2075 593 2117 praeferendam
609 2086 686 2109 esse
700 2076 880 2109 contendit
901 2076 1041 2108 lectioni
1066 2076 1245 2117 Gronovii,
1269 2076 1417 2108 Dolorem
1430 2077 1541 2107 damno
1554 2074 1696 2114 injiciens

229 2118 1173 2205 ffiffiusszissigssffilzffiz255512„3222332‘{?„5„‘.assssz³⁵’
1187 2117 1591 2203 33335222320135353
1599 2118 1695 2203 ⁶525:

230 2213 376 2245 suasum,
389 2205 503 2237 locum
517 2216 591 2238 esse
614 2211 829 2248 corruptum,
845 2206 981 2246 placet:
1006 2205 1119 2237 Hostis
1132 2205 1235 2237 dolore
1247 2206 1394 2238 damnum
1407 2184 1558 2236 vileima-s
1568 2202 1697 2244 ungui·-

230 2246 291 2286 nis,
318 2251 357 2278 ut
381 2249 531 2280 ulciscens
550 2254 696 2289 ponatur
722 2260 784 2291 pro
807 2250 941 2289 ultnra;
973 2248 1032 2280 sed
1062 2248 1325 2289 Cuninghamus,
1346 2247 1494 2280 Dolorem
1517 2250 1549 2278 et
1572 2246 1696 2288 proprii

229 2290 342 2321 damno
357 2291 504 2323 ulciscens
523 2292 694 2332 sanguinis.
741 2292 924 2324 Praschius
941 2291 1116 2332 rescripsit
1132 2291 1260 2330 Hostis,
1286 2296 1323 2322 ut
1349 2291 1406 2330 sit,
1430 2290 1574 2322 miscens
1598 2289 1695 2322 dolo-

230 2341 302 2364 rem
318 2332 425 2365 hostis
441 2335 563 2366 damno
586 2335 757 2374 sanguinis
774 2335 836 2376 sui,
863 2333 1084 2376 probantibus
1101 2334 1252 2375 Guyeto,
1273 2334 1484 2374 Burmanno,
1501 2332 1696 2373 Brotieri03

230 2375 274 2407 cl.
290 2376 473 2409 Tzschuck.
490 2379 631 2419 mittens,
654 2388 717 2419 pro
735 2378 877 2416 miscens,
899 2377 964 2409 etsi
988 2376 1020 2407 ei
1045 2386 1110 2408 non
1135 2377 1271 2416 penitus
1292 2377 1449 2418 placeat;
1482 2380 1522 2408 ut
1537 2375 1695 2408 omittam

231 2418 466 2460 conjecturam
491 2420 641 2452 Gruneri
667 2422 687 2453 Ι.
704 2431 733 2453 c.
763 2431 797 2463 p.
815 2424 887 2453 126.
938 2419 1007 2451 Sed
1031 2423 1188 2461 praestat,
1209 2420 1394 2452 lectionem
1420 2419 1606 2462 vulgatam,
1628 2418 1695 2451 etsi

888 2523 1035 2556 NOTAE

274 2612 294 2641 8
316 2609 490 2642 Ardentem
509 2609 631 2651 facem]
665 2610 744 2643 Non
769 2613 822 2642 est
847 2611 933 2642 otio·
988 2611 997 2628 ‘
1015 2612 1189 2653 Ferroque
1205 2610 1299 2643 faces
1315 2610 1463 2651 inspicat
1482 2603 1606 2641 acuto!

230 2670 302 2692 sum
318 2660 522 2702 epithetum.
553 2662 624 2693 Fax
639 2661 729 2693 enim
745 2661 828 2692 nihil
843 2661 932 2693 aliud
1032 2665 1072 2694 10
1095 2663 1219 2694 Damno
1233 2660 1410 2702 sanguinis]
1443 2659 1484 2692 ld
1509 2663 1575 2700 est,
1594 2663 1692 2693 nato-

231 2715 284 2743 est
298 2721 397 2753 quam
414 2711 512 2744 fustis
532 2712 668 2754 incisus,
683 2716 718 2744 et
734 2712 782 2744 ita
797 2722 934 2754 compa·
989 2723 1063 2745 rum
1079 2714 1242 2755 periculo.
1266 2713 1324 2746 Ita
1338 2713 1454 2744 Venus
1465 2711 1557 2753 apud
1567 2711 1701 2754 virgil(

232 2767 326 2794 ratus
341 2766 380 2794 ut
394 2761 575 2804 flammam,
600 2764 627 2795 si
651 2764 712 2806 ita·
724 2772 803 2795 usus
819 2767 935 2804 postu·
988 2769 1090 2797 vocat
1104 2764 1258 2806 AEneam‚
1279 2764 1290 2783 ‘
1303 2762 1447 2806 sangnis
1461 2762 1583 2796 meus!
1632 2789 1634 2791 v

184 2828 192 2833 »
232 2813 294 2854 let,
328 2814 514 2856 concipere
550 2815 667 2856 possit.
725 2813 783 2847 Sic
812 2814 934 2857 Virgil.
