1806 3236
661 203 813 235 mnan
847 205 912 236 ιν.
946 205 1054 238 mu.
1082 196 1127 237 7.

154 298 256 342 Illic
274 311 357 355 per
374 300 497 341 artus
515 298 663 342 fratris
682 299 902 354 explicuit
920 299 1096 354 fugam3

1541 192 1627 235 211

1572 298 1630 340 15

154 365 248 412 Hic
269 365 394 410 caede
414 367 558 422 patris
579 366 816 409 Peliadum
835 367 988 411 infecit
1007 378 1182 411 manus.

154 433 280 487 Quid
299 435 379 478 tibi
398 435 604 478 videtur‘l
666 435 773 479 Hoc
791 450 970 492 quoque
989 437 1208 480 insulsum
1229 441 1320 490 est,
1334 438 1420 490 ais,

153 501 383 559 Falsoque
403 504 596 558 dictum3
626 503 763 559 louge
785 505 893 560 quia
911 505 1128 548 vetustior

151 571 299 626 AEgea
321 571 472 615 Minos
494 572 637 615 classe
655 573 906 628 perdomuit
925 573 1052 626 freta,

150 637 376 695 Justoque
395 640 647 687 vindicavit
664 642 874 697 exemplo
892 641 1122 698 impetum.

1569 643 1629 696 20

151 703 274 758 Quid
295 720 402 762 ergo
422 721 610 763 possum
632 709 781 752 facere
803 710 901 761 tibi,
924 711 1067 753 lector
1087 711 1220 762 Cato,

150 774 203 818 Si
222 789 309 842 nec·
322 777 498 820 fabellae
519 781 562 821 te
576 777 752 833 juvant,
775 791 857 821 nec
879 778 1046 822 sabulae
1059 781 1079 821 ‘l

148 898 234 932 vion
262 898 391 942 sparsis
417 899 565 933 membris
583 900 718 943 fratris,
740 900 793 933 laic
819 901 996 933 cruentavit
1021 910 1132 933 manus
1151 901 1319 934 Peliadum
1341 903 1442 935 morte
1460 902 1631 943 genitoris,

151 941 240 980 Quia
250 940 326 976 ais?
348 942 421 975 Hoc
434 943 530 976 etiam
543 943 712 976 ridiculum
726 947 789 986 est,
810 944 928 986 inquis,
940 947 971 976 et
986 944 1105 977 dictum
1111 943 1212 985 false,
1225 945 1299 987 quia
1315 945 1424 977 Minos
1438 946 1529 987 longe
1543 947 1626 979 anti-

148 985 598 1028 qemubegitmvioasffig

597 997 678 1020 oeum
693 997 792 1028 mare,
807 990 839 1020 et
853 988 939 1020 ultus
951 990 999 1019 est
1013 987 1206 1020 incursiones
1220 988 1382 1030 suppliciis
1395 989 1504 1030 cequis·
1544 990 1637 1027 Quid-

147 1028 252 1071 igitur
271 1029 331 1063 tibi
343 1029 598 1074 pommsacere‚
611 1031 709 1063 lector
719 1040 835 1073 severe,
846 1031 874 1063 si
894 1030 1141 1074 uequefabellae,
1153 1041 1253 1074 neque
1261 1031 1392 1073 fabulet,
1409 1031 1471 1065 tibi
1478 1033 1602 1075 placent
1612 1031 1630 1066 ¹!

768 1117 1010 1130 OOOOOOOONOO

147 1205 149 1208 ⁴
204 1170 298 1205 lenta
322 1172 522 1215 conjectura
548 1171 768 1215 emendabat,
793 1172 875 1208 Quoe
897 1182 982 1204 saca
1003 1172 1107 1206 variis
1130 1172 1261 1214 ingenia
1284 1173 1407 1205 volvem
1429 1172 1628 1206 modia—20

145 1181 351 1252 ffic‘versm
365 1216 508 1260 Guyeto
531 1214 664 1249 frustra
683 1220 866 1258 suspectus
891 1215 1045 1250 videtur.
1091 1216 1177 1249 Cum
1197 1215 1233 1248 in
1256 1216 1344 1249 Cod.
1361 1216 1456 1248 Pith.
1471 1221 1509 1249 et
1531 1217 1628 1251 Edit.

144 1254 311 1305 Neyelet'i
332 1258 379 1293 sit
393 1259 575 1302 imperium,
599 1259 727 1301 Heius.
749 1258 906 1309 conjicit,
930 1259 1078 1301 Jmtique
1102 1259 1277 1293 vindicavit
1302 1260 1477 1302 exemplum
1501 1260 1629 1302 imperi,

145 1302 244 1347 quani
258 1301 368 1346 dicat,
382 1303 568 1346 acquisivit
582 1302 648 1336 sibi
664 1303 802 1336 laudem
817 1302 907 1345 jusu
933 1302 1081 1345 imperii,
1100 1313 1165 1345 pro
1187 1303 1347 1345 exemplo
1357 1303 1447 1345 justi
1462 1302 1627 1354 principis

144 1349 200 1387 eat
212 1345 361 1381 habitus.
394 1346 453 1380 Sic
466 1347 780 1398 vindicare-laudem,
795 1347 943 1382 honorem
958 1346 1053 1398 apud
1074 1346 1302 1380 Paterculum
1325 1356 1434 1388 saepe,
1450 1351 1491 1379 ut
1511 1347 1571 1398 hb‘.
1586 1357 1628 1381 11.

143 1398 257 1484 ffimffp'j
242 1391 390 1485 ”af-353}
404 1389 1041 1468 &ezz35523„.0¹1¹ffe:;m132¹ss¹33¹?.3
1057 1391 1630 1476 §affixessffffiz‚litgss‘ffizssx

142 1477 473 1519 manmuexmplo
493 1478 576 1520 inape

577 1477 621 1510 ri.
664 1476 719 1510 At.
737 1477 864 1511 Jakob.
885 1477 958 1518 legi
981 1477 1055 1509 vult
1076 1476 1256 1517 imperium,
1272 1481 1311 1509 ut
1336 1477 1628 1520 subintelligatur,

143 1521 268 1560 marin
291 1519 424 1562 etjuto
437 1521 578 1563 exemplo
602 1521 809 1563 explicetur,
817 1520 935 1562 juste3
959 1525 1144 1563 propterea
1170 1524 1311 1553 notatus
1332 1529 1354 1552 a
1373 1520 1448 1553 viro
1471 1519 1576 1554 docto
1592 1521 1628 1556 iu

143 1560 191 1597 A.
207 1560 248 1597 Ia.
263 1562 306 1597 Z.
331 1566 430 1597 1785.
460 1573 503 1597 ιι.
525 1573 548 1606 p

551 1566 651 1597 .281.
676 1574 728 1606 sq.
750 1564 903 1606 impetum
927 1563 1017 1599 enim
1045 1563 1260 1596 commodum
1286 1563 1393 1596 babet
1417 1573 1576 1606 sensum„
1591 1570 1630 1597 et

426 1617 479 1640 um
493 1607 582 1640 bene
595 1607 786 1650 respondet
800 1607 868 1639 τοῖς
875 1606 967 1647 freta
980 1607 1112 1640 domuit.
1150 1607 1322 1648 Cuningh.
1336 1606 1523 1639 arbitraria
1533 1639 1536 1643 ,
1546 1617 1627 1640 cou-

135 1648 278 1692 jeetura
293 1651 468 1693 proponit,
485 1650 790 1695 Imperiumjustum
801 1651 847 1683 sic
862 1650 1001 1692 exmplo
1012 1649 1277 1691 multicana—21
1305 1650 1393 1688 Quid
1406 1660 1491 1691 ergo.
1506 1651 1628 1688 Bentl.

144 1692 234 1731 Quia
247 1703 306 1735 ego
319 1699 409 1735 ergo,
425 1699 522 1727 recte
537 1694 727 1735 castigatus
744 1705 764 1726 a
778 1694 899 1726 Burm.
915 1704 995 1726 eum
1012 1699 1224 1735 anapaestum
1240 1703 1306 1726 uon
1327 1694 1488 1727 scabrum
1511 1694 1626 1737 modo,

141 1735 205 1769 sed
225 1737 368 1770 elisione
390 1737 573 1770 duri-sima
599 1737 854 1770 intolerabilem
879 1736 1019 1770 auribus
1034 1737 1181 1778 poeticis
1203 1736 1384 1778 obtrudat,
1411 1741 1448 1770 et
1469 1738 1543 1769 sine
1557 1738 1629 1771 ulla

92 1807 102 1816 ,
142 1781 352 1814 neces-itate
363 1781 449 1814 illud
459 1781 818 1822 «ἐρύκεται-ἱρείη
836 1782 926 1813 Calo.
945 1781 1015 1812 Ms.
1029 1780 1124 1813 Pith.
1136 1785 1228 1813 teste
1245 1781 1406 1821 Heinsio,
1417 1781 1514 1813 lector
1528 1782 1608 1814 Cate
1620 1793 1633 1820 ‚·

143 1823 180 1857 in
196 1824 317 1858 eodem
330 1829 446 1858 tamen
471 1825 602 1859 Codice
617 1826 696 1858 lecte
710 1827 796 1858 reato
818 1824 980 1866 inveniri,
994 1828 1146 1860 testatur
1158 1825 1283 1858 Nevel.
1321 1824 1523 1867 Salmasius,
1541 1825 1636 1862 Quid.

805 1925 954 1959 NOTAE

188 2002 228 2032 15
252 1999 320 2032 Per
330 1999 548 2040 anusfratris
561 2001 715 2043 explicuit
722 1999 858 2042 fugam]

144 2049 232 2083 Cum
247 2051 338 2084 enim
354 2052 470 2085 AEetas
488 2057 588 2094 pater
603 2053 742 2085 Medeae
763 2053 857 2085 illam

141 2100 383 2145 insequeretur
398 2103 441 2135 ob
457 2103 650 2136 extinctum
667 2102 858 2144 Absyrtum

142 2152 251 2186 filium
267 2163 379 2195 suum,
391 2158 428 2186 et
441 2153 584 2187 fratrem
601 2153 760 2194 Medeae3
782 2154 856 2186 hoec

141 2204 323 2248 dissipavit
343 2205 499 2238 membra
523 2205 656 2246 fratris,
675 2210 715 2238 ut
737 2215 856 2238 eorum

141 2257 303 2290 collectio
328 2267 522 2301 moerorque
547 2257 680 2300 patrius
696 2257 856 2290 celerita-

141 2312 213 2342 tem
230 2309 460 2351 persequendi
478 2309 684 2342 retardaret.

186 2363 229 2393 16
253 2361 347 2393 coede
358 2361 464 2403 patris
479 2361 644 2393 Peliadum
657 2359 768 2401 inj'ecit
789 2370 855 2393 ma-

139 2411 215 2454 m]
246 2412 306 2446 Sic
334 2413 427 2446 enim
454 2422 508 2446 res
535 2418 714 2446 narratur:
739 2413 855 2445 Pelias

141 2464 303 2507 Neptuni
316 2464 407 2497 filius
427 2473 476 2497 ex
497 2465 590 2507 Tyro
614 2464 788 2497 Salmonei
803 2475 857 2498 re-

141 2515 195 2557 gis
219 2514 303 2556 filia,
325 2514 436 2548 frater
451 2515 598 2557 AEsouis,
621 2520 659 2548 et
672 2516 855 2559 Thessaliae

140 2575 215 2608 rex,
227 2565 375 2599 tiliarum
389 2576 525 2599 suarum
541 2566 697 2600 manibus
715 2566 854 2612 jugula-

141 2621 198 2650 tus
224 2622 291 2659 est,
317 2617 422 2661 idque
443 2619 587 2651 hortatu
611 2619 852 2661 Medeae,quae

142 2663 287 2714 iutegrae
313 2663 413 2703 aet'ati‘
434 2680 471 2703 se
492 2665 587 2703 illum
612 2663 852 2704 restituturam

144 2720 339 2755 simulabat.

187 2774 229 2804 18
250 2770 359 2813 Longe
384 2773 459 2815 quia
482 2773 650 2815 vetustior]
674 2773 773 2806 Illam
790 2772 853 2805 ἆνε-

145 2821 315 2864 στορησίαν
331 2824 498 2858 Pbaedrus
515 2825 726 2867 expedisset,
739 2825 778 2857 vsi
797 2834 857 2858 uo-

912 2001 1019 2033 visset
1049 2000 1136 2034 duos
1167 1999 1272 2033 fuisse
1302 2000 1452 2041 Minoas,
1480 2000 1627 2033 alterum

910 2052 1010 2085 Jovis
1026 2051 1147 2092 filium,
1169 2052 1303 2094 justum
1325 2051 1516 2092 hominem
1542 2053 1627 2085 alte-

911 2113 985 2134 rum
1001 2107 1166 2145 nepotem
1182 2103 1362 2144 injustum,
1377 2102 1456 2145 quia
1473 2102 1626 2144 pendere

911 2154 1024 2186 dirum
1042 2154 1209 2186 tributum
1226 2153 1288 2186 sibi
1310 2153 1416 2196 jussit
1434 2153 1626 2187 Athenien-

911 2215 978 2238 ses.
1032 2204 1146 2238 Testis
1174 2209 1231 2237 est
1262 2205 1441 2237 Diodorus
1480 2205 1627 2248 Siculus,

910 2257 1011 2289 testis
1026 2261 1064 2290 et
1078 2256 1289 2289 Plutarchus
1311 2257 1346 2289 in
1366 2257 1511 2289 Theseo.
1557 2257 1628 2290 Im-

909 2319 965 2342 mo
990 2308 1113 2341 falsum
1137 2307 1204 2341 fuit
1229 2307 1451 2351 Argonautas
1474 2307 1626 2341 omnium

909 2361 1039 2403 primos
1051 2359 1195 2393 navibus
1204 2370 1301 2393 usos:
1318 2360 1347 2392 si
1359 2359 1498 2403 quidem
1505 2359 1624 2393 AEetas

909 2416 987 2444 erat
1003 2411 1213 2453 Corinthius,
1238 2414 1274 2444 et
1300 2410 1335 2443 in
1361 2421 1419 2443 eas
1446 2420 1523 2443 oras
1544 2420 1625 2443 cum

909 2462 1039 2495 Medea
1060 2461 1133 2494 filia
1159 2472 1197 2495 se
1222 2463 1432 2504 contulerat,
1449 2466 1542 2494 teste
1558 2462 1626 2494 Eu-

909 2514 1000 2547 melo
1016 2513 1209 2553 Histoi-ico,
1225 2512 1335 2545 Poeta
1351 2512 1497 2546 Homeri
1513 2522 1625 2555 aequa-

909 2567 947 2609 li,
973 2566 1065 2609 apud
1096 2566 1315 2599 Scholiasten
1333 2565 1490 2606 Pindari,
1519 2564 1554 2597 in
1577 2563 1626 2597 0-

909 2618 977 2651 deu
993 2620 1045 2651 13.
1058 2617 1353 2660 Pythionicarum.

951 2671 992 2701 21
1017 2668 1130 2701 Lector
1147 2667 1244 2709 Cato]
1276 2666 1400 2700 Posuit
1414 2676 1479 2709 pro
1495 2663 1622 2698 tetrico

908 2730 949 2753 ac
964 2730 1101 2753 moroso
1116 2728 1273 2761 censore,
1288 2718 1345 2762 qui
1362 2717 1497 2751 fastidit
1519 2725 1622 2750 cunc-

910 2778 959 2806 ta.
