1806 3236
410 211 613 245 rnatum
649 210 756 244 mn.
788 208 1095 242 AEsomARUM
1129 208 1227 241 ma.
1262 208 1294 239 1.
1326 196 1399 240 31.

162 321 186 346 a
210 309 358 352 findere,
385 307 478 352 quod
505 307 683 341 nobiscum
713 305 872 340 iccrunt.’

167 363 390 454 θτίἠινῖα]
414 409 642 451 Mammas.
680 409 803 453 eud„

202 465 247 498 10
269 461 429 505 findunt]
451 462 520 495 Ms.
535 463 676 495 tradent.
720 460 815 495 Gud.

1559 197 1648 241 425

930 309 1089 339 exstant:
1125 304 1236 338 Andr.
1261 309 1330 339 act.
1345 315 1372 339 1.
1400 315 1494 338 scen.
1513 308 1545 338 1.
1570 307 1648 342 12⁷.

930 358 940 376 ⁴
959 357 1044 391 Quis
1060 357 1167 399 igitur
1193 357 1335 390 relictus
1361 360 1416 390 est
1440 356 1648 400 objurgandi

930 407 1026 440 locus
1039 407 1062 439 ?'
1095 408 1253 441 Eluenda
1273 412 1328 441 est
1344 409 1561 450 turpiuscula
1575 418 1648 440 ma-

930 459 1020 500 cula,
1050 470 1128 502 quae
1159 459 1195 492 in
1226 469 1373 502 corpore
1402 463 1473 492 tam
1501 458 1648 501 pulchro

203 516 246 549 11
268 513 437 557 Singulas]
471 514 585 547 Unam
611 519 692 556 post
715 513 873 547 alteram.
923 510 1000 553 jam
1010 511 1148 554 penitus
1159 511 1307 544 insedit:
1323 521 1441 544 versus
1452 511 1542 544 enim
1555 510 1649 543 Iam-

158 561 314 608 fflngulaes
329 573 406 608 pro,
426 564 579 607 singulis.
624 565 672 598 Et
697 565 749 598 sic
774 565 875 598 Taci-

158 619 216 650 tus
241 620 281 650 et
305 615 364 657 alii
398 615 597 659 loquuntur.
653 616 735 659 Ipse
756 615 887 661 Virgi-v

157 667 238 711 lius,
252 663 357 712 q'uem
374 667 432 700 vix
448 667 581 710 dubito,
595 668 691 710 quin,
718 671 758 700 ut
779 667 876 708 alias,

155 719 206 754 sic
231 719 288 753 hic
312 719 522 762 respexerit.
568 718 626 752 Ita
639 719 731 751 enim
747 718 877 761 legitur

157 771 194 803 in
219 765 324 804 libris‘
343 770 602 814 antiquissimis,
627 769 746 803 Pierio
772 774 878 812 teste,

157 820 236 854 AEn.
252 830 309 855 ιιι.
330 821 342 840 ‘
360 820 454 856 Quid
481 830 569 863 puer
597 820 788 854 Ascanius?
821 830 875 854 su·

157 876 320 916 pei-atne,
335 876 374 906 et
388 872 542 905 vescitur
556 881 657 905 auras
668 871 694 904 ?’
717 871 822 912 Schef.

201 926 244 957 1³
282 924 335 958 De
369 924 501 967 reliquis
536 924 628 966 tunc]
671 924 873 966 [legebatur

155 978 253 1018 ute,
272 975 359 1010 stuc
373 977 413 1009 de
424 976 558 1020 reliquis
564 986 579 1015 ‚·
611 985 656 1009 ex
673 986 740 1018 quo
755 976 870 1009 Neve-

154 1029 262 1071 letns,
278 1027 364 1062 Rue
385 1028 426 1061 de
449 1027 583 1060 relictis.
628 1027 699 1060 Sed
713 1031 871 1061 nostrum

156 1079 305 1114 retineo.
334 1078 441 1120 W.
484 1078 604 1112 Prima
618 1078 711 1111 enim
724 1077 872 1121 produci

155 1129 292 1174 syllaba
315 1134 414 1164 recte
429 1132 563 1172 potest,
576 1138 642 1162 nec
655 1138 743 1171 opus
759 1133 871 1162 trans-

154 1180 340 1224 positione,
355 1184 394 1213 nt
416 1179 480 1214 fiat
494 1183 644 1224 quatuor
658 1179 871 1222 syllabarum

157 1241 238 1269 vox.

166 1320 170 1324 ,
197 1283 252 1320 Dc
271 1281 417 1326 rell-'quis
431 1285 505 1317 tunc
527 1281 608 1325 una]
644 1282 731 1316 Tunc
744 1283 783 1316 de
797 1282 872 1316 reli-

155 1335 315 1379 qdem.
359 1335 431 1369 Ms.
456 1334 553 1369 Pith.
581 1339 620 1368 et
642 1335 742 1368 Rem.
759 1344 874 1378 neque

155 1387 261 1424 stite:
279 1387 454 1429 Pithoeus,
469 1386 732 1429 Rittershusius,
746 1387 873 1431 aliique

157 1444 235 1476 tun
262 1439 433 1484 tempori·
469 1438 627 1473 edidere.
686 1439 874 1483 lugaidus,

154 1489 244 1527 rsko
278 1491 427 1527 eredens
450 1490 574 1525 vitium
604 1490 719 1524 inesse
749 1495 874 1532 metro,

155 1543 286 1587 primu·
310 1542 549 1587 transposuit;
589 1552 776 1585 perperam
801 1542 875 1576 sine

156 1594 285 1631 dubio:
317 1594 500 1639 dispositio
523 1599 682 1628 veterum
706 1593 874 1628 librorum

155 1647 365 1684 renuenda:
400 1651 457 1681 est
471 1647 564 1683 enim
591 1646 721 1690 reliquis
735 1646 874 1691 quadri-

155 1699 338 1743 musivum,
352 1703 393 1734 ut
407 1698 502 1742 apud
517 1698 704 1733 Phoedrum
721 1708 873 1741 semper,

154 1751 355 1796 poteritque
367 1748 472 1786 facile
485 1753 700 1785 vetustorum
712 1748 874 1784 codicum

154 1801 343 1839 lesum
353 1801 447 1837 tueri
460 1801 557 1836 locus
578 1801 639 1834 ille
654 1801 713 1835 lib.
730 1810 789 1835 ιιι.
803 1800 873 1836 fab.

126 1854 132 1858 “
154 1856 189 1891 ⁴.
210 1853 336 1891 ‘Inter
350 1853 502 1898 reliquas
525 1862 660 1892 merces
684 1856 791 1897 atque
812 1852 873 1886 ob-

156 1903 276 1941 sonia?
331 1905 382 1941 Et
409 1904 512 1947 alter,
543 1903 606 1938 lib.
632 1913 685 1938 ιν.
716 1903 786 1939 fab.
816 1907 873 1938 24.

156 1958 169 1978 ¹
186 1957 340 2002 Accepit
354 1960 503 2000 partem,
517 1966 622 2001 quum
637 1957 775 2001 reliqua
797 1966 874 1999 pos·

158 2011 279 2047 neret!
321 2010 428 2045 Unde
443 2013 604 2052 apparet,
629 2008 714 2042 nihil
739 2013 875 2043 mutan-

158 2062 261 2104 dum3
283 2066 322 2098 et
334 2061 524 2097 infeliciter
538 2060 873 2107 etiam-Neveletum

159 2113 363 2156 conjecisse,
381 2113 467 2147 Tunc
485 2113 525 2146 de
538 2112 684 2151 relictis,-
706 2112 807 2154 cujus
822 2113 874 2146 in-

158 2163 245 2201 felix
258 2165 459 2208 conjectura
485 2164 521 2197 in
546 2168 698 2197 mentem
723 2164 805 2197 mihi
820 2173 874 2197 re-

161 2220 266 2252 voest
278 2216 389 2253 simus
404 2215 566 2250 mendum
582 2216 618 2248 in
632 2215 788 2248 Terentii
806 2216 880 2249 vul·

159 2267 253 2326 ‘3⁸³⁸
266 2266 492 2310 editionibus,
517 2271 690 2312 quotquot
710 2267 878 2302 hactenus

928 562 1027 595 bicus
1051 562 1216 595 Senarius
1239 572 1307 595 non
1329 566 1480 596 constat.
1525 561 1647 595 Scribe

931 624 976 647 ex
999 613 1243 647 vetustissimis
1270 613 1501 646 membranis:
1534 613 1544 631 ‘
1561 611 1649 647 Quis

932 665 1037 707 igitur
1053 665 1208 708 reliquus
1224 669 1278 698 est
1293 664 1498 707 objurgandi
1512 664 1609 696 locus
1621 662 1647 695 Ρ

932 717 1052 750 Romae
1069 716 1180 750 codex
1201 716 1391 749 Vaticanus
1418 716 1548 748 diserte
1572 715 1650 748 reli-

930 782 1027 804 cuus:
1059 770 1154 804 facili
1170 771 1270 813 lapsu
1286 769 1379 802 rudis
1395 769 1591 810 descriptor
1606 767 1648 800 il-

933 822 992 855 lud
1017 823 1148 855 relictus
1174 821 1273 862 fecit,
1297 831 1375 854 cum
1400 821 1536 853 relicuus
1564 818 1649 852 nihil

931 874 1026 907 aliud
1053 883 1157 917 quam
1178 873 1320 915 reliquus
1344 871 1403 914 sit,
1418 871 1512 914 quod
1527 870 1649 903 itidem

930 929 1079 968 quatuor
1089 924 1298 967 syllabarum
1313 923 1393 956 olim
1410 921 1490 964 fuit,
1501 926 1541 956 ut
1555 921 1649 964 apud

930 975 1130 1017 Phaedrum,
1146 974 1324 1015 Plautum,
1338 979 1376 1007 et
1392 973 1477 1006 alios
1486 972 1650 1016 frequen·

930 1030 1088 1070 tissime3
1122 1032 1303 1062 contracte
1321 1030 1437 1060 autem
1454 1025 1558 1058 trium
1580 1025 1651 1068 syl-

926 1081 1095 1115 labarum.
1141 1079 1230 1114 Aliis
1246 1079 1282 1112 in
1299 1079 1396 1119 locis,
1415 1077 1475 1110 ubi
1498 1080 1650 1110 metrum

926 1133 1050 1177 exigit,
1079 1132 1108 1165 C
1146 1131 1251 1164 etiam
1288 1139 1475 1173 perperam
1514 1137 1579 1172 pro
1618 1127 1650 1165 Q

926 1189 1142 1227 usurpatum,
1155 1183 1240 1217 alibi
1270 1183 1427 1226 pluribus
1442 1180 1650 1214 notavimus.

926 1236 1118 1270 Salmasius
1156 1235 1268 1278 legit:
1312 1234 1400 1267 Tunc
1435 1234 1474 1266 de
1509 1231 1649 1265 relicuit.

928 1288 1022 1322 Gud.

970 1340 1023 1373 De
1035 1337 1183 1382 reliquis]
1200 1339 1308 1380 Lege,
1317 1341 1378 1371 aut
1394 1340 1491 1370 certe
1506 1335 1652 1378 scande,

927 1391 1086 1434 νοῑέφιϊες
1117 1394 1157 1424 ut
1183 1394 1219 1423 et
1244 1388 1336 1423 infra
1359 1388 1419 1423 lib.
1434 1398 1485 1422 ιν.
1510 1387 1653 1422 fab.24.

930 1443 1019 1477 Ritt-

973 1496 1100 1530 Merito
1126 1493 1312 1537 plectimur]
1366 1493 1468 1536 Supr.
1495 1491 1565 1526 fab.
1593 1495 1651 1526 2⁷.

930 1548 1028 1588 Suet.
1057 1547 1162 1588 Vesp.
1187 1548 1242 1579 12.
1273 1545 1284 1563 ‘
1300 1545 1432 1579 Merito
1457 1553 1495 1576 se
1519 1542 1653 1586 plecti.¹

929 1597 1022 1631 Vide
1037 1597 1193 1632 Gronov.
1209 1595 1254 1629 ad
1267 1596 1392 1630 Senec.
1408 1594 1453 1628 de
1468 1593 1596 1629 Benef.
1613 1603 1650 1630 v.

973 1700 1138 1744 Explicit]
1181 1700 1348 1734 Solebant
1371 1704 1512 1734 veteres
1527 1700 1564 1733 in
1578 1699 1649 1734 fine

928 1753 1096 1788 librorum
1118 1753 1273 1787 scribere
1300 1754 1499 1795 Expucrr,
1521 1751 1653 1795 signifi-

929 1814 1010 1839 care
1027 1805 1197 1845 volentes,
1211 1808 1420 1847 perventum
1443 1812 1521 1836 esse
1547 1802 1593 1837 sd
1612 1802 1654 1837 fi·

927 1866 1007 1890 nem
1024 1855 1220 1896 voluminis,
1233 1854 1325 1898 quod
1337 1855 1443 1897 plane
1457 1855 1652 1897 explicatam·

929 1911 1023 1942 esset
1047 1911 1085 1940 et
1107 1907 1297 1940 evolutum.
1344 1906 1580 1950 Hieronymus
1604 1906 1651 1940 ad

930 1959 1160 1993 Marcellam:
1192 1959 1202 1977 ‘
1220 1958 1377 1991 Solemus
1402 1959 1588 2001 completis
1610 1969 1648 1994 o-

931 2010 1084 2054 pusculis
1099 2009 1143 2042 ad
1157 2009 1417 2043 distinctionem
1434 2010 1485 2042 rei
1500 2009 1647 2044 alterius

929 2061 1109 2104 sequentis
1134 2060 1286 2093 medium
1321 2060 1547 2103 interponere
1575 2061 1650 2096 Ex-

930 2122 1062 2157 rucrr,
1095 2116 1156 2146 aut
1187 2113 1399 2155 Faucrrnn,
1423 2117 1484 2147 aut
1518 2113 1650 2157 aliquid

930 2163 1123 2209 ejusmodi:
1156 2164 1260 2199 Quod
1275 2168 1312 2197 et
1326 2173 1389 2197 nos
1405 2173 1556 2208 qnoque,
1566 2165 1650 2200 Leo·

934 2220 1004 2258 tor,
1035 2215 1115 2250 huic
1142 2215 1251 2258 capiti
1284 2224 1510 2258 apponemus,
1539 2220 1578 2253 ut
1604 2215 1650 2251 ad

933 2266 1125 2302 secundum
1142 2271 1367 2300 transeamus.
1391 2265 1506 2301 Faber.
