1806 3236
427 206 632 245 rnAEnm
667 209 776 243 nn.
809 204 1115 243 iusum-Anum
1149 209 1246 242 Lm.
1280 209 1311 240 1.
1341 198 1415 241 15.

179 308 420 346 numanam
431 317 502 343 non
511 306 661 352 rejiciat,
669 316 746 341 eam
753 316 893 350 nempe,

179 357 282 410 quarn
296 361 404 396 habet
418 362 532 404 prima
546 359 655 394 editio
671 359 831 402 Rigaltii,
855 360 892 392 in

177 423 245 458 qu
254 423 318 458 pro
327 413 524 457 impudentia
537 412 667 455 legitur
678 411 893 455 imprudentia

175 468 237 508 ul,
259 465 339 508 boc,
362 465 454 499 sicut
474 465 632 508 loquitur
651 464 739 507 ipse,
765 473 890 496 seusu:

175 516 332 553 ‘Quibus
344 516 539 550 uberrimus
555 520 709 560 quaestus
726 519 792 558 est,
803 516 892 560 quis,

175 569 319 613 quaeso?
351 567 588 612 imprudentia
609 567 792 609 stultitiae3
822 567 844 600 i.
860 577 891 600 e.

175 621 224 654 eis
240 619 473 654 emolumento
494 624 550 653 est
565 619 709 653 aliorum
725 617 893 652 fatuitas!

175 673 225 707 Et
239 676 358 716 posset
373 671 496 716 aliquis
516 670 763 714 imprudentiam
784 669 892 702 stulti-

175 725 233 758 eiae
245 724 295 758 sic
309 724 452 758 credere
469 723 613 766 dictam,
627 732 691 766 pro
707 722 892 755 stultorum

175 774 422 819 imprudentia.
472 773 603 808 Verum
627 773 726 807 nobis
750 773 893 816 placent

176 826 426 871 praecedentia·
469 826 562 859 Sane
583 825 688 859 etiam
712 824 894 857 Freinshe-

175 879 266 912 mius
280 889 291 911 ι
321 878 332 898 ‘
349 879 424 921 Ego
447 876 714 918 non-dubitem,
744 885 766 909 a
791 875 893 908 1²11ae-

178 930 242 963 dro
257 929 424 972 scriptum
439 927 570 961 fuisse:
596 927 737 964 Quorum
750 926 893 961 stultitia

176 980 311 1024 quani
324 979 530 1023 impudentia
540 978 613 1013 est-²
658 978 714 1012 Ita
726 978 817 1011 enim
829 977 892 1019 ibi,

175 1041 244 1065 nou
257 1030 493 1075 imprudentia,
511 1029 734 1064 scribendum
757 1039 836 1063 esse
851 1029 894 1062 li-

178 1086 276 1127 quet.
297 1081 406 1123 Schts.
448 1082 544 1124 Lege
560 1082 702 1119 Quorum
716 1091 734 1114 e
749 1081 891 1115 stultitia

178 1137 317 1178 quanm
328 1133 531 1177 impudentia
551 1136 612 1167 est.
644 1133 770 1167 Heius.
815 1134 892 1176 Ego

175 1186 318 1220 nauata
332 1185 479 1220 ablativi
491 1194 591 1219 casus
607 1193 683 1218 esse
699 1189 832 1229 putem,
856 1189 894 1218 et

175 1240 270 1273 hunc
284 1247 445 1273 nusum:
466 1237 538 1271 Per
551 1247 696 1282 quornm
709 1237 894 1271 stultitiam

176 1292 360 1325 lucrantur
378 1289 622 1333 impudentes:
646 1290 697 1323 ita
712 1289 787 1323 Liv.
803 1298 895 1323 xxv.

178 1345 212 1376 l.
234 1342 246 1361 ‘
263 1341 311 1375 Et
324 1344 481 1384 quaestus
505 1350 550 1374 ex
573 1340 687 1374 alieno
709 1350 827 1374 errore
842 1339 894 1373 fa-

178 1393 255 1427 cilis
269 1397 324 1426 ent
337 1391 360 1426 :'
382 1402 460 1437 quoe
473 1391 700 1426 Heiusianam
714 1391 897 1425 firmarent

177 1443 379 1478 lectionem.
431 1442 470 1476 Si
504 1441 647 1476 stultitia
681 1442 894 1476 nominativo

180 1504 265 1530 casu
278 1494 409 1539 capias,
434 1494 503 1527 erit
517 1493 711 1537 appositio:
735 1493 898 1527 Stultitia

182 1547 328 1581 aliorum
355 1551 412 1580 est
439 1550 592 1591 quaestus
622 1545 898 1590 impudentium:

1573 198 1660 242 381.

946 308 997 342 ita
1013 307 1136 342 Claud.
1152 305 1263 340 Laud.
1275 305 1355 339 Stil.
1371 314 1397 338 1.
1418 307 1474 338 99.
1496 304 1508 324 ‘
1524 305 1662 339 Hector

946 360 1045 393 Irato
1057 359 1210 392 vindicta
1221 357 1301 400 fuit,
1311 358 1365 391 vel
1379 361 1532 401 quaestus
1543 357 1662 391 Achil-

944 411 993 445 li!
1037 411 1211 454 Apposite
1234 411 1353 444 Valer.
1379 410 1476 444 Max.
1492 409 1554 442 lib.
1573 418 1600 442 1.
1627 412 1661 442 3.

946 464 991 497 de
1007 463 1178 497 Chaldaeis
1192 474 1201 496 z
1224 463 1234 482 ‘
1253 462 1404 496 Levibus
1419 465 1457 495 et
1472 461 1599 504 ineptis
1614 460 1665 494 in-

944 513 1190 559 geniis‚fallaci
1200 514 1350 547 siderum
1361 512 1666 556 interpretatione,

946 570 1181 611 quaestuosam
1194 566 1383 599 mendaciis
1395 565 1466 598 suis
1478 564 1664 608 caliginem

945 619 1162 662 injicientes.’
1183 618 1302 651 Burm.

993 671 1136 707 Quorum
1150 669 1300 702 stultitiae
1313 672 1451 712 quaestus
1464 668 1663 712 impudentia

945 721 1008 764 est]
1033 722 1102 754 Ms.
1117 721 1345 764 imprudentia,
1359 721 1492 763 probe!
1517 730 1600 754 nam
1614 719 1664 753 fa-

946 773 1102 815 tebatur,
1127 782 1194 805 non
1220 773 1231 791 ‘
1246 773 1330 805 artis
1353 773 1424 806 ulla
1438 772 1613 805 medicum
1626 781 1664 805 se

947 825 1136 868 prudentia
1150 824 1171 865 ;'
1192 818 1351 867 ‘respicit
1376 824 1497 868 itaque
1523 823 1665 870 demen-

948 877 1031 910 tiam
1062 879 1099 909 et
1127 875 1310 908 stultitiam
1346 885 1478 917 eorum,
1517 885 1665 919 quorum

947 938 1068 961 errore
1095 932 1135 961 et
1163 926 1402 970 imprudentia
1429 930 1583 970 quaestus
1609 930 1666 960 est

946 980 1122 1022 stultitiae,
1167 983 1205 1012 et
1242 978 1429 1021 imperitiae
1467 977 1563 1012 artis.
1607 977 1667 1011 Ita

946 1033 1116 1066 Phaedrus
1132 1041 1173 1066 ιι.
1186 1035 1219 1066 3.
1234 1034 1268 1064 6.
1284 1031 1425 1064 dixerat
1447 1030 1458 1050 ‘
1477 1030 1666 1064 Praemium

947 1087 1000 1117 est
1015 1083 1155 1127 culpae.'
1200 1083 1257 1116 Sic
1272 1083 1395 1116 eodem
1417 1092 1519 1115 sensu
1534 1082 1596 1116 lib.
1612 1091 1665 1115 w.

948 1134 1020 1168 fab.
1034 1138 1067 1168 3.
1112 1138 1121 1154 ‘
1139 1134 1265 1177 Itaque
1281 1134 1374 1176 quod
1398 1134 1587 1167 multorum
1612 1132 1667 1166 fu-

949 1191 1051 1230 gerat
1065 1185 1358 1229 imprudentiam!
1400 1185 1503 1228 Saepe
1520 1184 1668 1218 confun-

948 1237 1044 1271 ditur
1059 1241 1176 1278 autem
1203 1237 1418 1279 imprudentia
1445 1241 1483 1269 et
1506 1236 1669 1279 impuden-

948 1288 1008 1322 tia.
1051 1288 1110 1321 Sic
1126 1288 1216 1321 Caes.
1232 1287 1276 1321 de
1292 1288 1385 1320 Bell.
1401 1288 1502 1320 Civil.
1527 1288 1588 1321 lib.
1605 1297 1666 1322 111.

949 1342 959 1358 ‘
975 1339 1139 1382 Integras
1165 1348 1249 1373 vero
1284 1344 1407 1372 tenere
1436 1339 1668 1382 possessiones

948 1390 1007 1434 qui
1022 1400 1059 1423 se
1075 1390 1206 1423 debere
1222 1389 1415 1432 fateantur,
1436 1390 1532 1433 cujus
1549 1391 1669 1433 animi,

949 1446 1011 1476 aut
1026 1442 1124 1485 cujus
1138 1441 1367 1485 impudentiae
1390 1447 1443 1475 est
1455 1442 1478 1474 ?’
1523 1442 1581 1475 Sic
1596 1451 1669 1476 me-

950 1495 1055 1527 liores
1078 1494 1147 1527 Ms.
1170 1494 1349 1537 plerique;
1375 1498 1412 1526 at
1438 1494 1551 1536 Bong.
1575 1498 1668 1528 teste

954 1546 1066 1579 codex
1081 1554 1204 1579 recens
1218 1545 1453 1588 imprudentia».
1488 1544 1581 1579 Gud.

714 1807 975 1859 FABULA
1025 1811 1141 1858 XV.

227 1959 351 1995 Anium
370 1961 415 1995 ad
432 1970 538 1995 senem
560 1959 746 2002 Pastorem]
767 1960 900 1993 Eodem

185 2011 260 2047 fere
284 2012 389 2047 modo
410 2012 591 2046 fabulatur
606 2011 828 2046 Camerarius
855 2011 901 2043 de

186 2063 295 2098 Asino
310 2067 349 2098 et
361 2064 494 2107 Vitulo,
507 2074 542 2107 p.
557 2067 633 2097 232.

231 2117 249 2148 1
274 2115 316 2148 In
336 2115 520 2158 principatu
543 2116 758 2149 commutando
773 2112 906 2156 soepius]

186 2165 230 2200 Iu
255 2166 324 2200 Ms.
349 2167 490 2210 legitur,
517 2176 580 2210 pro
607 2166 735 2210 soepius,
763 2166 905 2204 civim,-

188 2218 281 2261 quod
302 2218 449 2262 probum
471 2222 538 2262 est,
564 2218 713 2251 alterum
739 2228 761 2250 a
781 2217 906 2260 glossa-

189 2274 267 2304 tore
282 2270 509 2314 adscriptum.
554 2271 764 2314 Principum
777 2269 906 2312 eiciunt,

189 2324 230 2354 nt
244 2321 254 2339 ‘
263 2321 434 2364 Princeps
444 2322 570 2355 civium
579 2321 589 2337 '
597 2322 633 2354 in
643 2321 795 2363 Inscrip.
807 2321 904 2353 Sutr.

189 2371 282 2414 apud
306 2371 452 2406 Gruter.
482 2383 518 2416 p.
542 2375 620 2406 355.
645 2375 677 2406 3.
704 2372 715 2391 ‘
731 2372 904 2414 Princeps

188 2421 416 2466 Sabinorum‚'
437 2428 477 2457 ut
492 2424 687 2457 notavimus
700 2423 745 2457 ad
760 2423 905 2457 Gruteri

192 2475 355 2518 paginam
370 2478 447 2509 305.
461 2478 495 2509 7.
540 2475 622 2508 Vid.
638 2475 731 2518 apud
747 2475 850 2507 Grut.
867 2485 904 2518 p.

190 2529 268 2560 4⁷2.
283 2530 316 2561 4.
331 2528 390 2562 ubi
414 2531 424 2547 ‘
438 2528 608 2570 Princeps
622 2527 784 2561 Civitatis
800 2527 907 2560 Nico-

191 2578 446 2621 politanam-um?
475 2579 604 2622 Itaque
615 2578 777 2622 principes
790 2577 908 2611 civium

161 2633 165 2636 ⁴
195 2629 405 2664 dicebantur
431 2631 599 2674 primores
625 2630 792 2664 civitatis.
819 2630 907 2663 Caes.

196 2682 240 2715 de
250 2682 345 2724 Bell.
360 2683 454 2717 Gall.
469 2683 528 2716 lib.
543 2691 578 2717 v.
599 2685 632 2717 4.
656 2683 667 2702 ‘
682 2682 909 2725 Principibus

196 2732 417 2767 Trevirorum
430 2734 473 2767 ad
485 2744 522 2767 se
535 2732 760 2768 convocatis!
798 2732 910 2776 Atqui

195 2783 231 2816 hi
248 2784 424 2828 principes
442 2786 567 2819 Tacito
591 2785 726 2818 Histor.
742 2794 777 2818 v.
792 2784 911 2827 appel·

198 2835 313 2868 lantur
327 2835 507 2871 Senatores.
549 2836 640 2870 Vide
662 2836 764 2879 plura
780 2835 823 2869 ad
839 2834 911 2869 fab.

955 1961 1009 1992 31.
1031 1957 1133 2000 hujus
1148 1955 1253 1998 libri;
1272 1955 1331 1989 hic
1355 1959 1471 1989 autem
1494 1964 1564 1988 non
1586 1959 1674 1998 puto

956 2009 1000 2041 de
1016 2008 1077 2041 tali
1092 2007 1290 2050 principatu
1305 2007 1434 2039 civium
1451 2007 1518 2048 agi,
1540 2006 1601 2039 aed
1616 2016 1675 2039 vo-

956 2072 1034 2096 cem
1061 2062 1177 2094 civium
1199 2060 1419 2093 referendam
1446 2059 1490 2092 ad
1508 2069 1677 2102 pauperes,

957 2117 998 2147 ut
1021 2122 1174 2156 pauperes
1202 2112 1320 2144 civium
1345 2111 1506 2144 dicantur
1532 2110 1676 2154 plebeii,

956 2165 1117 2206 humiles,
1140 2163 1261 2197 eodem
1283 2162 1388 2196 modo
1404 2167 1444 2195 ut
1458 2161 1581 2204 Virgil.
1596 2161 1674 2194 AEn.

956 2217 1019 2250 lib.
1037 2226 1087 2249 ιν.
1102 2215 1203 2258 dixit,
1224 2215 1234 2233 ‘
1250 2215 1380 2248 Sancte
1405 2213 1582 2246 Deorum.'
1630 2215 1677 2246 Et

959 2267 1052 2302 Plin.
1075 2266 1087 2285 ‘
1103 2267 1273 2299 Lanarum
1298 2265 1407 2308 nigrae
1433 2264 1564 2297 nullum
1585 2264 1677 2298 colo-

958 2328 1032 2352 rem
1048 2317 1200 2351 bibunt!
1227 2317 1315 2350 Gud.

1002 2367 1212 2411 Principatu]
1237 2367 1441 2400 Generatim
1456 2367 1505 2400 sic
1522 2366 1678 2409 appellat

958 2421 1143 2465 imperium
1156 2420 1313 2463 quodvis.
1336 2418 1442 2458 Schef.
1487 2418 1599 2450 Immo
1610 2417 1680 2450 Ro·

960 2486 1079 2509 manos
1096 2474 1254 2516 respicit,
1278 2482 1421 2516 quorum
1448 2472 1678 2513 imperatores

961 2527 1074 2561 adhuc
1091 2526 1259 2568 Principes
1273 2533 1317 2557 ex
1341 2523 1492 2565 Augusti
1517 2522 1678 2555 instituto

962 2578 1185 2618 dicebantur,
1200 2581 1239 2609 ut
1255 2575 1488 2608 notissimum.

1006 2629 1148 2672 Saepius]
1170 2629 1239 2669 Sic,
1251 2630 1382 2670 praeter
1394 2625 1561 2667 Fabrum,
1570 2631 1608 2658 et
1622 2625 1680 2658 Ri-

966 2682 1091 2725 galtius
1106 2680 1259 2713 editione
1282 2682 1468 2721 postrema,
1489 2680 1527 2709 et
1548 2677 1681 2709 Ritter-

964 2733 1099 2765 shusius
1116 2740 1265 2775 quoque.
1315 2729 1361 2761 At
1382 2738 1466 2761 vero
1489 2728 1604 2762 media
1620 2729 1681 2762 Ri-
1707 2761 1709 2763 ,

967 2783 1065 2826 galtii
1078 2792 1140 2825 pro
1148 2792 1190 2814 eo
1197 2781 1302 2813 habet
1312 2780 1439 2822 civium,
1448 2778 1539 2822 quod
1549 2779 1683 2822 ignoro,

966 2844 1027 2869 cur
1039 2834 1209 2877 rejectum
1223 2831 1342 2867 fuerit.
1371 2831 1462 2865 Sane
1476 2830 1518 2864 ad
1531 2829 1681 2864 eundem
