1806 3236
398 232 601 268 ermom
635 231 746 264 mn.
778 227 1084 263 AESOPIARUM
1118 228 1218 261 mn.
1250 227 1328 260 1-11.
1359 216 1404 260 1.

162 339 354 377 Gronovius
365 343 476 382 certe,
491 339 551 383 qui
564 348 650 371 unus
669 337 778 371 instar
801 346 872 369 om-

160 393 255 429 nium
275 396 343 435 est,
365 401 444 425 cum
460 390 511 425 illi
534 390 620 423 hanc
635 387 872 422 emendatiun-

159 443 438 479 enl'smnostram
461 442 663 483 indicarem,
679 444 798 474 auctor
812 449 872 472 no-

159 495 216 531 bis
237 494 317 538 fuit,
330 499 370 528 ut
382 494 432 528 ita
454 494 629 527 ederetur.
673 491 873 535 Alloquitur

158 552 276 588 autem
289 547 499 590 amphoram,
513 555 659 588 eamque
673 554 758 576 anus
778 543 872 576 vino·

155 599 256 633 lenta
273 609 386 633 rerum
402 598 554 632 omniurn
578 596 789 630 carissimam
803 594 870 627 *du-

159 659 257 694 cens,
267 655 305 684 et
313 650 476 684 delicium
484 659 582 682 suum
590 647 735 689 faciens,
743 646 871 679 blande

156 713 284 737 mrem
308 702 446 736 unionum
471 701 650 744 appellat;
674 699 807 732 scilicet
831 702 872 731 ut

160 755 286 788 Cicero
304 753 488 787 carissimis
509 753 579 785 suis
594 751 761 792 scribens,
779 750 788 768 ‘
800 750 870 783 Vos

159 806 280 840 animae
295 803 541 847 meae,’inquit.
576 803 635 839 Sic
649 802 778 835 devota
792 800 871 834 vino

158 857 276 891 vetula
311 856 524 899 amphoram,
561 854 668 889 veluti
694 853 872 886 corculum

159 910 342 954 amplexa:
382 909 414 942 O
445 917 551 941 suave
579 908 675 940 olens
702 905 869 938 animula!

159 960 287 1005 inquit,
309 960 428 1004 quales
455 958 612 1002 delicias,
642 958 745 1001 quale
770 957 806 991 in
834 961 871 990 te

160 1012 288 1046 bonum
303 1011 450 1045 antehac
470 1010 575 1045 fuisse
598 1009 724 1051 dicam,
748 1009 782 1040 in
805 1018 872 1052 qua

159 1064 250 1098 tales
275 1068 354 1097 sunt
384 1062 551 1107 reliquiae,
587 1065 625 1094 et
650 1059 758 1094 faeces
784 1060 870 1102 ipsae

158 1115 312 1149 divinum
348 1114 519 1158 quendam
553 1112 693 1146 odorem
716 1111 870 1154 spirant!

158 1165 338 1200 Scheffero
367 1165 505 1199 videtur
536 1175 622 1198 anns
656 1164 724 1196 illis
756 1163 871 1197 verbis

157 1209 299 1252 odorem
323 1218 463 1262 alloqui,
484 1227 552 1261 quo
572 1216 656 1249 nihil
678 1220 733 1249 est
754 1215 872 1248 absur-

158 1269 249 1304 dius.
292 1270 442 1304 Videtur
455 1273 572 1303 autem
588 1267 760 1301 Phaedrus
781 1268 870 1301 hanc

156 1319 310 1355 fabulam
332 1321 543 1364 expressisse
571 1329 615 1352 ex
641 1319 758 1352 Plauti
781 1319 872 1361 loco,

123 1412 126 1416 ¹
157 1373 217 1418 qui
233 1377 289 1407 est
313 1376 383 1407 act.
400 1382 425 1407 1.
445 1383 492 1406 sc.
508 1375 541 1405 2.
566 1371 797 1413 Curculionis‚
811 1371 871 1404 ubi

157 1424 203 1458 de
233 1425 379 1459 muliere
411 1424 496 1466 vini,
527 1434 633 1466 supra
672 1432 773 1466 quam
802 1422 870 1455 dici

155 1476 407 1522 potest,avida‚
418 1477 469 1509 ita
479 1476 613 1519 inquit:
630 1475 639 1494 ‘
652 1476 732 1508 Flos
744 1475 872 1508 veteris

157 1526 229 1561 vini
242 1527 327 1560 meis
341 1527 482 1560 naribus
503 1527 659 1570 objectus
685 1531 750 1559 est.
787 1526 871 1568 Ejus

158 1587 253 1611 amos
283 1577 444 1621 cupidam
470 1588 526 1612 me
552 1579 619 1611 huc
644 1577 783 1620 impulit
809 1588 873 1621 per

158 1631 330 1664 tenebras.
359 1631 431 1669 Ubi
446 1630 505 1663 ubi
517 1631 592 1663 est?
620 1640 731 1673 prope
741 1639 794 1662 me
805 1633 871 1665 est.

156 1683 255 1717 Evax
266 1683 386 1716 habeo.
421 1683 538 1724 Salve,
551 1683 663 1716 anime
677 1682 739 1723 mi,
755 1681 873 1715 Liberi

154 1735 266 1778 lepos.
297 1733 348 1768 Ut
361 1734 489 1767 veteris
500 1733 629 1767 vetusti
638 1733 764 1776 cupida
776 1734 868 1768 sum!

154 1784 248 1818 Nam
272 1785 423 1819 omnium
446 1789 660 1827 unguentum
685 1784 772 1817 odor
797 1794 870 1827 prae

155 1841 216 1870 tuo
231 1841 360 1870 nautea
385 1841 449 1870 est.
493 1836 549 1869 Tu
575 1837 655 1869 mihi
680 1840 808 1878 stacte,
832 1841 871 1869 tu

155 1887 421 1932 cinnamomum,
442 1892 479 1921 tu
501 1898 594 1930 rosa,
615 1888 665 1920 Tu
682 1887 871 1929 crocinum,

154 1942 194 1972 tu
217 1939 309 1972 casia
330 1949 382 1980 es,
406 1943 445 1972 tu
471 1938 650 1972 bdellium.
695 1939 785 1971 Nam
810 1938 870 1971 ubi

154 1989 206 2024 Tu
222 1989 407 2033 profusus,
434 1990 484 2023 ibi
521 2000 586 2032 ego
623 1999 678 2022 me
704 1989 870 2031 pervelim

154 2041 351 2084 sepultam!
395 2041 466 2075 Ubi
480 2041 598 2074 multis
620 2041 747 2073 amoris
771 2050 872 2073 voca-

155 2092 247 2127 bulis
262 2094 379 2126 vinum
395 2093 595 2136 alloquitur.
620 2093 706 2126 Quis
721 2102 871 2136 unquam

157 2144 303 2185 audivit,
331 2143 439 2178 virilis
463 2154 565 2177 sexus
592 2145 742 2187 aliquem
772 2149 870 2177 tanto

155 2196 229 2229 vini
252 2205 368 2229 amore
382 2194 542 2239 flagrare,
557 2199 596 2228 ut
618 2195 702 2228 illud
715 2196 872 2238 appellet

154 2257 254 2281 suum
278 2257 352 2289 cor,
379 2257 476 2280 suam
506 2247 668 2290 animam,
687 2248 773 2280 &c.?
808 2247 870 2280 sed

155 2297 307 2337 fce‘minae
335 2298 471 2332 Graecae
494 2302 531 2332 et
553 2298 686 2331 Latinae
706 2298 871 2332 amabant

154 2350 378 2387 vehementer
398 2349 525 2382 vinum.
569 2349 672 2382 Pleni
691 2354 770 2382 sunt
793 2350 869 2392 ejus

153 2401 206 2435 rei
232 2401 415 2444 utriusque
429 2401 556 2443 linguae
580 2401 708 2444 poetae,
734 2402 871 2445 Euripi-

153 2453 227 2496 des,
249 2451 516 2495 Aristophanes,
537 2447 695 2492 Plautus,
717 2453 871 2487 Juvena-

154 2505 211 2547 lis,
220 2505 281 2548 qui
292 2503 466 2537 foeminam
479 2510 658 2547 comparat
672 2506 824 2548 serpenti
834 2507 871 2539 in

83 2534 85 2537 Ι
125 2571 128 2575 ·
155 2557 229 2593 Sat.
245 2559 279 2596 6.,
302 2557 312 2576 ‘
325 2557 502 2600 Tanquam
517 2558 588 2591 alta
599 2557 633 2589 in
646 2558 736 2591 dolia
747 2559 870 2602 longus

156 2607 340 2642 Deciderit
370 2618 525 2650 serpens,
554 2608 645 2642 bibit
675 2613 712 2642 et
739 2610 870 2644 vomit!

155 2659 388 2697 Similitudine
418 2659 518 2693 valde
546 2661 725 2695 concinna.
779 2663 871 2696 Nam

156 2709 292 2744 Plinius
317 2710 379 2748 lib.
405 2719 440 2744 x.
466 2713 521 2747 ⁷2.
545 2715 582 2744 et
607 2711 668 2746 lib.
694 2721 789 2750 xxu.
814 2716 871 2748 23.

155 2761 290 2804 scribit,
313 2767 496 2805 serpentes
512 2763 612 2796 valde
628 2769 797 2807 appetere
823 2765 871 2799 vi·

155 2822 249 2846 num.
304 2812 474 2857 Tempore
501 2815 742 2860 Hippocratis,
769 2816 871 2860 longe

156 2867 237 2900 ante
260 2863 447 2899 Poetarum
472 2866 609 2900 illorum
633 2870 801 2913 tempora,
822 2869 871 2902 vi-

1552 213 1640 258 485

921 335 1049 368 dentur
1062 333 1170 368 fuisse
1194 334 1303 377 magis
1329 331 1466 372 sobriae,
1481 329 1564 374 quia
1587 340 1640 364 re-

922 385 1005 428 fert,
1021 395 1079 418 eas
1095 394 1209 428 neque
1225 383 1379 428 podagra
1393 381 1567 425 laborare,
1582 390 1641 415 ne·

923 447 990 481 que
1002 438 1119 471 calvas
1134 435 1222 470 fieri.
1259 436 1346 468 Gud.

964 489 1098 532 Anima]
1129 487 1286 520 Odorem
1308 485 1489 529 intelligit,
1513 485 1557 518 de
1574 495 1642 528 quo

922 544 1003 573 ante
1013 539 1141 582 Virgil.
1155 538 1262 572 Geor.
1275 547 1318 571 ιι.
1330 538 1372 571 de
1383 538 1519 571 Lauro:
1535 537 1544 555 ‘
1561 536 1644 570 Ani-

920 602 994 625 mas
1031 596 1070 625 et
1105 590 1238 624 olentia
1268 589 1367 623 Medi
1406 589 1482 623 Ora
1516 587 1642 621 fovent

920 642 1003 677 illo.’
1046 641 1303 675 Freinshemius
1320 635 1356 674 in
1368 640 1493 674 Indice
1508 639 1638 672 vertit:

922 693 1093 746 atheim
1126 704 1162 737 id
1197 708 1262 747 est,
1296 703 1455 746 spiritum
1482 702 1641 744 vitalem,

921 755 1013 798 quod
1032 755 1099 788 huc
1115 755 1233 789 nescio
1249 756 1307 798 qui
1330 755 1438 798 possit
1451 754 1637 802 quadrare.

921 807 991 840 Sed
1021 817 1086 840 nec
1113 807 1158 840 ad
1188 807 1386 850 exemplum
1418 805 1549 845 Plauti,
1583 805 1642 849 qui

921 860 932 877 ‘
949 859 1111 892 Animam
1127 859 1244 902 putei'
1282 869 1346 902 pro
1369 867 1460 902 aqua
1483 857 1641 901 posuisse

923 910 1063 952 dicitur,
1077 911 1152 953 ipse
1165 910 1237 943 vini
1257 910 1370 953 liquor
1392 914 1509 952 potest
1531 909 1642 951 expli-

922 962 1008 1005 cari,
1017 962 1234 1006 utRigaltius
1245 961 1502 1004 suspicabatur.
1522 960 1644 994 Animo

922 1018 975 1045 est
1001 1013 1094 1045 idem
1121 1011 1199 1046 cum
1222 1013 1360 1056 spiritu,
1386 1016 1423 1045 at
1452 1011 1539 1046 odor
1565 1021 1643 1047 sese

922 1066 1056 1107 spargit
1089 1075 1153 1108 per
1189 1065 1373 1108 spirituum
1412 1064 1643 1098 diffusionem.

923 1116 1027 1149 Unde
1049 1116 1136 1149 illud
1153 1117 1246 1159 apud
1263 1117 1453 1150 Catullum.
1478 1117 1488 1135 ‘
1511 1117 1642 1149 Suaves

922 1168 1103 1211 exspirans
1118 1168 1241 1201 odores
1254 1169 1289 1200 in
1304 1167 1450 1211 Argon:
1474 1168 1597 1210 Schff

968 1219 1102 1255 Qualem
1136 1222 1168 1252 te
1199 1220 1302 1252 dicam
1331 1219 1458 1261 bonam]
1506 1220 1644 1253 Blande

922 1271 1113 1313 compellat
1128 1271 1341 1313 amphoram,
1362 1270 1462 1314 quasi
1483 1270 1643 1304 diceretz

923 1321 955 1354 Ο
964 1321 1088 1354 bonam
1104 1322 1316 1365 amphoram,
1327 1322 1465 1365 qualem
1478 1325 1514 1354 te
1526 1321 1642 1355 dicam

921 1374 1001 1406 olim
1022 1372 1143 1415 fuisse,
1168 1374 1256 1407 tales
1272 1384 1350 1407 cum
1373 1374 1443 1407 sint
1465 1377 1535 1406 tuae
1562 1374 1643 1406 reli-

921 1425 1027 1468 quiae!
1044 1426 1194 1458 Ennius:
1208 1427 1217 1444 ⁴
1229 1426 1406 1468 Tarquinii
1418 1435 1543 1468 corpus
1551 1425 1645 1458 bona

921 1475 1064 1509 foemina
1076 1476 1163 1509 lavit
1180 1480 1216 1509 et
1233 1475 1358 1509 unxit.²
1382 1477 1431 1509 Et
1445 1476 1479 1508 in
1492 1476 1641 1510 vetustis

920 1529 1158 1571 sepulcrorum
1171 1528 1471 1570 inscriptionibus:
1484 1537 1643 1561 comvot

925 1588 1048 1619 BONAE,
1073 1589 1174 1612 mmo
1203 1588 1317 1622 Bono,
1349 1588 1495 1612 nomm
1525 1588 1642 1621 Bono,

923 1639 1033 1664 BONAE
1056 1639 1257 1673 mamonae,
1282 1635 1319 1663 et
1343 1631 1410 1664 alia
1433 1631 1639 1676 hujusmodi.

924 1682 1006 1723 Rig.

968 1733 1102 1771 Qualem
1112 1737 1144 1766 te
1155 1733 1257 1766 dicam
1267 1733 1394 1775 bonam]
1419 1733 1645 1767 Rittershusii

921 1793 991 1816 non
1027 1783 1189 1817 adhaereo
1230 1785 1438 1818 sententiae:
1477 1786 1487 1803 ‘
1512 1785 1645 1819 Debuit

921 1834 1200 1878 dicere,’iuquit,
1223 1835 1233 1854 ‘
1253 1846 1356 1879 quam
1372 1836 1497 1868 bonam
1513 1836 1533 1876 3⁷
1550 1836 1645 1880 (pro,

921 1887 1057 1930 qualem
1079 1885 1221 1930 bonam)
1252 1888 1262 1905 ‘
1278 1887 1339 1920 sed
1356 1887 1495 1920 videtur
1521 1887 1565 1920 de
1592 1888 1644 1920 in—

921 1939 1056 1972 dustria
1076 1940 1126 1972 sic
1148 1941 1285 1973 locutus
1309 1951 1398 1983 esse,
1413 1945 1452 1974 ut
1473 1941 1512 1973 τὸ
1527 1940 1645 1983 πρέπον

920 1990 955 2022 in
972 2001 1040 2022 anu
1057 1991 1196 2024 ebriosa
1219 1995 1257 2024 et
1280 1993 1486 2034 temulenta,
1501 1993 1559 2025 cui
1583 1993 1646 2025 lin-

921 2050 988 2083 gua
1010 2041 1046 2074 in
1071 2041 1151 2074 vino
1177 2047 1319 2075 nataret
1343 2047 1449 2086 atque
1475 2044 1644 2087 lapsaret,

922 2090 1126 2124 observasse
1165 2092 1369 2127 videretur?
1429 2094 1520 2128 Haec
1559 2095 1645 2128 talia

922 2146 1058 2175 certum
1075 2147 1130 2175 est
1154 2153 1174 2175 a
1197 2144 1376 2179 veteribus
1403 2156 1472 2179 non
1494 2148 1643 2189 captari.

921 2194 974 2226 Ut
999 2194 1146 2232 mittam,
1170 2195 1262 2238 quod
1298 2205 1399 2229 anum
1428 2201 1510 2230 tunc
1537 2197 1643 2232 fuisse

923 2245 1163 2288 temulentam,
1179 2247 1274 2279 nulla
1297 2253 1382 2280 nota
1397 2248 1567 2283 Phaedrus
1592 2250 1644 2283 in-

922 2296 1031 2330 dicet.
1077 2298 1194 2331 Quare
1218 2297 1454 2342 conjeceram,
1467 2310 1560 2343 quam
1579 2304 1644 2334 tete

920 2347 969 2390 (a,
986 2345 1078 2391 tute)
1089 2348 1192 2380 dicam
1203 2347 1314 2381 bonam
1324 2359 1338 2387 ;
1360 2359 1464 2394 quum
1478 2351 1580 2384 video
1597 2351 1642 2385 ab

922 2398 1153 2432 eruditissimo
1166 2399 1345 2432 Gronovio
1357 2401 1544 2443 repositum
1555 2413 1643 2445 esse,
1687 2439 1692 2445 ,

922 2454 1075 2498 quantum
1098 2451 1218 2486 bonam.
1271 2450 1423 2485 Observ.
1449 2452 1484 2485 in
1509 2453 1642 2497 Script-

921 2502 1018 2535 Eccl.
1036 2512 1115 2545 cap.
1131 2506 1184 2535 15.
1209 2504 1244 2545 p.
1260 2505 1334 2536 158.
1358 2504 1494 2537 Prasch.
1530 2506 1644 2540 Miror

922 2563 990 2586 non
1010 2553 1118 2587 fuisse
1149 2558 1334 2597 purgatum
1367 2554 1458 2587 hunc
1487 2555 1599 2589 locum
1622 2568 1643 2590 a

922 2608 977 2637 tot
989 2604 1196 2638 doctissimis
1207 2604 1302 2646 viris,
1313 2605 1373 2648 qui
1386 2607 1533 2639 antehac
1543 2607 1643 2641 1³11ae-

923 2658 1021 2690 drum
1061 2658 1269 2698 ediderunt;
1312 2659 1413 2701 lego:
1455 2661 1576 2702 qualem
1610 2665 1644 2696 te

922 2711 1040 2753 dicam,
1060 2709 1165 2743 bona?
1207 2710 1357 2744 Solenne
1389 2711 1481 2744 enim
1507 2713 1642 2748 Latinis

923 2761 1154 2804 scriptoribus
1166 2761 1199 2793 in
1210 2762 1403 2804 hujusmodi
1412 2763 1643 2809 προσ-φωνήσει,

922 2813 931 2831 ‘
950 2813 982 2846 Ο
1001 2813 1115 2854 bone,’
1148 2813 1160 2831 ‘
1178 2812 1209 2846 O
1226 2813 1337 2854 bona,'
1361 2814 1504 2856 Plauto,
1524 2816 1641 2849 Hora-

924 2863 987 2908 tio,
1014 2864 1150 2898 Persio.
1197 2864 1255 2899 Ita
1286 2865 1405 2900 Graec.
1436 2864 1460 2899 ὦ
1488 2866 1589 2911 wast,
1616 2866 1640 2900 ὣ
