1806 3236
111 479 119 488 '
183 479 335 514 artifici!

181 222 267 287 ³80

182 331 306 372 genter
328 327 371 361 de
394 337 434 361 eo
455 327 617 371 judicat:
642 338 720 361 cum
743 327 883 362 interim

182 388 283 413 nemo
296 388 340 411 ne
353 378 532 420 imaginem
545 378 681 421 quidem
693 389 788 412 suam
800 389 889 413 com-

184 431 304 463 mittat
321 429 540 472 pingendam,
555 430 618 462 nisi
635 430 780 472 probato
795 431 889 473 prius

382 480 518 512 Deinde
542 480 739 523 subjungit:
773 483 783 499 ⁴
799 482 891 517 Quia

185 535 267 564 sunt
281 530 434 573 quidam,
449 530 508 573 qui
524 532 632 573 pluris
648 532 773 575 omnia,
789 544 890 577 quam

184 582 341 624 seipsos,
366 582 559 615 aestimant?
593 583 675 625 Εἰς.

242 633 446 676 Calceandos]
491 634 624 667 Calceis
663 635 894 678 instruendos,

184 686 397 719 muniendos.
434 687 587 720 Probum
609 688 765 722 verbum.
803 690 893 726 Nam

186 742 223 771 et
259 738 421 779 Plautus,
467 738 623 781 quamvis
669 749 732 782 per
762 740 895 783 Jocum,

185 790 196 807 ‘
213 791 348 823 Dentes
363 790 555 824 calceatos'
579 791 667 824 dixit
683 791 718 824 in
735 792 838 835 Capt.
859 796 896 826 et

183 840 194 858 ‘
211 840 376 874 Calceare
390 841 515 874 soccis'
534 846 677 885 usurpat
689 843 824 876 Plinius
851 853 896 877 ex

188 891 346 925 Varrone
363 892 423 926 lib.
438 901 570 927 xxxw.
585 896 617 926 5.
639 894 746 934 Sches.

233 943 414 985 Commisit]
439 944 481 977 In
496 944 649 977 editione
663 945 845 979 Pithoeana
860 949 897 979 et

189 993 469 1028 Rittershusiana
484 1000 539 1028 est
559 997 761 1030 commiserit.
808 997 896 1030 Cen-

186 1054 246 1078 seo
271 1046 469 1088 legendum,
492 1057 580 1080 nemo
601 1048 772 1082 commissit
791 1050 897 1091 pedes.

189 1097 237 1129 Et
252 1101 305 1130 est
320 1097 494 1139 ἆρχαΐσμδς
508 1098 714 1142 notissimus,
737 1110 800 1142 pro
815 1110 896 1133 com·

187 1147 323 1180 miserit.
355 1150 487 1182 Meurs.
540 1150 755 1193 Conjiciebat
778 1152 895 1184 Meur-

189 1199 258 1232 sius
272 1200 452 1234 commissit.
496 1202 543 1234 Et
567 1212 649 1235 sane
673 1203 723 1236 ita
745 1204 898 1245 postulat

188 1250 339 1292 purioris
363 1251 561 1285 Latinitatis
586 1253 685 1286 ratio.
739 1254 796 1287 Ita
815 1264 897 1296 pug-

190 1300 291 1334 nassit
302 1311 378 1344 pro,
388 1302 617 1344 pugnaverit;
639 1305 811 1337 commossit
823 1313 898 1346 pro,

190 1352 434 1394 commoverit;
471 1357 507 1385 et
534 1353 601 1386 alia
632 1353 669 1386 id
702 1364 810 1396 genus
839 1354 899 1387 ὅσα

190 1402 283 1436 novas.
317 1403 398 1436 Fab.
442 1404 615 1437 Meursins
630 1405 747 1439 mallet
760 1407 900 1439 commis-

190 1454 247 1493 sit,
272 1453 424 1496 antique,
449 1465 512 1497 pro
535 1457 734 1490 commiserit.
787 1458 901 1490 Faber

190 1504 327 1546 probat,
350 1505 467 1548 itaque
483 1506 532 1539 ait
555 1508 730 1548 postulare
751 1508 900 1551 purioris

193 1554 390 1588 Latinitatis
403 1556 582 1589 rationem.
626 1558 774 1592 Videtur
785 1563 902 1592 tamen

192 1608 230 1638 et
245 1611 388 1649 recepta
403 1607 507 1641 lectio
519 1618 621 1650 posse
635 1613 726 1643 stare
741 1610 810 1644 isto
827 1620 902 1644 sen-

192 1668 253 1690 su:
286 1659 357 1691 Vos
377 1669 466 1692 nunc
492 1661 525 1692 ei
550 1661 764 1695 committitis
786 1662 904 1704 capita

194 1713 322 1749 vestra,
348 1710 404 1743 cui
429 1720 529 1744 nemo
557 1712 706 1745 antehac
732 1713 904 1746 commisit

194 1760 314 1802 pedes.
370 1762 526 1794 Eandem
565 1762 671 1795 fuisse
711 1763 816 1795 etiam
849 1763 902 1796 cl.

195 1810 420 1843 Freinshemii
442 1813 662 1853 sententiam,
687 1813 787 1846 video
811 1823 903 1846 nunc

195 1871 239 1894 ex
254 1862 345 1894 notis
358 1863 430 1904 ejus
442 1863 486 1895 ad
498 1863 588 1896 hunc
600 1864 815 1906 scriptorem,
825 1868 904 1907 post

195 1912 304 1954 ipsius
321 1912 453 1946 obitum
465 1914 661 1957 publicatis,
674 1919 779 1958 atque
789 1916 903 1948 laetor.

199 1962 372 1995 Caeterum
397 1965 589 1997 committere
613 1975 708 2008 spem
733 1965 906 2008 significat

198 2017 235 2045 et
260 2012 431 2047 fiduciam.
477 2015 536 2048 Sic
559 2015 620 2049 inf.
637 2026 679 2049 ιι.
705 2026 736 2050 ο.
750 2019 783 2050 8.
804 2017 815 2035 ‘
832 2016 905 2049 1-10-

197 2064 395 2107 minumque
435 2069 528 2100 tecto
572 2067 732 2109 spiritum
765 2067 906 2101 commi-

200 2114 311 2157 seris?
343 2116 448 2156 Schef.
497 2117 660 2150 conmisit
686 2122 803 2160 potest
828 2119 908 2161 capi

199 2174 262 2207 pro
278 2167 466 2199 commiserit
478 2177 490 2206 ‚·
511 2169 561 2201 sic
580 2169 691 2202 Credin
706 2180 782 2212 pro,
796 2170 907 2203 credi-

200 2217 311 2248 deris:
346 2218 482 2252 Lucret.
507 2219 566 2252 lib.
581 2229 615 2253 v.
636 2220 646 2238 ‘
665 2221 720 2253 Ne
745 2219 836 2254 forte
862 2231 907 2254 ex

199 2267 334 2300 homine
357 2274 394 2301 et
409 2270 564 2303 veterino
588 2271 717 2303 semine
742 2281 907 2314 equorum

202 2318 352 2352 Confieri
365 2321 475 2353 credis
487 2326 671 2354 centauros
682 2322 806 2363 posse!
842 2323 909 2355 Ne-

203 2369 264 2402 scis
279 2380 353 2412 pro,
365 2372 529 2404 nescieris
545 2373 636 2414 apud
652 2373 796 2405 Terent.
839 2375 907 2406 Eu-

202 2421 305 2455 nuch.
328 2431 379 2455 ιν.
404 2425 436 2455 4.
484 2423 615 2469 Εὸιιιιὶὲ,
631 2433 708 2466 pro,
734 2423 909 2458 ebullierit

203 2471 302 2505 Pers.
313 2473 385 2506 Sat.
397 2482 437 2506 11.
459 2474 584 2506 Buclm.
608 2475 712 2507 Forte
726 2474 907 2516 legendum

201 2524 383 2565 crediderit,
398 2526 453 2557 vel
467 2526 654 2560 committat.
677 2525 801 2559 Heius.

249 2575 464 2617 Commiserit]
489 2577 602 2609 Recte
627 2587 658 2608 v.
681 2587 712 2610 c.
738 2580 828 2610 teste
848 2577 909 2610 Pi-

204 2626 295 2658 thoeo
310 2627 475 2670 commisit,
490 2637 569 2660 nam
581 2632 617 2660 et
628 2632 775 2661 metrum
787 2627 821 2660 id
834 2637 909 2670 pos-

206 2678 304 2710 tulat.
352 2678 440 2711 Ritt.

250 2733 291 2762 18
317 2731 456 2767 Quorum
469 2731 631 2773 stultitioe]
655 2731 751 2764 Ordo
765 2731 821 2764 hic
837 2734 908 2764 est:

208 2780 362 2813 Quorum
375 2781 587 2822 impudentia
599 2786 653 2814 est
666 2786 816 2824 quaestus
828 2782 911 2814 stul-

208 2829 310 2873 titiae,
334 2831 368 2864 id
395 2836 463 2874 est,
491 2832 549 2875 qui
578 2842 641 2875 per
663 2832 911 2876 impudentiam

654 230 798 266 No'rAE
830 232 1097 267 VARIORUM
1131 234 1181 267 IN

938 339 1036 362 suam
1073 324 1241 373 quaestum
1275 331 1312 362 et
1350 330 1482 363 lucrum
1511 327 1644 364 faciunt

939 379 1031 422 apud
1051 380 1204 414 homines
1235 381 1358 415 stultos
1383 385 1422 414 et
1454 379 1643 423 imperitos.

939 431 1027 465 Ritt.

985 483 1125 520 Quorum
1138 482 1284 516 stultitia
1302 486 1438 526 quastus
1451 481 1644 526 impudentia

940 534 1003 577 est]
1026 534 1215 568 Lubentius
1227 535 1381 577 legerim,
1405 535 1546 572 Quorum
1565 533 1644 567 ml-

941 586 1025 621 titiae
1037 588 1174 628 questus
1186 585 1397 628 imprudentia
1408 589 1471 628 cst,
1490 586 1554 619 boc
1569 593 1645 618 sen·

943 650 1007 673 sue
1031 639 1164 675 Quibus
1184 639 1376 672 uberrimus
1397 642 1546 682 qnaestns
1566 641 1644 678 eng

943 690 1035 735 quis,
1054 689 1192 734 quaeso?
1222 688 1455 732 imprudentia
1466 687 1646 728 stultitiae

942 742 978 775 id
1001 745 1070 783 est,
1096 741 1145 774 eis
1170 741 1400 774 emolumento
1425 742 1482 773 est
1503 738 1648 775 aliorum

942 792 1098 826 fatuitas.
1153 792 1201 825 Et
1228 792 1304 824 haee
1329 791 1432 824 lectio
1447 789 1649 826 occurritin

944 844 1054 887 prima
1070 843 1221 876 editione
1235 842 1399 885 Rigaltii;
1422 851 1500 885 quoe
1519 845 1658 883 tamen,⁴

945 893 1062 927 nescio
1077 903 1146 936 qua
1161 892 1309 934 ratione,
1329 892 1510 925 immutata
1532 889 1600 927 fuit
1612 890 1650 925 in

944 944 1004 978 illa
1027 944 1162 978 meliori
1179 942 1267 976 Anu.
1282 951 1480 977 u-nc.xxx.
1501 942 1566 976 sed
1585 950 1650 984 ego
1696 955 1702 960 ²

945 1005 1015 1029 non
1031 1005 1170 1037 possum
1194 1004 1263 1027 non
1287 994 1432 1037 probare
1456 993 1490 1028 J.
1506 991 1652 1035 Georgii

946 1045 1079 1080 Graevii
1093 1046 1137 1079 V.
1153 1045 1204 1079 cl.
1217 1044 1468 1087 conjecturam,
1482 1043 1580 1085 cujus
1595 1051 1651 1077 me

945 1096 1077 1138 nonita
1091 1095 1226 1139 pridem
1240 1104 1304 1138 per
1317 1095 1435 1128 literas
1445 1093 1653 1137 participem

946 1148 1052 1183 fecit:
1076 1158 1118 1181 ea
1132 1151 1199 1189 est,
1227 1149 1366 1185 Quorum
1378 1146 1530 1187 stultitia,
1552 1154 1654 1188 quas·

946 1203 998 1233 tus
1015 1199 1216 1241 impudentiae
1236 1202 1306 1237 est,·
1339 1198 1375 1230 id
1398 1201 1474 1231 est:
1510 1196 1579 1232 Qui
1601 1196 1654 1229 its

947 1251 1036 1285 fatui
1047 1254 1139 1293 sunt,
1153 1254 1193 1283 ut
1207 1243 1358 1293 qnaestus
1379 1248 1424 1282 ad
1437 1246 1654 1291 impudentes

948 1301 1107 1335 devolet:
1133 1300 1200 1342 vel,
1225 1304 1264 1333 ut
1278 1300 1320 1333 iis
1344 1300 1391 1333 sit
1404 1302 1573 1343 quaestus,
1593 1297 1655 1341 qui

948 1352 1109 1396 gnaviter
1122 1351 1338 1395 impudentes
1352 1354 1443 1384 sunt.
1467 1349 1547 1384 Fab.
1583 1348 1655 1382 Pu-

949 1407 1002 1437 tat
1011 1402 1277 1445 Rittershusius,
1285 1412 1359 1435 esse
1368 1401 1522 1435 ordinem
1533 1411 1542 1434 =
1565 1400 1657 1435 Quo·

950 1466 1027 1489 rum
1037 1453 1251 1497 impudentia
1259 1460 1312 1486 est
1323 1457 1473 1496 quaestus
1484 1449 1658 1498 stultitia.

951 1509 1076 1552 Porro,
1101 1511 1252 1551 quaestum
1276 1506 1423 1539 stultitiae
1448 1504 1657 1545 interpreta-

952 1565 1022 1602 tur,
1035 1564 1204 1604 quaestum
1217 1557 1308 1601 apud
1321 1557 1457 1590 stultos.
1501 1553 1578 1597 Ego
1589 1560 1659 1587 non

953 1611 1127 1652 existimo,
1142 1609 1285 1642 Latinos
1297 1606 1445 1640 formula
1453 1606 1519 1639 hae
1533 1604 1584 1637 ita
1595 1603 1660 1646 uti,

952 1666 1006 1705 nt,
1020 1671 1099 1695 eum
1115 1662 1239 1694 Cicero
1250 1660 1300 1693 ait
1320 1659 1364 1692 de
1381 1657 1451 1692 Off.
1466 1667 1493 1692 1.
1515 1657 1526 1676 ‘
1541 1656 1660 1691 mihe-

954 1713 1044 1746 rales
1058 1717 1095 1746 et
1109 1712 1240 1746 sordidi
1263 1714 1416 1753 quaestus
1430 1707 1660 1742 mercenario·

954 1762 1054 1803 rum‚'
1083 1763 1269 1805 intelligat,
1299 1761 1391 1804 apud
1417 1758 1660 1800 mercenarios,

953 1814 1016 1847 sed
1049 1823 1134 1857 quos
1161 1813 1367 1848 mercenarii
1399 1811 1532 1845 faciunt
1566 1809 1661 1853 apud

954 1865 1049 1899 alios.
1093 1866 1152 1899 Sic
1189 1874 1274 1908 ergo
1313 1867 1462 1907 quaestus
1502 1861 1661 1896 stultitiae

954 1920 1058 1958 esset,
1084 1926 1186 1960 quem
1212 1916 1361 1949 stultitia
1381 1914 1479 1948 facit.
1523 1913 1574 1947 At
1595 1913 1661 1946 hoe

954 1969 1092 2010 penitus
1121 1971 1293 2010 repugnat
1325 1966 1433 1999 menti
1462 1963 1662 2008 praeeeden-

955 2019 1055 2052 tium.
1099 2018 1225 2061 Itaque
1240 2019 1338 2059 lego:
1372 2017 1513 2054 Quorum
1525 2014 1664 2048 stultitia

955 2073 1092 2112 quoestus
1102 2070 1301 2113 impudentia
1311 2071 1357 2101 est
1364 2078 1376 2101 .·
1399 2077 1441 2100 ac
1451 2066 1665 2108 interpretor

956 2119 1000 2152 de
1014 2120 1070 2161 iis,
1090 2129 1232 2163 quornm
1254 2119 1298 2152 de
1322 2118 1473 2152 stultitia
1495 2120 1664 2160 quaestum

957 2171 1025 2205 sibi
1051 2170 1138 2204 facit
1162 2169 1375 2212 impudentia
1398 2169 1554 2202 aliorum.
1606 2167 1664 2201 Ita

958 2223 1162 2266 scripseram
1177 2223 1271 2264 olim,
1298 2231 1376 2255 cum
1396 2220 1441 2254 ab
1455 2217 1663 2262 amplissimo

958 2274 1135 2308 Gronovio
1158 2274 1276 2307 literas
1303 2271 1449 2314 accipio,
1474 2280 1552 2314 qnae
1577 2270 1664 2304 hanc

958 2325 1192 2368 conjecturam
1207 2334 1317 2356 meam
1338 2322 1489 2357 firmant.
1532 2321 1591 2354 Sic
1606 2330 1664 2354 au-

958 2380 1027 2409 tem
1047 2376 1192 2409 habent:
1216 2377 1226 2395 ⁴
1241 2375 1382 2412 Quorum
1404 2373 1545 2406 stultitia
1564 2381 1663 2414 «μαε-

959 2431 1010 2460 tus
1034 2426 1236 2469 impudentiae
1261 2429 1321 2467 est,
1348 2426 1371 2458 i.
1385 2435 1417 2458 e.
1431 2427 1572 2467 quorum
1587 2422 1664 2455 sim-

959 2478 1096 2520 plicitas
1108 2482 1144 2510 et
1158 2476 1334 2518 imperitia
1344 2475 1479 2518 praebet
1492 2476 1662 2516 quoestum

959 2528 1149 2571 improbis!
1177 2527 1288 2561 Addit
1303 2531 1438 2560 tamen:
1461 2527 1471 2545 ‘
1486 2524 1552 2556 Vel
1563 2532 1663 2574 qnas-

959 2581 1019 2612 tui.
1079 2579 1198 2612 Livius
1228 2578 1288 2611 lib.
1317 2587 1369 2610 lv.
1398 2579 1450 2609 30.
1499 2576 1509 2594 ‘
1527 2574 1662 2609 Quibus

959 2629 1106 2673 qnaestui
1121 2633 1200 2661 sunt
1215 2628 1312 2671 capti
1334 2626 1577 2669 superstitione
1593 2625 1663 2659 ani-

959 2679 1032 2713 mi.’
1089 2679 1159 2712 Sed
1186 2683 1235 2721 et,
1273 2681 1420 2720 quaestus,
1455 2685 1523 2709 non
1546 2675 1660 2709 male.'

959 2729 1090 2764 Eadem
1106 2730 1140 2762 in
1152 2733 1301 2762 mentem
1313 2728 1447 2760 venisse
1461 2727 1542 2759 olim
1558 2726 1666 2759 Geor-

962 2782 1017 2824 gio
1033 2781 1172 2815 Graevio
1188 2785 1309 2823 postea
1324 2790 1367 2813 ex
1379 2779 1467 2812 notis
1485 2778 1588 2811 Fabri
1605 2778 1664 2816 ob-

961 2832 1104 2866 servavi.
1149 2831 1354 2875 Quanquam
1376 2829 1487 2864 Faber
1507 2828 1580 2873 ipse
1596 2828 1663 2862 lee-
