1806 3236
239 243 296 286 18
904 254 1021 286 Vim

239 349 475 405 scripsisse
503 349 732 401 omnibus,
758 362 844 391 non
879 348 1083 404 singuIiS,
1122 351 1168 392 ut
1204 347 1455 390 luculenter·
1470 344 1695 406 docebunt

232 411 479 474 sequentia.
538 416 707 459 Contra
741 416 871 459 facile
907 415 1092 459 admitto
1131 415 1432 472 conjecturam
1471 413 1701 465 nnana,

239 484 435 541 maxime
471 484 754 535 Desbillonii,
778 484 869 538 qui
903 496 993 526 non
1029 483 1123 526 sine
1158 495 1298 526 eausa
1334 484 1549 534 statuunt,
1566 480 1697 527 mni

240 551 369 607 primi
396 552 591 594 fabulam
620 552 663 595 6.
708 550 763 593 de
803 551 910 595 Sole
941 554 986 594 et
1016 550 1161 594 Ranis
1190 548 1248 593 ad
1281 549 1496 593 invidiam
1527 547 1701 604 Seja'm

240 620 490 663 faciendam
511 619 798 675 pertinuisse·
786 651 798 674 ,
829 619 951 675 quod
983 618 1172 671 Liviam,
1199 618 1294 662 sive
1313 616 1538 668 Livium,
1557 615 1698 660 musi

243 686 432 729 Neronis
447 687 702 730 Germanici
713 686 867 738 filiam,
880 685 1010 738 Caio,
1023 685 1212 741 Augusti
1225 685 1394 741 nepoti,
1407 697 1514 727 mox
1528 683 1696 735 Druso,

240 755 410 798 Tiberii
438 755 546 807 filio,
571 758 771 810 nuptam,
799 765 936 799 ausus
964 758 1085 797 esset
1112 766 1299 797 uxorem
1328 752 1415 796 sibi
1442 749 1700 808 postulare,

241 827 285 865 et
303 822 394 865 ista
413 823 652 865 ambitione
677 826 768 866 tam
795 822 1000 866 insolenti
1018 822 1139 877 vulgi
1162 833 1394 872 rumorem,
1413 819 1566 864 odium
1593 830 1696 875 pro-

242 902 404 941 cerum,
422 890 592 936 Tiberii
619 890 766 946 ipsius
795 891 1073 947 suspiciones
1103 890 1361 934 excitasset.
1420 885 1569 940 Quam
1596 897 1698 930 sen-

243 958 422 1000 tentiam
447 957 531 1001 hac
551 958 680 1001 video
708 958 788 1002 niti
815 958 1178 1015 interpretatione
1190 955 1219 1001 :¹‘
1249 960 1263 980 ‘
1284 955 1461 999 Liviam
1481 953 1698 999 adulterio

242 1028 499 1080 corruperat
513 1025 735 1081 Seianus,
770 1026 1128 1081 perpuleratque,
1164 1027 1215 1069 ut
1253 1024 1448 1067 Drusum
1476 1021 1699 1073 maritum,

242 1090 412 1135 Tiberii
432 1090 598 1145 filiurn,¹
626 1106 791 1136 veneno
821 1094 919 1136 tolli
948 1094 1133 1137 sineret:
1163 1097 1300 1148 atque
1331 1091 1463 1137 ambo
1490 1098 1701 1145 sperave-

242 1165 353 1212 rant,
369 1173 538 1203 moram
551 1174 722 1204 omnem
739 1161 876 1204 fuisse
894 1162 980 1206 hoc
1006 1162 1168 1205 scelere
1185 1159 1429 1210 sublatam,
1439 1170 1536 1214 quo
1554 1156 1702 1200 miuus

244 1227 447 1270 celebres
467 1227 616 1270 fierent
633 1229 827 1284 nuptiae:
856 1233 903 1272 at
933 1242 1071 1281 ranae,
1097 1228 1145 1271 id
1173 1232 1257 1279 est,
1282 1226 1499 1270 universae
1517 1225 1703 1269 familiae·

245 1294 480 1348 Romanae,
501 1308 687 1351 quarum
706 1295 801 1347 Sol,
817 1296 1028 1351 Sejanus,
1048 1307 1200 1339 omnes
1219 1295 1364 1345 lacuS,
1380 1293 1427 1336 id
1444 1296 1527 1345 est,
1546 1305 1701 1336 omnes

244 1362 402 1404 domos
433 1363 736 1414 exhauriebat,
761 1362 792 1406 J
793 1376 939 1415 ovem,
961 1364 992 1407 i.
1012 1377 1053 1406 e.
1083 1362 1314 1406 Tiberium
1331 1360 1503 1405 efficaci
1522 1361 1708 1407 tandem·

244 1430 428 1486 querela
458 1435 808 1482 commoverunt,
824 1435 875 1473 ut
902 1431 1119 1473 nefarium
1152 1430 1384 1484 inceptum
1411 1428 1704 1474 disturbaret!

245 1496 352 1549 Qua
369 1497 522 1540 fabula
539 1497 671 1549 lecta,
700 1498 943 1541 excanduit
963 1498 1152 1554 Sejanus
1179 1497 1225 1540 in
1252 1496 1493 1550 ultionem3
1513 1504 1702 1552 nmque

244 1565 554 1616 intellexisset,
587 1564 825 1607 Phaedrum
859 1564 1010 1607 fabula
1043 1564 1143 1607 Lib.
1165 1575 1199 1607 ι.
1219 1563 1264 1607 2.
1291 1563 1348 1606 de
1376 1561 1519 1607 Ranis
1551 1575 1702 1618 regem

243 1632 507 1687 petentibus,
526 1633 675 1686 ipsum
696 1645 875 1687 carpere
893 1632 1140 1683 Tiberium,
1158 1630 1276 1674 forte·
1295 1629 1457 1687 cupide
1474 1631 1703 1688 arripuerit

243 1699 375 1740 istam
414 1699 693 1742 occasionem
724 1699 970 1741 ulciscendi
1009 1698 1233 1754 injuriam,
1268 1711 1328 1740 ex
1365 1697 1511 1740 altera
1539 1697 1703 1741 fabella

244 1779 385 1821 nuper
398 1770 654 1821 acceptam3
674 1769 718 1808 et
737 1769 990 1818 accusator,
1005 1766 1145 1817 testiS,
1165 1778 1221 1808 ac
1234 1764 1379 1821 judex
1395 1765 1519 1808 laesae
1538 1763 1703 1820 majes-

245 1833 349 1875 tatis
368 1838 518 1875 reumm
538 1832 777 1875 Phaedrum
799 1832 1007 1875 damnare
1037 1833 1234 1875 tentavit.
1291 1830 1439 1887 Atque
1455 1831 1530 1875 hic
1548 1831 1705 1876 obser·

246 1903 324 1941 vat
343 1899 683 1951 Desbillonius‚¹¹
694 1900 897 1955 potuisse
914 1899 1142 1942 Tiberium
1161 1910 1301 1954 parvo
1319 1899 1397 1942 illo
1415 1898 1566 1953 tigillo,
1583 1898 1704 1954 quod

247 1965 390 2008 Ranae
426 1967 655 2022 inquinant
681 1967 799 2009 omni
835 1966 1122 2018 contumelia,
1154 1979 1242 2008 non
1274 1965 1422 2021 inepte
1454 1963 1703 2019 designari:

246 2033 472 2076 Romanos
491 2034 605 2076 enim
626 2047 680 2090 ac
701 2047 794 2089 prae
816 2034 974 2076 ceteris
992 2034 1129 2077 duces
1149 2033 1417 2077 exercituum
1435 2031 1702 2087 militesque,

246 2106 291 2143 et
310 2101 450 2144 multo
473 2102 605 2143 etiam
625 2102 764 2156 magis
785 2102 935 2145 socias
964 2107 1117 2157 gentes
1145 2102 1215 2149 his
1230 2100 1513 2156 potissimum
1532 2104 1703 2155 tempo-
1757 2108 1762 2114 ·

246 2169 369 2210 ribus
389 2170 612 2223 aspernari
641 2183 743 2210 eum
773 2170 998 2224 coepisse;
1028 2170 1150 2225 quod
1178 2168 1349 2224 imperii
1378 2167 1553 2210 clavum
1581 2165 1715 2209 dese-⁷

246 2249 340 2277 rere
380 2235 612 2286 videretur,
646 2240 690 2278 et
728 2237 914 2290 ignavus
951 2240 964 2259 ‘
987 2235 1261 2291 Caprearum
1300 2238 1486 2289 angusta
1520 2234 1566 2276 in
1597 2246 1709 2289 rupe¹

251 2301 449 2352 sederet,'
462 2308 478 2324 ⁰
498 2305 631 2356 atque
654 2302 878 2355 otiaretur,
899 2307 1038 2347 tutore
1058 2302 1232 2358 Sejano.
1290 2301 1415 2344 Tunc
1432 2300 1581 2352 etiam,
1601 2313 1707 2343 auc-

905 2501 1047 2535 NOTAE

293 2612 299 2631 ¹'
322 2611 428 2642 Tacit.
445 2610 698 2643 Annal.1v.39
713 2612 767 2642 ⁴0.
1004 2618 1130 2651 quens:
1155 2611 1164 2627 ‘
1183 2609 1322 2650 Legem,
1324 2607 1470 2650 'inquit,
1491 2607 1700 2649 ‘majestatis

293 2659 307 2680 Β
331 2662 403 2692 Des
406 2660 606 2692 billoniusl.
622 2670 653 2692 c.
669 2670 703 2701 p.
721 2668 755 2691 Χ.
1003 2659 1210 2692 reduxerat:
1246 2660 1332 2692 Coll.
1359 2658 1550 2692 Desbillon.
1600 2657 1662 2690 Dis
1649 2667 1700 2698 p.

293 2709 405 2742 ¹Tac.
432 2711 451 2741 Ι.
468 2720 498 2741 c.
524 2720 598 2753 cap.
619 2712 649 2742 3.
665 2713 696 2742 8.
724 2709 803 2742 coll.
820 2718 896 2750 cap.
913 2713 947 2741 9-
1001 2711 1042 2742 de
1061 2710 1131 2742 vita
1147 2709 1298 2749 Phaedri,
1322 2719 1357 2751 p.
1374 2717 1411 2740 Χ.
1425 2719 1472 2751 sq.

251 2764 301 2792 11.
1043 2760 1181 2802 ¹·Disp.
1197 2759 1240 2792 de
1258 2759 1328 2791 vita
1343 2752 1495 2800 Phaedri,
1511 2768 1545 2801 p.
1563 2765 1614 2790 xr.
1655 2796 1657 2798 ¹

293 2814 314 2831 ¹¹¹
337 2811 421 2842 Tac.
437 2809 560 2843 Annal.
574 2820 595 2843 ι.
612 2814 664 2844 72.
680 2811 722 2843 de
738 2810 873 2843 Tiberio
901 2811 947 2842 lo·
1043 2810 1253 2844 0J11venalis
1268 2809 1339 2843 Sat.
1356 2819 1390 2841 Χ.
1403 2812 1458 2842 93.
