1806 3236
210 229 297 273 292
470 241 729 273 APPENDIX
762 241 1075 275 FABULARUM
1109 243 1424 276 AEsomARUM.

755 513 969 554 FABULA
1014 514 1123 555 XIV.

447 663 747 718 ASELLUS,
789 663 926 717 BOS,
957 664 1038 708 ET
1074 665 1425 712 VOLUCRES.

208 810 446 852 ASELLUS
464 812 509 851 et
527 809 641 859 Bos,
661 821 752 851 uno
775 809 934 852 sociati
945 810 1075 866 jugo,

205 879 460 920 Plaustrum
479 877 731 919 trahebant:
756 877 872 928 Bos,
895 877 1002 920 dum
1022 879 1165 922 tendit
1184 880 1393 933 validius,
1455 873 1470 879 ³

206 946 433 1000 Confregit
451 958 605 988 cornu.
664 943 851 987 Asellus
871 946 931 988 nil
950 947 1182 991 levaminis

205 1015 375 1056 Sentire
388 1015 508 1070 jurat
526 1027 575 1056 se
595 1026 624 1056 a
643 1019 847 1056 consorte
866 1013 1015 1056 debili.
1371 1064 1378 1071 .

205 1082 425 1124 Laborem
445 1081 696 1132 intendens,
719 1094 855 1123 cornu
874 1083 1037 1137 rumpit
1054 1083 1252 1135 alterum,
1638 1089 1668 1130 5

204 1149 446 1204 Terraeque
466 1149 640 1192 tandem
662 1149 754 1190 Bos
774 1149 1022 1204 procumbit
1038 1154 1248 1194 mortuus.

204 1216 396 1259 Asinum
414 1217 632 1259 bubulcus
650 1216 780 1259 carne
797 1227 903 1259 mox
924 1222 1074 1260 onerat
1095 1217 1250 1270 Bovis,

207 1283 299 1337 Qui
317 1285 475 1339 plagas
495 1285 609 1327 inter
628 1285 748 1326 mille
767 1287 925 1340 ruptus
944 1285 1154 1337 concidit,

209 1351 268 1395 Et
286 1352 524 1407 expiravit,
545 1352 692 1394 media
713 1352 939 1407 collapsus
960 1344 1047 1396 via.
1631 1406 1633 1409 r

204 1419 279 1462 Ad
298 1421 498 1475 praedam
517 1420 741 1476 Volucres
762 1421 1048 1463 convolantes
1067 1420 1294 1476 inquiunt:
1609 1425 1667 1468 10

209 1487 259 1529 Si
280 1491 323 1530 te
343 1488 539 1543 precanti
558 1488 709 1530 mitem
731 1487 1013 1530 exhibuisses
1035 1487 1166 1540 Bovi,

207 1555 315 1597 Non
335 1556 568 1598 immaturo
587 1567 802 1610 pasceres
823 1566 907 1596 nos
924 1553 1087 1596 funere.

868 1687 1009 1720 NOTAE

248 1760 295 1792 Et
306 1759 391 1792 hanc
400 1760 509 1793 Anon.
519 1761 625 1794 habet
636 1762 727 1794 solus
736 1771 770 1794 n.
779 1770 909 1795 xxxxv.
962 1765 1028 1795 atm
1043 1761 1227 1804 Anonymi,
1242 1762 1332 1806 quod
1351 1772 1414 1805 per
1428 1765 1668 1808 compendium

247 1814 267 1842 5
291 1811 425 1854 Rumpit
438 1813 586 1855 alterum]
617 1813 760 1846 Alterum
774 1814 862 1846 latet
874 1813 909 1845 in
963 1818 1038 1846 erat
1051 1813 1230 1855 scriptum.

763 2147 975 2187 FABULA
1018 2148 1106 2188 XV.

665 2284 788 2326 LEO
834 2285 914 2327 ET
926 2351 928 2353 Ι
947 2285 1213 2331 PASTOR.

211 2431 422 2474 ERRANS
443 2431 489 2472 in
508 2431 634 2486 sylva
661 2431 837 2485 spinam
857 2431 1048 2475 calcavit
1066 2433 1175 2484 Leo,

211 2497 330 2541 Mox
351 2497 409 2540 ad
426 2497 661 2540 Pastorem
681 2497 826 2540 cauda
844 2499 967 2540 venit
984 2499 1240 2554 blandiens3

867 2618 1006 2652 NOTAE

255 2696 345 2729 Haec
370 2695 487 2730 fabula
507 2702 669 2731 narratur
685 2698 842 2732 aRimic.
856 2708 914 2733 111.
967 2710 1044 2733 nec.
1066 2700 1109 2734 de
1123 2700 1242 2734 Benef.
1257 2701 1670 2739 11.19.etGe11.111.14.

212 2750 244 2779 1.
268 2747 380 2780 Aaou.
410 2757 524 2782 xxxv.
558 2750 702 2782 Romulo
732 2752 784 2782 25.
807 2754 844 2782 et
869 2749 914 2782 ad
967 2749 1081 2782 Bur-m.
1105 2750 1233 2783 Eadem
1244 2751 1396 2784 occurrit
1407 2762 1462 2794 ap.
1476 2753 1575 2787 Rom.
1584 2754 1670 2788 Div.

211 2807 330 2830 veram
348 2799 524 2832 historiam
545 2798 708 2833 refertur.
751 2799 832 2833 vid.
855 2800 914 2833 Se·
968 2805 1005 2834 et
1017 2801 1107 2835 Ulm.
1122 2802 1180 2835 lib.
1194 2810 1253 2835 ιιι.
1266 2801 1335 2836 fab,
1353 2805 1382 2836 1.
