1806 3236
338 220 541 254 rmnum
577 219 685 252 un.
717 218 1023 252 AEsomaauu
1058 219 1156 253 mn.
1190 219 1256 252 ιν.
1287 208 1359 251 21.

117 328 204 355 nere
229 317 339 362 cepit
373 327 526 360 carmen,
561 318 660 361 cnjus
690 317 829 350 initium

117 369 340 415 mxdper’
349 367 550 403 ἀελλοπόδων
557 368 709 412 θύγατρες
715 368 830 401 ἵππων.

117 420 234 457 Verba
247 420 451 454 Aristotelia
463 424 559 454 sunt:
584 418 764 461 Σιμωνίδης,
775 419 830 452 ὅτε

116 473 289 517 jhm
310 473 421 515 μισθὸν
439 473 549 515 ὀλίγον
563 473 647 516 αὐτῷ
662 475 680 506 ὁ
701 473 830 513 νικήσας

98 556 102 560 .
116 527 185 560 τοῖς
204 525 336 570 ὀρεῦσιν,
355 525 413 558 οὐκ
428 525 524 565 ἤθελε
537 527 648 564 ποιεῖν,
662 525 704 559 ὃς
715 527 830 566 δυσχε-

117 577 228 623 pub-
241 576 285 611 οῖς
298 576 440 619 ἡμιόνους
462 578 573 611 ποιεῖν.
594 576 661 610 ἐπεὶ
675 577 703 610 δ’
726 576 830 610 ἱκανὸν

117 629 243 672 aaa,
262 628 403 671 διὀίησε,
417 628 542 672 Χαίρετ’
564 627 766 663 ἀελλοπόδων
777 627 830 662 θύ-

115 679 357 726 melmu-
378 680 490 715 Faber.
528 681 587 714 De
598 680 831 724 qua‚laudan·

117 739 155 767 te
167 732 297 774 Fabro,
309 736 409 766 extat
421 732 619 775 exemplum
630 731 724 774 apud
735 731 832 765 Aria-

118 785 266 818 totelem
291 783 393 817 Rhet.
418 783 461 816 ιε’.
487 786 520 817 2.
553 783 597 816 Id
626 784 717 827 quod
750 787 832 816 ante

118 847 255 882 quoqne
265 837 517 871 Rittersliusius
527 841 725 870 notaverat.
745 836 834 869 Mal-

121 891 172 924 let
186 890 354 925 Heinsius
377 893 473 933 pacta
496 889 664 931 scribere,
677 889 758 932 qula
773 898 834 931 pa-

119 946 172 976 tet
199 951 244 976 ex
274 951 372 986 seqq.
403 952 435 976 c.
466 944 522 975 24.
553 950 623 975 non
653 940 833 984 accepisse

119 993 330 1037 mercedem,
347 993 414 1026 nisi
429 993 586 1027 versibus
603 992 679 1036 jam
695 991 834 1026 confec-

119 1045 176 1079 tis.
198 1044 306 1087 Scid-
342 1046 452 1090 Lege,
467 1045 727 1087 Mercedepaeea.
755 1040 845 1078 Jus-'

119 1097 184 1130 tin.
213 1097 276 1130 lib.
302 1105 386 1131 vm.
412 1100 446 1130 5.
483 1097 494 1114 ‘
506 1095 712 1129 Alexander
742 1095 835 1128 inter

120 1148 235 1191 prima
244 1147 345 1182 initia
370 1147 467 1191 regni
491 1147 620 1180 bellum
645 1146 689 1179 ab
704 1146 835 1188 lllyriis

120 1204 227 1243 pecta
237 1199 398 1234 meroede
414 1198 589 1233 redemit)
613 1198 739 1241 Dictys
753 1198 835 1230 Cre-

119 1257 211 1286 tens.
226 1260 270 1286 n.
284 1254 342 1286 4⁵.
363 1255 374 1273 ¹
387 1252 521 1286 Rhesus
545 1255 649 1294 pacta
673 1249 835 1283 mercede

120 1305 346 1349 eummagnis
357 1305 530 1338 'l'hracum
545 1303 655 1345 copiis
671 1302 836 1336 adventa·

120 1357 208 1392 bat)
231 1377 234 1380 ·
253 1359 301 1391 Et
313 1356 376 1390 lib.
394 1366 446 1391 vr.
461 1360 494 1391 5.
513 1358 525 1375 ‘
538 1355 612 1389 Per
632 1355 723 1389 idem
748 1360 834 1388 tem-

122 1418 188 1453 pu·
202 1409 348 1452 Ulysses
364 1408 508 1442 Cretam
523 1408 703 1451 appulsus,
718 1411 757 1440 et
772 1406 834 1440 du-

122 1454 210 1495 abus
226 1459 428 1494 Plioenieum
449 1459 600 1493 navibus
614 1459 777 1492 mercede
793 1459 836 1491 iis

122 1515 230 1554 pacta
252 1510 449 1554 exceptus!
493 1512 608 1554 Vulgo
623 1511 773 1554 pessime
789 1511 836 1542 le-

123 1562 394 1605 gitnrmeroedio
411 1566 505 1606 pacto
526 1563 674 1605 acceptis.
718 1562 836 1595 Livius

124 1623 227 1648 niv.
243 1618 300 1649 49.
325 1626 371 1648 ex
386 1615 629 1650 emendatione
643 1615 834 1649 Gronovii:

123 1669 134 1685 ⁶
145 1666 276 1700 Eadem
291 1667 451 1701 mercede
468 1677 538 1710 qua
549 1671 655 1710 pacta
666 1676 743 1699 cum
756 1667 838 1700 Car·

124 1718 387 1762 magi-ensibus
415 1717 516 1752 erat!
578 1719 624 1751 Et
652 1727 751 1754 xniv.
781 1721 836 1751 26.

123 1771 134 1789 ⁴
149 1770 351 1803 Mercedem
375 1774 516 1813 pactam
537 1769 722 1812 operiens!
777 1769 838 1803 Ju-

123 1822 238 1856 venai.
268 1831 317 1856 iv.
347 1825 403 1856 ⁸8.
435 1821 619 1856 ‘Vendere
647 1820 838 1863 municipes

123 1881 228 1917 pacta
244 1874 404 1910 mercede
414 1872 568 1908 siluros?
612 1873 671 1906 Ita
686 1873 777 1906 enim
789 1873 838 1905 ibi

121 1926 321 1969 legendum.
367 1925 410 1959 A.
438 1925 574 1960 Gellius
599 1935 632 1958 v.
667 1928 719 1958 lo.
757 1926 768 1943 ⁴
780 1925 839 1957 Lis

63 2013 76 2025 ο
123 1977 217 2011 inter
231 1987 290 2010 eos
305 1980 342 2010 et
363 1976 601 2010 controversia
614 1985 720 2018 super
735 1979 841 2017 pacta

123 2028 287 2061 mercede
309 2028 385 2061 lnaec
409 2025 502 2060 fuit!
524 2027 642 2060 Heins-
697 2027 840 2060 Nullum

125 2079 268 2112 dubium
281 2082 376 2122 pacta
391 2079 530 2112 mercede
541 2083 639 2111 recte
651 2082 688 2111 et
702 2078 839 2120 elegan-

125 2135 180 2165 ter
195 2131 276 2174 dici,
284 2130 347 2164 sed
359 2131 415 2164 hic
426 2133 556 2172 accepta
569 2139 639 2162 non
650 2129 815 2162 moverim
829 2141 838 2163 ε

124 2183 292 2226 majorem
319 2182 412 2215 enim
440 2180 627 2214 Simonidis
659 2181 840 2215 avaritiam

126 2234 306 2278 exprimit,
345 2234 416 2277 qui,
459 2237 646 2276 antequam
686 2238 841 2276 caneret,

126 2286 322 2320 mercedem
337 2284 527 2328 acceperit.
572 2285 664 2318 Nam
683 2285 841 2318 avarissi-

127 2347 220 2372 mum
236 2336 346 2370 fnisse
369 2341 407 2370 et
421 2336 675 2369 mercenarium
692 2335 840 2369 Poetam

126 2394 229 2433 patet
251 2398 296 2422 ex
319 2387 444 2421 AElian.
471 2396 554 2421 vm.
574 2390 607 2420 2.
633 2387 692 2420 ubi
715 2387 840 2420 nollem

128 2447 246 2475 tamen
261 2440 317 2474 el.
330 2439 552 2473 Perizonium
575 2439 685 2472 nostri
709 2444 843 2483 tempo-

127 2494 174 2527 ri·
191 2493 320 2527 Poeta
334 2491 491 2535 ejusdem
513 2491 665 2524 criminis
681 2495 718 2524 et
733 2493 842 2525 sordi-

128 2555 187 2579 nm
199 2554 276 2578 reos
292 2554 407 2588 agere.
451 2544 549 2578 Quos
563 2542 655 2576 enim
669 2543 717 2576 ibi
733 2544 842 2577 iratus

127 2598 257 2640 tangit,
279 2606 344 2638 ego
365 2595 504 2628 minime
529 2595 574 2627 ad
599 2605 670 2628 rem
690 2600 843 2629 attentos

128 2648 249 2691 fuisse,
263 2653 301 2682 et
311 2657 445 2680 sacram
461 2651 573 2680 artem
588 2647 700 2679 minus
716 2648 842 2690 prosti-

128 2700 250 2741 tuisse,
260 2710 362 2743 qnam
374 2699 551 2742 multi,qui
563 2699 677 2732 soluta
687 2700 842 2733 oratione

130 2753 184 2786 arf
189 2751 407 2786 adulationes
430 2751 610 2784 vilissimas
636 2751 842 2792 abutuntur,

131 2804 227 2844 scio;
249 2808 286 2836 et
300 2803 465 2836 minorem
482 2808 650 2846 quaestum
670 2813 713 2836 ex
731 2803 840 2836 Musis

130 2856 255 2891 secisse
282 2857 396 2890 multis
423 2856 513 2899 aliis,
538 2860 688 2889 constat.
725 2856 840 2890 Bur-m.

1504 203 1592 249 639

927 316 1107 360 Victorum]
1125 318 1168 351 ln
1180 317 1269 351 ludis
1283 317 1480 360 olympicis
1493 318 1592 352 Grae·

879 379 1010 404 corum.
1033 369 1140 410 Schef.

921 425 943 455 6
968 421 1102 464 Factus]
1123 422 1191 455 Ms.
1206 422 1344 462 factum.
1367 421 1461 455 Gud.

922 475 943 506 7
969 474 1072 506 Cur-eu
1095 474 1237 516 pelagio]
1264 474 1322 507 Sic
1346 473 1424 507 Val.
1447 474 1593 508 Flaccus

881 524 964 568 Arg.
975 535 1001 558 1.
1023 525 1034 544 ‘
1044 526 1092 558 Et
1102 526 1203 559 dedit
1212 535 1393 569 aeqmoreos
1403 525 1492 560 coelo
1504 525 1594 560 duce

881 576 1027 609 tendere
1042 577 1188 610 cursus.’
1209 577 1317 618 Schts.

926 631 1032 663 Carsu
1049 631 1190 674 pelag-io]
1225 631 1308 672 Pro,
1335 641 1440 665 cursu
1465 631 1594 674 pelagi.

881 681 990 715 ovid.
1013 682 1107 715 ‘Sed
1133 692 1246 726 neque
1269 683 1465 726 propositos
1479 683 1596 726 pelagi

882 733 1059 768 dimittere
1075 733 1222 768 cursus?
1266 734 1431 778 Virgilius
1445 745 1470 768 1.
1493 735 1597 768 “Qua

882 785 1040 827 proxima
1051 785 1154 819 litora
1168 795 1271 819 cursu
1293 786 1520 820 Conteudunt
1535 796 1596 829 pe-

884 836 984 871 tere.⁸
1015 837 1075 871 Sic
1083 838 1200 870 Valer.
1215 838 1331 871 Flacc.
1341 836 1423 880 Arg.
1439 847 1466 872 ι.
1482 837 1595 870 dixit:

883 890 894 908 ‘
908 889 1098 933 AEquoreos
1114 891 1260 931 cursus,'
1274 899 1339 932 pro
1355 899 1459 922 cursu
1482 897 1597 932 aequo-

884 942 941 976 ris.
987 943 1034 975 Et
1050 942 1173 976 Claud.
1187 951 1241 975 ιν.
1265 943 1370 975 Cous.
1395 941 1489 974 Hon.
1506 950 1598 974 vers.

883 996 960 1028 422.
983 994 994 1012 ‘
1006 993 1194 1037 AEqnoreas
1211 992 1388 1027 habenas!
1414 993 1501 1026 Gud.

929 1047 950 1077 8
973 1045 1014 1077 In
1024 1045 1088 1078 Ceo
1097 1045 1216 1087 insula]
1229 1045 1332 1078 Unde
1345 1044 1427 1078 illud
1439 1043 1597 1077 Horatii:

885 1096 896 1114 ⁴
909 1097 992 1130 Ceae
1017 1101 1188 1130 retractes
1211 1107 1355 1130 munera
1376 1096 1499 1129 naeuiae
1513 1095 1534 1137 ς’
1555 1094 1597 1128 Id

886 1153 951 1190 est,
965 1148 1183 1182 Simonideae.
1210 1148 1385 1191 Intelligit
1397 1152 1513 1181 autem
1525 1146 1599 1180 Ho-

886 1203 994 1236 ratius
1009 1213 1086 1236 enm
1101 1202 1286 1236 Simonidis
1303 1201 1441 1242 librum,
1457 1200 1512 1233 cui
1527 1201 1599 1243 θρῆ-

886 1268 933 1289 νοι
957 1265 1017 1288 seu
1043 1254 1327 1288 Lamentationes
1351 1263 1475 1286 nomen
1502 1256 1602 1292 erat;

886 1307 931 1340 ad
958 1316 1059 1350 quem
1083 1306 1274 1349 respiciens
1302 1304 1460 1338 Catullus
1486 1303 1599 1336 dixit:

885 1359 1069 1392 ‘Moestius
1091 1358 1254 1401 lacrymis
1280 1356 1513 1390 Simonideis!
1537 1355 1601 1389 Fa-

885 1411 949 1445 ber.
993 1410 1242 1443 Rittershusius
1253 1409 1417 1442 emendat
1435 1409 1509 1441 Ceo.
1554 1409 1603 1441 Et

885 1463 934 1496 sic
948 1462 1112 1495 scribitur
1124 1461 1302 1502 Straboni,
1313 1459 1441 1501 Plinio,
1456 1459 1604 1502 AEliano,

886 1515 973 1548 licet
988 1514 1068 1556 sint,
1084 1514 1142 1557 qui
1160 1513 1251 1556 apud
1266 1513 1499 1545 Ptolemaeum
1520 1511 1605 1543 alte-

887 1575 927 1599 ro
943 1566 1044 1599 modo
1070 1566 1138 1608 legi
1153 1565 1330 1598 adseram.
1376 1563 1446 1596 Sed
1463 1563 1494 1596 is
1510 1571 1602 1595 nuuc

887 1627 957 1651 nou
973 1622 1028 1651 est
1042 1617 1084 1650 ad
1099 1627 1229 1650 manus.
1252 1614 1361 1655 Schef.

929 1671 998 1703 Ceo
1020 1668 1146 1711 Insula]
1166 1669 1275 1701 Forte
1305 1668 1370 1700 cea
1398 1666 1531 1704 Ins-lm·
1554 1664 1605 1697 ita

889 1721 983 1764 apud
998 1721 1077 1754 Val.
1096 1722 1192 1754 Max.
1207 1719 1268 1753 lib.
1284 1727 1328 1752 n.
1343 1726 1378 1761 p.
1387 1720 1442 1751 54.
1463 1717 1475 1734 ⁴
1487 1716 1529 1749 ln
1545 1715 1602 1749 In-

887 1773 964 1806 sula
986 1771 1090 1806 Cea?
1113 1769 1402 1815 quemadmodum
1433 1769 1468 1801 in
1495 1769 1603 1802 omni-

890 1824 954 1857 bus
970 1828 1024 1856 est
1038 1823 1126 1856 Mss.
1150 1821 1336 1855 Salmasius
1352 1820 1395 1854 ad
1411 1830 1507 1853 oram
1522 1820 1604 1853 libri

889 1876 1036 1918 notavit,
1057 1875 1241 1917 legendum
1270 1883 1347 1907 esse
1373 1883 1416 1906 ex
1441 1874 1552 1906 veteri
1569 1873 1607 1905 li-

890 1927 973 1961 bro:
1001 1928 1078 1960 Ceio
1089 1927 1203 1960 insula.
1239 1924 1539 1958 Pliniuslib.1v.c.
1552 1927 1605 1958 11.

889 1980 1004 2012 ‘Ceos
1033 1979 1077 2011 ab
1106 1988 1149 2010 ea
1179 1977 1340 2017 totidem,
1365 1985 1468 2019 quam
1494 1976 1604 2009 nostri

891 2031 996 2064 Ceam
1012 2029 1156 2062 dixere!
1182 2029 1271 2062 Gud.

934 2085 956 2115 9
977 2080 1146 2123 Ascendit]
1169 2081 1278 2122 Lege,
1298 2077 1458 2111 Eecendit.
1481 2077 1605 2111 Heius.

892 2133 989 2167 Nihil
1005 2137 1060 2165 est
1082 2142 1181 2174 opus.
1226 2131 1370 2164 Terent.
1386 2128 1488 2162 Adel.
1504 2137 1556 2161 ιν.
1572 2132 1606 2162 5.

890 2187 947 2218 69.
969 2183 1102 2224 ‘Abiit,
1128 2182 1245 2224 periit,
1266 2191 1389 2214 navem
1406 2180 1565 2213 ascendit
1581 2180 1603 2214 ι’

891 2240 930 2269 et
943 2235 1028 2269 licet
1043 2233 1190 2277 probum
1203 2238 1322 2277 putem
1335 2232 1419 2265 illud
1431 2234 1605 2274 escendere,

892 2297 960 2321 non
976 2292 1092 2320 tamen
1103 2286 1230 2330 ubique
1246 2283 1493 2318 intrudendum
1506 2287 1607 2326 puto,

893 2344 933 2372 ut
959 2349 1053 2381 saepe
1077 2338 1177 2370 nimis
1201 2337 1292 2370 viros
1312 2336 1446 2377 doctos,
1473 2339 1605 2368 remoto

891 2394 938 2434 τῷ·
951 2393 1128 2432 ascendere,
1139 2390 1263 2423 fecisse
1279 2389 1391 2422 video.
1415 2389 1532 2422 Burm.

939 2443 1118 2485 Tempestas
1127 2442 1273 2485 horrida]
1289 2442 1340 2474 Ex
1354 2440 1479 2473 Horat.
1492 2439 1605 2482 Epod.

893 2504 975 2529 xm.
998 2498 1008 2513 ‘
1019 2494 1174 2528 Horrida
1184 2497 1374 2536 tempestas
1386 2493 1511 2526 coelum
1524 2501 1606 2525 con-

893 2546 1026 2580 traxit!

937 2601 979 2630 10
1006 2596 1178 2638 Dissolvit]
1217 2595 1365 2638 Proprie
1391 2595 1436 2628 de
1459 2595 1606 2629 navibus

894 2653 1104 2691 tempestate
1119 2647 1254 2688 fractis,
1270 2646 1353 2690 quia
1364 2652 1400 2680 et
1424 2645 1604 2679 ‘contexi’

893 2700 1069 2742 dicuntur,
1098 2699 1198 2742 cujus
1222 2698 1288 2730 hoc
1311 2701 1364 2730 est
1392 2697 1604 2740 oppositum.

893 2752 1016 2785 Dicam
1037 2751 1181 2793 amplius
1210 2749 1243 2781 in
1271 2749 1363 2782 curis
1390 2749 1551 2782 secundis
1567 2749 1607 2782 li·

893 2803 1032 2836 brorum
1063 2811 1218 2834 meorum
1250 2801 1293 2833 de
1325 2800 1431 2833 Milit.
1470 2800 1605 2833 Navali.

894 2855 997 2890 Ovid.
1021 2855 1073 2887 ΕΙ.
1097 2863 1144 2886 ιν.
1161 2856 1193 2886 7.
1208 2852 1252 2886 de
1268 2852 1432 2886 navibus:
1457 2852 1466 2870 ‘
1481 2851 1537 2885 Ne
1554 2855 1604 2884 te-
