1806 3236
403 211 609 246 rnAEmu
645 210 1092 243 FAu.AEsor1ARuM
1126 211 1225 243 ΜΒ.
1259 213 1312 243 ιι.
1343 203 1386 244 5.

156 311 306 351 vetem
327 305 443 341 Nonio
467 309 613 346 autore3
644 304 762 348 itaque
786 315 865 339 cum

155 361 229 400 alut
255 357 353 393 ovidi
381 357 599 400 negotiorum
636 356 866 399 inquietique,

153 415 357 453 nuperque
402 408 570 442 cursitent
616 406 867 451 festinentque,

154 465 316 507 Qun
343 460 458 502 magni
487 459 617 502 aliquid
643 460 797 492 habeant
822 459 865 492 ad

153 510 338 557 agendum,
393 511 569 544 ardeliones
632 511 865 544 nominantur,

151 560 261 604 w.
305 561 457 604 Egregie
486 561 676 603 descripsit
709 561 772 594 hos
801 559 867 593 Ar-

151 611 307 647 deliones
332 612 456 646 Seuec.
475 612 519 645 de
541 612 729 653 Tranquill.
750 610 865 645 Anim.

150 672 230 706 cop.
246 665 301 696 12.
328 662 428 705 cujus
443 663 556 695 locum
584 661 732 695 adduxit
754 666 864 695 totum

149 713 432 757 Boogstratanus
447 716 580 745 noster.

193 763 421 805 Ametinum]
442 763 629 796 Salmasius
655 764 790 796 notavit
813 773 865 796 ar—

149 816 320 850 antimum.
374 816 439 848 Est
467 820 567 848 vetus
598 814 744 857 ἄρδαλος,
773 815 865 858 ἄρδοι-

149 865 246 900 unm
288 866 359 900 Sed
388 866 464 900 haec
489 866 586 899 alibi.
631 867 865 900 Divionenses

153 917 288 962 Glouae
312 921 472 951 veteres:
505 918 516 936 ‘
531 917 691 950 Arantia.-
714 917 863 950 Gluttoss

151 970 211 1003 De
239 968 414 1003 Gluttone
444 978 476 1002 v.
505 969 754 1012 Epigrammat.
783 970 864 1002 Vet.

150 1019 210 1054 lib.
225 1029 277 1054 ιν.
292 1029 330 1062 p.
345 1022 422 1052 162.
455 1019 543 1052 Gna.

194 1069 312 1112 Natio]
341 1069 386 1103 Id
400 1074 467 1111 est,
489 1079 620 1112 genus·
643 1070 739 1103 velut
754 1070 813 1103 ille
827 1071 864 1103 in

151 1119 343 1155 catalectici
356 1120 517 1162 Virgilii·
548 1112 863 1154 ‘scholasticorum

149 1170 246 1204 natio
258 1169 402 1204 madens
415 1170 593 1228 pinguis}
602 1171 737 1204 Plura*
728 1181 762 1203 ιιι
775 1172 862 1205 hanc

150 1229 238 1262 rem,
249 1229 363 1264 euque
378 1221 509 1263 oppido
525 1229 627 1264 quam
642 1221 746 1263 bona,
768 1222 863 1255 vide-

149 1269 204 1305 bt·
223 1270 320 1314 apud
335 1271 528 1305 Robertum
547 1272 676 1306 Titium
691 1273 779 1307 libro
795 1274 863 1307 Lo·

149 1329 268 1364 cmm
283 1320 509 1356 Controvers.
523 1331 605 1356 vm.
633 1326 686 1356 18.
711 1325 771 1366 qui
794 1324 863 1357 lau-

148 1371 309 1409 det-illud
325 1371 487 1406 ciceron.
502 1372 544 1405 de
558 1374 641 1407 Nat.
656 1375 765 1407 Deor.
780 1376 790 1395 ‘
804 1375 863 1409 Ita

148 1423 256 1458 ulem
271 1423 390 1466 istum,
411 1433 481 1467 quo
506 1429 604 1457 caret
620 1430 737 1459 vestra
756 1427 865 1469 natio,

147 1472 186 1507 in
212 1473 399 1509 irridendis
425 1474 525 1507 nobis
562 1475 712 1509 nolitote
740 1486 863 1510 consu-

147 1524 268 1560 mere?
311 1525 355 1559 In
369 1526 493 1569 quibus
515 1527 629 1560 verbis
653 1532 770 1560 tamen
786 1539 865 1571 pru-

148 1576 280 1611 riebnm
293 1577 374 1610 olim
390 1572 546 1610 nostrum
561 1577 713 1611 officium
735 1578 863 1622 facere,

148 1627 267 1670 idest,
291 1627 385 1671 quod
401 1628 459 1660 isti
485 1629 594 1661 nostri
609 1629 721 1662 critici
737 1631 863 1670 solent,

147 1687 226 1722 quie
240 1686 311 1711 non
333 1676 588 1721 intelligebam,
610 1680 801 1723 corrigere,
826 1686 864 1714 et

146 1728 232 1763 rufio
247 1728 494 1771 rescribillare,
517 1729 613 1772 quod
627 1730 751 1763 scirem
765 1731 865 1764 ratio·

146 1789 254 1814 ιιι-ιι
269 1778 443 1813 Cicerone
465 1784 502 1813 et
525 1780 600 1822 ejus
616 1781 778 1814 familiari
796 1783 862 1815 Lu-

145 1829 259 1864 cretio
272 1829 344 1864 dici
357 1833 502 1872 sectam,
523 1830 787 1873 philosophandi
803 1842 862 1874 ge-

146 1889 236 1921 ιιιιις
259 1885 300 1914 ut
314 1879 417 1914 Offic.
431 1880 492 1915 lib.
507 1890 535 1914 1.
558 1882 568 1900 ‘
582 1882 791 1924 Cynicorum
807 1893 863 1916 ve·

147 1939 187 1964 re
199 1931 294 1964 ratio
309 1935 384 1964 tota
403 1935 458 1964 est
480 1931 652 1974 ejicienda
667 1943 676 1965 ι
699 1937 754 1966 est
769 1934 861 1966 enim

147 1981 288 2015 inimica
303 1982 545 2025 verecundiae‚'
567 1985 632 2015 &c.
662 1983 861 2026 Schioppius.

149 2030 280 2066 Genu.
322 2031 381 2066 Ita
395 2033 521 2065 Cicero
543 2032 553 2050 ‘
570 2033 758 2066 Nationem
783 2045 862 2068 can-

149 2081 370 2123 ‹liniator-nm:
407 2092 469 2124 pro
509 2083 603 2116 Mur.
640 2087 657 2103 ·‘
675 2084 862 2118 Nationem

149 2132 393 2175 optimatium}
433 2143 496 2175 pro
534 2134 629 2167 Sext.
667 2137 860 2177 usurpavit.

149 2181 240 2214 Vide
265 2181 325 2216 lib.
341 2192 368 2216 1.
397 2186 452 2216 31.
489 2183 597 2224 Scires.
643 2185 685 2218 V.
714 2186 860 2220 Petrum

148 2233 285 2266 Victor.
300 2234 384 2267 Ver.
401 2235 498 2267 Lect.
511 2245 563 2268 1x.
588 2239 645 2269 22.
690 2237 738 2270 Et
756 2239 860 2273 Bern.

149 2283 295 2317 Martin-
309 2285 393 2319 var.
406 2286 507 2319 Lect.
523 2296 549 2320 1.
566 2290 618 2320 13.
634 2287 693 2331 qui
708 2289 863 2330 plurimis

149 2335 319 2377 exemplis
333 2335 450 2379 docet,
461 2337 633 2371 Notionem
647 2339 740 2382 apud
753 2340 861 2374 bonos

148 2388 310 2421 amores
322 2385 525 2430 plerumque
535 2388 571 2420 in
587 2389 712 2422 malam
726 2395 861 2432 partem

149 2434 251 2477 numi,
264 2439 304 2469 et
312 2446 376 2478 pro
389 2438 540 2479 pessimo
550 2438 723 2473 hominum
735 2451 860 2481 genere

149 2485 277 2528 accipi.
334 2488 388 2520 Ex
414 2488 536 2530 quibus
565 2489 601 2521 id
630 2491 862 2532 apprehendit

152 2535 336 2575 Abraham.
363 2539 409 2571 ad
432 2539 544 2572 Cicer.
576 2551 640 2583 pro
662 2541 783 2575 Sextio
807 2546 861 2578 45.

149 2591 189 2622 et
213 2587 259 2626 de
286 2589 431 2623 Provin.
461 2590 566 2624 Cous.
598 2595 651 2625 12.
706 2593 777 2630 Sed
806 2595 860 2628 cl.

151 2637 310 2671 Gravius
325 2640 442 2682 docet,
465 2643 624 2676 nationem
641 2653 704 2685 per
719 2655 770 2686 se,
794 2655 861 2679 nec

149 2689 257 2726 ulos
278 2700 342 2723 nec
356 2691 463 2725 bonos
487 2698 624 2735 notare,
643 2695 706 2728 sed
722 2706 787 2739 pro
802 2697 860 2730 ad-

145 2738 630 2780 junctisnomiuihns.13urm.

194 2792 216 2823 2
242 2790 387 2837 Trepide]
409 2794 496 2828 Cum
511 2795 728 2831 dubitatione
750 2807 798 2832 ae·
811 2799 862 2833 in·

1538 204 1627 247 443

914 305 1126 339 certitudine
1152 315 1266 339 causae
1295 315 1336 338 ac
1359 305 1537 348 propositi.
1583 308 1630 340 Et

915 357 964 391 sic
991 358 1246 399 interpretatur
1281 356 1422 390 Servius
1459 357 1504 389 ad
1531 357 1629 400 Virg.

915 408 993 440 AEn.
1018 417 1076 442 ιιι.
1099 411 1137 440 et
1158 416 1228 440 ιιι.
1251 405 1309 439 ubi
1335 406 1402 439 ait:
1442 406 1453 425 ‘
1469 407 1628 450 Trepidi,

915 459 1110 492 nescientes
1125 458 1208 501 quid
1223 457 1349 499 agant!
1371 457 1477 498 Sches.

961 510 1173 551 Concursum]
1195 509 1276 542 Huc
1287 509 1437 551 illucque
1448 508 1629 548 cursitans.

917 560 1032 593 Notat
1047 559 1303 594 multitudinem
1320 559 1549 601 negotiorum.
1572 561 1629 594 (Ji-

916 620 998 642 cero
1030 611 1065 642 in
1093 611 1177 643 Ver.
1202 619 1240 642 v.
1274 613 1284 629 ‘
1306 610 1433 643 Caeteri
1465 616 1629 652 praetores

915 661 1011 694 obire
1029 661 1253 703 provinciam,
1267 665 1305 694 et
1326 671 1534 695 concursare
1548 671 1629 695 eon·
1686 682 1689 684 -

914 711 1125 746 sueverunt!
1154 710 1263 751 Schef.

961 762 1123 803 Occupato
1148 762 1183 794 in
1209 760 1291 802 otio]
1343 760 1527 803 Ὀξύμωρον.
1572 762 1629 795 sie

915 812 1065 845 Mimus.
1095 813 1106 832 ‘
1123 812 1234 845 Amor
1251 812 1369 845 otiosae
1382 818 1435 846 est
1451 823 1535 847 cura
1551 813 1629 846 soli-

915 862 1105 896 citudinis!
1129 863 1237 898 Rite.
1454 869 1468 882 ⁰

959 916 979 946 8
1006 913 1121 946 Gratis
1135 895 1301 955 anhelans]
1322 914 1484 947 Anhelans
1498 914 1556 948 hic
1571 924 1630 948 ne-

916 964 1087 1004 gotiosum
1102 968 1379 1006 occupatumque
1394 964 1552 1005 denotat,
1570 965 1630 1008 qui

915 1017 960 1050 ob
986 1016 1211 1049 discursiones
1236 1017 1377 1049 crebras
1401 1017 1561 1058 spiritum
1585 1028 1629 1050 ιιι-

916 1076 978 1108 gre
992 1066 1099 1099 ducit.
1142 1066 1201 1099 Sic
1214 1067 1313 1108 Virg.
1326 1067 1384 1099 lib.
1399 1076 1468 1099 xu.
1486 1068 1495 1086 ‘
1510 1069 1631 1101 Certa-

914 1118 1008 1151 mine
1028 1117 1157 1150 Martis
1179 1117 1318 1150 anheli.’
1364 1118 1478 1150 Gratis
1500 1123 1630 1161 autem,

914 1167 1046 1201 frustra
1061 1172 1126 1212 ερῒ,
1142 1168 1198 1200 vel
1214 1168 1308 1200 nullo
1323 1178 1402 1201 cum
1415 1167 1545 1211 fructu,
1559 1170 1631 1202 nul-

913 1219 948 1252 lo
963 1229 1042 1252 cum
1068 1217 1211 1262 effectu,
1236 1223 1275 1251 ut
1297 1229 1390 1257 mort,
1414 1219 1496 1251 nihil
1519 1230 1628 1261 agens.

913 1269 1028 1303 Schef.

958 1321 1067 1353 Multa
1081 1321 1202 1362 agendo
1218 1320 1298 1353 nihil
1311 1320 1423 1362 agens]
1468 1321 1629 1363 Movens‚

914 1372 976 1404 sed
1001 1371 1083 1405 nihil
1109 1382 1327 1414 promovens,
1357 1376 1397 1405 ut
1424 1372 1474 1405 ait
1498 1373 1627 1406 Teren·

914 1422 983 1455 tius
997 1433 1006 1454 :
1041 1423 1094 1455 vel
1110 1427 1151 1455 ut
1165 1427 1286 1456 noster
1307 1422 1399 1455 infra
1414 1422 1475 1456 lib.
1491 1431 1542 1457 w.
1557 1422 1629 1457 fab.

912 1475 968 1507 22.
991 1473 1002 1492 ‘
1019 1473 1102 1514 Qui,
1126 1484 1252 1515 magna
1274 1483 1352 1506 cum
1377 1474 1544 1516 minatur,
1567 1484 1629 1506 ex-

912 1524 1020 1557 tricat
1031 1524 1139 1558 nihil)
1183 1526 1249 1557 Est
1264 1529 1380 1557 autem
1397 1525 1536 1566 elegans
1553 1525 1629 1558 haec

913 1574 1078 1617 ὑπαγραφὴ
1094 1574 1308 1608 ardelionum
1324 1586 1333 1608 ι
1365 1579 1406 1608 ut
1428 1574 1523 1607 avari
1538 1574 1630 1608 infra

912 1625 972 1658 lib.
988 1635 1038 1658 ιν.
1053 1624 1126 1658 fab.
1144 1628 1195 1658 19.
1224 1626 1308 1658 Βία.

956 1679 978 1708 6
1017 1675 1101 1709 Vera
1116 1675 1255 1718 sabella]
1294 1676 1418 1710 Fabula
1446 1677 1630 1720 aliquando

914 1736 978 1768 pro
1008 1727 1208 1759 narratione
1237 1728 1482 1770 qualicunque.
1534 1728 1629 1762 Hinc

912 1777 922 1795 ‘
937 1777 1127 1818 Fabulari,'
1143 1781 1151 1797 ‘
1165 1776 1413 1810 Confabulari.’
1445 1778 1539 1811 Hinc
1551 1788 1629 1820 pro·

915 1826 1010 1874 verli.
1032 1827 1043 1845 ‘
1060 1828 1178 1869 Lupus
1194 1827 1227 1859 in
1242 1826 1384 1860 fabula!
1421 1828 1503 1860 vid.
1516 1828 1628 1861 Boecl.

915 1878 1108 1912 Chrestom.
1123 1878 1198 1910 Ter.
1224 1887 1301 1911 voc.
1318 1877 1446 1918 fabula.
1490 1878 1630 1912 Dicitur

913 1928 1006 1961 enim
1033 1939 1054 1961 a
1074 1927 1630 1971 sando.1sidor.0rig.1.39.

913 1979 1050 2012 Prosch.

963 2030 1191 2072 Verafabella]
1229 2031 1274 2065 Q.
1286 2030 1320 2063 d.
1335 2040 1408 2064 non
1423 2030 1514 2064 fictis
1531 1999 1628 2065 falm-

885 2086 894 2096 ·
912 2081 976 2114 lis.
1009 2085 1166 2123 utsupra
1191 2081 1226 2112 in
1254 2082 1340 2122 p1·.0l
1355 2082 1416 2114 lib.
1432 2092 1458 2115 1.
1472 2088 1509 2114 et
1525 2082 1628 2125 infra,

912 2131 976 2164 lib.
995 2141 1036 2165 ιι.
1052 2130 1122 2164 fab.
1140 2134 1172 2164 9.
1191 2136 1228 2164 et
1243 2132 1304 2164 lib.
1321 2141 1379 2165 ιιι.
1393 2133 1427 2165 in
1445 2134 1531 2175 prol.
1553 2134 1627 2176 Sig-

911 2182 1044 2223 nificat,
1075 2192 1112 2215 se
1142 2181 1198 2214 hic
1232 2192 1350 2215 veram
1385 2184 1627 2226 expositurum

912 2234 1110 2267 historiam:
1144 2233 1235 2266 unde
1259 2238 1298 2266 et
1320 2234 1484 2276 temporis
1500 2239 1537 2268 et
1558 2236 1627 2268 loci

912 2284 1107 2328 περιστάσεις
1128 2284 1238 2317 addit.
1282 2285 1383 2318 Tales
1410 2287 1626 2319 narrationes

913 2347 1013 2370 veras
1039 2337 1091 2369 his
1115 2336 1251 2370 fabellis
1281 2335 1467 2370 immiscuit
1493 2338 1625 2379 plures.

911 2387 999 2421 Ritt-

953 2437 1142 2479 Attendere]
1167 2437 1337 2470 Absolute
1353 2447 1428 2480 pro,
1442 2438 1625 2474 attendere

912 2488 1062 2521 animum
1079 2488 1123 2520 ad
1139 2498 1226 2520 eam.
1249 2487 1358 2527 Sches.

955 2543 975 2572 7
991 2539 1100 2572 Caesar
1115 2538 1275 2580 Tiberius]
1291 2539 1432 2573 Sueton.
1444 2539 1479 2573 in
1486 2539 1624 2574 Tiberio

912 2600 988 2634 cap.
1001 2592 1054 2623 27.
1079 2590 1161 2630 Rig.

955 2645 976 2675 8
998 2643 1040 2675 Ιιι
1056 2641 1266 2674 Misenensem
1290 2640 1414 2682 villam]
1436 2641 1543 2675 Corn.
1558 2643 1624 2676 Ta-

912 2694 972 2728 cit.
988 2704 1040 2728 v1.
1063 2693 1191 2726 Annal.
1216 2692 1358 2726 Sueton.
1377 2693 1457 2726 Tib.
1475 2704 1552 2737 cap.
1567 2697 1622 2727 ⁷1.

911 2748 966 2778 73.
989 2745 1115 2778 Villam
1131 2743 1165 2776 in
1176 2742 1366 2775 Misenensi
1383 2754 1479 2787 agro,
1495 2744 1538 2779 de
1553 2754 1622 2788 qua

913 2796 1046 2831 Plinius
1062 2796 1123 2830 lib.
1139 2803 1248 2828 xvm.
1273 2794 1353 2835 Εἰς.
