1806 3236
244 157 332 232 5ae

245 298 283 327 et
307 293 449 337 optimae
475 304 621 338 qumque
643 294 852 329 membrauae
873 305 952 340 pro-

244 345 343 378 bant.
386 346 428 378 In
457 346 566 378 veteri
596 346 823 388 inscriptione
860 346 953 389 apud

245 398 434 431 Gruterum
460 406 578 430 ncccr.
608 401 641 431 6.
685 398 869 433 Lrounnrr
890 407 953 440 pro

243 457 402 482 nomm.
449 449 496 481 Et
507 457 625 482 vau.
640 451 673 482 9.
716 449 872 485 Huwso.
893 458 953 482 ιο-

199 545 201 547 ,
244 510 293 534 οι.
322 510 386 544 pro
419 500 555 541 hujusce.
599 501 647 533 Et
673 500 710 533 in
746 502 953 543 Fragmento

244 551 325 585 Kal.
341 552 423 585 Vet.
442 551 535 593 apud
555 552 746 585 Gruterum
769 561 904 586 cxxxv.
920 555 953 585 2.

244 603 444 638 Hususaun
458 612 552 643 mar,
565 612 630 645 pro
643 603 780 643 hujusce,
804 603 898 635 Gud.

287 655 402 688 Pullus
432 653 647 695 Gallinaceus]
680 654 762 686 Vid.
788 653 952 696 Ampliss.

245 706 374 748 cuper.
391 706 607 738 Monument.
633 704 750 747 Antiq.
766 714 802 746 p.
816 708 892 737 200.

288 760 308 790 3
331 756 440 798 Jaces]
462 756 574 797 Bene,
596 755 642 787 de
664 764 701 787 re
723 755 879 795 neglecta
895 764 952 788 ve·

242 809 297 841 lut
311 817 375 850 per
390 809 638 848 contemptum.
669 805 808 838 Curtius
822 804 881 838 lib.
895 814 953 838 ιιι.

245 862 299 893 13.
322 857 520 892 ‘Jacebant
545 857 626 889 totis
649 856 779 898 campis
800 865 884 899 opes
900 865 952 889 re-

244 908 335 952 giae.'
359 907 467 948 Sches.

214 966 217 968 ’
289 959 434 1002 Quanta]
455 957 716 998 Rittershusius‚
727 968 744 990 ο
760 961 877 1000 quanta
890 968 952 992 res.

244 1011 315 1044 Sed
330 1010 465 1051 dubito,
490 1019 571 1042 num
595 1009 644 1042 sic
666 1009 857 1050 scripserit,
874 1009 954 1051 quia

243 1061 360 1096 statim
390 1060 556 1103 sequitur,
581 1060 611 1091 Ο
638 1060 667 1091 si
697 1060 779 1101 quis,
814 1060 954 1101 ingrata

243 1112 466 1156 repetitione.
510 1111 602 1144 Illud
617 1113 733 1153 quanta
747 1110 954 1152 intelligitur

244 1164 289 1197 de
306 1163 418 1206 pretio
431 1166 466 1195 et
478 1161 692 1203 dignatione.
716 1161 820 1201 Schef.
866 1161 953 1193 Mihi

243 1216 384 1256 vulgata
419 1212 559 1245 minime
596 1212 768 1254 displicet.
829 1210 954 1244 Obiter

244 1264 508 1305 observandum,
534 1266 630 1295 recte
648 1263 798 1303 ¹sentire,
820 1262 879 1305 qui
894 1271 954 1294 no·

243 1317 336 1350 mina
350 1318 477 1357 negant
494 1324 567 1347 esse
584 1318 719 1346 tantum
735 1313 848 1346 tertiae
875 1322 953 1354 per-

244 1377 360 1407 sonae3
385 1369 465 1398 sunt
480 1365 571 1397 enim
586 1364 704 1398 omnis.
750 1364 820 1397 Hic
834 1373 956 1396 secun·

244 1419 299 1451 ‹1ae
325 1421 380 1450 est
405 1426 472 1448 res.-
493 1419 610 1458 quanta
625 1426 677 1448 res
685 1414 798 1456 jaces?
820 1420 861 1448 ut
886 1415 955 1457 pri-

243 1478 311 1501 mae
340 1466 475 1508 artifex,
501 1466 536 1498 in
566 1466 691 1498 stolida
725 1466 785 1498 illa
813 1466 954 1508 querela

244 1519 418 1553 Neronis:
457 1517 468 1536 ‘
495 1516 613 1551 Qualis
643 1515 771 1549 artifex
803 1526 910 1559 pereo
933 1515 953 1548 !’

244 1570 340 1603 Suet.
357 1569 444 1602 Ner.
469 1578 502 1600 c.
525 1570 580 1600 49.
603 1573 639 1600 et
661 1567 789 1599 Caesar.
805 1576 882 1608 cap.
899 1569 952 1599 30.

244 1620 389 1654 ‘Tantis
416 1619 518 1652 rebus
550 1619 656 1661 gestis
678 1619 717 1652 C.
742 1619 859 1652 Caesar
874 1628 953 1651 con-

244 1669 427 1704 demnatus
444 1668 576 1701 essem!
600 1668 748 1701 Freinsh.
792 1667 955 1701 Heinsius

243 1721 344 1763 legit,
358 1731 376 1752 o
397 1722 514 1762 quanta
528 1717 599 1751 res!
624 1723 663 1751 ut
686 1722 801 1751 autem
817 1719 955 1760 ingrata

243 1771 411 1813 repetitio
448 1770 589 1810 vitetur,
625 1773 721 1801 recte
758 1769 954 1810 legendum,

246 1822 321 1855 Hoc
344 1822 373 1854 si
394 1821 464 1863 quis
486 1820 586 1862 pretii
599 1819 730 1862 cupidus
749 1819 880 1852 vidisset
893 1820 954 1861 tui,

243 1873 311 1907 viri
327 1872 423 1905 docti
435 1875 652 1905 censuerunt.

287 1926 310 1955 4
335 1924 365 1955 0
389 1923 418 1955 si
442 1921 526 1964 quis]
563 1922 651 1954 Mss.
675 1922 772 1955 Rem.
799 1925 836 1954 et
860 1921 955 1955 Pith.

245 1974 320 2007 Hoc
345 1974 374 2006 si
403 1973 484 2015 quis.
540 1973 661 2015 Recte,
691 1976 730 2005 ut
757 1977 854 2014 puto.
898 1972 955 2005 Ita

246 2028 360 2061 edidit
383 2027 549 2067 Pithoeus,
575 2035 652 2058 cum
675 2025 784 2058 oratio
801 2028 836 2056 et
853 2024 955 2066 plene

245 2078 429 2122 procedat,
444 2081 479 2109 et
489 2077 633 2118 pulchre
644 2076 816 2109 cohaereat
829 2086 838 2115 ;
850 2084 955 2117 quare

244 2138 431 2172 perperam
445 2137 466 2160 a
486 2127 581 2160 libris
603 2126 777 2159 veteribus
796 2126 956 2159 discessit

245 2180 433 2222 Rigaltius,
442 2187 604 2221 suamque
615 2178 848 2220 conjecturam
860 2176 956 2210 nobis

247 2229 410 2263 obtrusit.
440 2229 525 2261 Gud.

290 2284 309 2312 5
337 2279 438 2321 Olim]
463 2278 683 2313 Jamdudum.
727 2279 818 2312 Vide
834 2289 895 2312 nos
911 2279 954 2312 ad

246 2331 393 2364 Petron.
441 2329 513 2362 Aut
538 2329 631 2362 forte
654 2329 851 2371 legendum,
875 2330 978 2362 Colli·

246 2382 377 2414 redisses
382 2382 422 2413 ad
429 2381 616 2422 splendorem
624 2380 806 2413 maximum.
832 2380 955 2414 Heius.

295 2432 382 2464 Olim
410 2431 543 2464 redisses
564 2432 606 2463 ad
633 2431 824 2472 splendorem
854 2432 955 2463 maxi-

247 2482 348 2523 mum]
377 2482 548 2515 Nimirum
561 2481 633 2514 siin
649 2480 775 2513 mundo
790 2482 956 2524 cultuque

247 2533 408 2566 muliebri
434 2532 568 2566 fuisset.
622 2532 713 2565 Nam
749 2532 842 2564 circa
870 2542 956 2564 mar-

249 2584 379 2626 garitas
395 2583 539 2615 ardebat
565 2583 687 2615 insana
708 2583 884 2615 mulierum
901 2592 955 2615 su-

248 2634 381 2677 perbia.
418 2633 493 2666 Imo
521 2634 746 2676 puellularum
776 2632 955 2665 infantiam

248 2689 391 2727 pertusa
427 2683 560 2716 aurium
596 2684 721 2716 lamina
743 2683 955 2725 ⁴scrupuloso

251 2735 348 2767 oneri
384 2733 527 2767 ferendo
553 2733 809 2777 praeparabant.
854 2733 955 2765 Unde

252 2786 365 2827 gravis
382 2785 473 2829 apud
485 2786 730 2819 Tertullianum
747 2784 887 2827 querela
897 2783 955 2816 lib.

717 199 861 232 NOTAE
893 199 1161 234 vAmoRUM
1194 202 1247 234 IN

1002 295 1048 329 de
1085 297 1188 330 Cultu
1218 297 1314 331 Fem.
1340 298 1577 341 ‘scrupulosa
1607 297 1712 334 ΒΜ·

1003 346 1141 380 auribus
1162 349 1306 381 vulnera
1330 349 1460 391 intulit,
1486 354 1524 383 et
1546 351 1708 384 tantilit-

1003 397 1079 430 buit
1093 398 1307 431 vexationem
1320 400 1436 442 operis
1450 400 1514 442 sui,
1527 405 1564 434 et
1576 401 1708 434 crueb-
1764 424 1770 434 »

1003 448 1061 481 tus'
1084 447 1238 482 infantiae
1263 453 1344 483 tunc
1363 451 1512 492 primum
1549 451 1711 494 dolentis,

1003 502 1042 531 ut
1065 508 1110 531 ex
1138 499 1205 532 illis
1224 500 1296 542 jam
1321 499 1536 534 ferruminati
1552 502 1708 544 eorporis

1002 550 1223 584 cicatricibus
1251 561 1358 593 grana
1377 553 1496 586 neseio
1519 563 1597 596 quae
1622 562 1709 596 pen·

1003 602 1150 635 det-ent!
1196 603 1316 636 Grana
1330 608 1434 637 vocat
1443 605 1622 647 scrupulos
1634 604 1712 638 sive*

1002 654 1150 696 lapillos,
1166 654 1283 697 quales
1309 654 1319 673 ‘
1332 654 1510 688 Elencbos'
1525 655 1708 689 muliercu-

1001 706 1046 737 1ae
1058 705 1223 738 Romanae
1251 706 1519 748 appellitabantf
1536 707 1714 750 sanguim·-

1002 754 1082 787 dine
1097 756 1348 797 praeeellentes.
1393 757 1528 790 010⁸·ae
1542 762 1707 792 —vemz

1001 806 1012 823 ⁴
1029 806 1196 848 Uniones‚
1208 807 1394 850 μαργαρῖται
1405 806 1708 850 manuum-

1000 856 1072 890 noa!
1108 856 1200 889 Item
1216 868 1225 891 ι
1242 858 1438 901 Manapin-cu
1451 857 1596 900 μεγάλοι,
1610 859 1708 893 Mu·-

1002 907 1126 950 garitae
1156 909 1324 942 Elenchi.'
1368 910 1639 944 Juvenalissat.
1653 917 1707 943 vi.

1003 963 1012 977 ⁸
1025 958 1176 992 Auribus
1193 960 1347 992 extensis
1375 970 1516 1002 magnos
1537 961 1713 995 commisit-

1003 1010 1186 1043 elenchos.'
1227 1011 1360 1044 Plinius
1389 1021 1427 1045 x.
1450 1015 1504 1046 35.
1525 1012 1709 1046 ‘Proceri-

1003 1060 1118 1093 oribus
1149 1071 1210 1093 sua
1233 1062 1347 1103 gratia
1368 1067 1449 1104 est;
1471 1063 1634 1096 elenchos
1646 1067 1708 1106 ap⁸>

1002 1112 1134 1153 pellant
1159 1111 1335 1154 fastigiata
1348 1113 1564 1155 longitudine
1578 1113 1714 1146 alebas-

1002 1166 1133 1195 trorum
1148 1162 1257 1205 figura
1273 1163 1307 1195 in
1321 1164 1507 1206 pleniorem
1521 1163 1639 1197 orbem
1651 1164 1709 1197 de·

1001 1213 1181 1246 sinentes.'
1225 1215 1368 1247 Petron.
1383 1215 1454 1248 Sat.
1467 1215 1476 1233 ‘
1489 1215 1568 1249 Quo
1576 1223 1710 1257 marga-

1003 1263 1070 1295 rita
1080 1273 1160 1295 cara
1171 1263 1325 1297 tribacca
1337 1264 1458 1297 Indica
1467 1264 1523 1297 An
1534 1269 1574 1297 ut
1583 1269 1710 1298 matro-

1001 1323 1047 1346 na
1068 1318 1211 1346 onerata
1232 1313 1350 1346 faleris
1366 1315 1509 1357 pelagiis
1521 1316 1635 1348 Tollat
1651 1325 1709 1358 pe-

1003 1364 1063 1396 des
1095 1364 1262 1396 indomita
1295 1364 1328 1396 in
1364 1369 1476 1398 strato
1510 1370 1677 1399 extraneo
1685 1367 1708 1398 ?’

1003 1415 1156 1447 Uniones
1172 1419 1208 1447 et
1219 1415 1427 1457 margaritae,
1438 1415 1599 1448 Elenebi:
1615 1420 1710 1458 puta,

1003 1465 1083 1508 quia
1095 1468 1194 1498 eraut
1203 1466 1300 1508 quasi
1309 1466 1452 1506 indices,
1459 1466 1565 1507 tituli,
1573 1471 1612 1500 et
1619 1477 1712 1510 quae·

1003 1516 1082 1548 dam
1108 1516 1214 1548 veluti
1244 1516 1351 1557 sigua,
1373 1520 1518 1559 propter
1532 1526 1710 1560 proceram

1004 1570 1041 1599 et
1053 1566 1177 1599 indicis
1205 1566 1314 1599 instar
1336 1567 1523 1610 subjectam
1557 1567 1711 1610 figuram.

1003 1617 1106 1650 Unde
1118 1621 1154 1649 et
1176 1618 1334 1650 mulieres
1348 1618 1512 1650 Romanoe
1533 1617 1712 1660 dicebant,

1004 1668 1143 1700 lictorem
1149 1667 1283 1707 semime
1297 1667 1331 1699 in
1341 1667 1463 1709 publico
1474 1668 1620 1701 “niumm
1632 1674 1709 1702 caue.

1004 1718 1095 1750 Plin.
1110 1718 1192 1750 ibid.
1210 1717 1355 1750 Fallitur
1368 1722 1481 1750 autem
1502 1718 1711 1760 Stephanus,

1005 1769 1063 1811 qui
1090 1769 1289 1810 Elenchnm,
1314 1768 1469 1800 Iudicem
1493 1769 1601 1801 latine
1615 1774 1712 1803 recte

1005 1818 1074 1851 dici
1102 1823 1208 1860 negat
1224 1828 1254 1851 e.
1277 1822 1306 1851 8.
1336 1818 1514 1853 Admonit.
1542 1819 1588 1852 de
1613 1819 1713 1853 abus.

1004 1869 1088 1910 ling.
1101 1869 1217 1902 Graec.
1241 1869 1322 1910 Rig.

1048 1919 1211 1961 Redisse-⁹]
1242 1921 1350 1952 Facta
1365 1929 1456 1953 esses
1470 1920 1662 1964 splendida,
1673 1925 1713 1954 ut

1006 1970 1100 2012 olim,
1130 1980 1208 2013 quae
1235 1980 1326 2004 nunc
1364 1970 1445 2004 fimo
1481 1976 1712 2014 conspurcata

1000 2021 1098 2063 jaces
1111 2025 1207 2053 tanto
1221 2025 1388 2063 tempore.
1411 2020 1517 2060 Schef.

1049 2071 1246 2113 Maximum]
1270 2073 1323 2104 Ex
1347 2071 1491 2104 Rimicio
1505 2072 1626 2105 mallet
1641 2072 1714 2106 Ne-

1006 2124 1140 2156 veletus
1155 2123 1318 2165 seribere,
1331 2123 1514 2164 pristinum.
1536 2123 1655 2157 Schef.

1048 2177 1070 2206 6
1093 2175 1164 2215 Ego
1192 2174 1247 2215 qui
1273 2178 1306 2206 te
1334 2173 1458 2215 inveni]
1491 2174 1609 2216 Lego:
1641 2174 1713 2216 Ego

1005 2235 1097 2267 quum
1122 2228 1154 2257 te
1180 2224 1298 2258 inveni.
1330 2225 1461 2257 Meurs.
1504 2224 1599 2266 Lego
1612 2225 1713 2267 plane

1005 2276 1069 2309 hoe
1093 2277 1182 2317 loco,
1200 2275 1344 2308 retentis
1360 2275 1530 2316 omnibus,
1551 2275 1624 2308 sola
1646 2275 1713 2307 ‹lis-

1006 2327 1171 2373 tinctione
1191 2330 1343 2359 mutata:
1370 2327 1440 2367 Ego
1462 2327 1562 2369 quite
1582 2324 1713 2359 inveni?

1001 2378 1106 2420 potior
1120 2374 1170 2410 cai
1183 2379 1281 2410 multo
1295 2381 1342 2410 est
1352 2377 1448 2411 cibus.
1492 2378 1561 2410 Nee
1571 2377 1641 2420 libe}
1657 2379 1712 2419 ᾷτ.

1006 2429 1088 2470 Qui,
1112 2429 1174 2469 ait,
1200 2438 1264 2470 ego
1295 2433 1330 2461 te
1359 2428 1499 2461 inveni?
1557 2426 1622 2463 Qui
1645 2430 1711 2466 est,

1006 2489 1125 2522 quare,
1138 2479 1372 2522 quamobrem,
1392 2482 1432 2510 ut
1448 2476 1538 2519 apud
1552 2476 1711 2509 Terenti-

1005 2539 1075 2571 um,
1105 2529 1317 2570 Ciceronem,
1341 2528 1493 2570 aliosque
1522 2527 1710 2568 plurimos;

1005 2580 1101 2621 quasi
1138 2579 1292 2612 diceret:
1332 2579 1475 2610 Frustra
1505 2581 1540 2609 te
1570 2577 1708 2609 inveni:

1005 2639 1086 2661 nam
1100 2638 1162 2661 nec
1177 2640 1240 2671 ego
1254 2630 1316 2662 tibi
1333 2638 1479 2670 possum,
1495 2637 1560 2660 nec
1577 2632 1615 2660 tu
1631 2627 1710 2660 mihi

1004 2684 1104 2722 potes
1128 2680 1302 2722 prodesse.
1325 2680 1434 2719 Sales.
1480 2680 1549 2720 Ego
1571 2689 1665 2721 quum
1679 2683 1710 2711 te

1003 2731 1120 2763 inveni.
1144 2731 1273 2763 Meurs.
1316 2730 1385 2762 Sed
1401 2729 1485 2762 nihil
1500 2729 1710 2773 mutandum

1005 2781 1159 2822 Zeugma
1175 2785 1239 2822 est,
1263 2780 1311 2812 sic
1329 2779 1565 2814 resolvendum
1578 2778 1639 2812 ἀπὸ
1653 2778 1710 2811 τοῦ
