1806 3236
777 176 836 207 u
846 176 904 208 su
915 175 974 207 ω
1015 165 1087 209 19.
1249 199 1251 202 .
1579 167 1667 214 295

713 453 926 521 FAnuLA
974 480 1128 520 xvm.

183 632 540 694 VOLUCRES,
562 641 1066 696 QUADRUPEDES,
1099 642 1181 687 ΕΤ
1211 609 1661 688 VESPERTILIO.

183 809 403 853 Battum
423 807 631 866 gerebant
649 810 874 855 Volucres
892 824 996 854 cum
1018 810 1418 868 Quadrupedibus‚

183 877 245 921 Et
268 878 561 922 vincebantur
579 892 708 924 versa
727 880 924 924 victores
944 881 1072 925 vice:

181 946 248 990 At
267 945 559 1004 Vesper-tilio,
581 947 745 991 dubios
767 953 951 993 eventus
972 950 1155 1001 timens,

90 1056 106 1068 ,
181 1013 258 1058 Ad
278 1015 384 1059 illos
405 1029 592 1072 semper,
624 1029 740 1073 quos
760 1029 997 1073 superasse
1017 1017 1207 1070 viderat,

181 1083 242 1127 Se
261 1085 534 1136 conferebat.
594 1085 649 1128 In
669 1098 834 1141 pacem
854 1098 958 1129 cum
978 1085 1216 1142 pristinam
1357 1116 1366 1127 x
1636 1091 1666 1133 5

181 1151 437 1206 Red’msent,
452 1153 576 1198 fraus
595 1153 771 1210 utrique
792 1155 942 1208 generi
961 1154 1187 1211 apparuit.

180 1218 434 1265 Damnatus
454 1234 557 1278 ergo
576 1225 669 1266 tam
688 1221 896 1278 pudendo
917 1223 1119 1275 crimine,

177 1288 347 1333 Lucem
368 1289 606 1346 refugiens,
627 1291 737 1334 atris
756 1291 946 1346 posthae
966 1291 1173 1335 condidit

176 1358 237 1402 Se
254 1359 462 1411 tenebris,
493 1360 591 1403 sola
608 1359 819 1403 noctibus
838 1373 1014 1417 semper
1032 1362 1202 1404 volans.

235 1425 328 1479 Qui
348 1439 398 1470 se
417 1426 593 1470 duabus
615 1427 861 1471 venditabit
878 1429 1098 1484 partibus,
1607 1430 1664 1472 10

176 1493 394 1551 Utrisque
411 1495 609 1551 ingratus
625 1496 766 1540 vitam
783 1495 916 1551 deget
933 1497 1134 1553 turpiter.

847 1633 993 1668 NOTAE

218 1706 308 1742 Hac
322 1707 443 1742 fabula
468 1713 524 1742 est
545 1718 601 1752 ap.
616 1708 743 1743 Rimic.
758 1709 817 1743 lib.
829 1718 889 1744 m.
989 1715 1030 1745 lo
1068 1711 1268 1757 Venditoebit]
1305 1712 1363 1747 Ita
1390 1717 1478 1758 puto
1504 1714 1643 1748 scriben

173 1758 247 1793 fab.
275 1762 309 1794 4.
337 1759 450 1794 Anum
479 1759 551 1794 fab.
576 1761 631 1795 80.
665 1760 804 1795 Romui.
831 1763 888 1794 2⁷.
943 1763 1046 1797 dum:
1069 1764 1226 1798 vindicari
1248 1768 1308 1799 est
1325 1765 1362 1799 in
1387 1765 1591 1809 Anonymo:
1626 1777 1660 1800 εε

172 1811 290 1847 Bm.
312 1812 443 1846 Eadem
459 1814 613 1848 neem-rit
623 1823 679 1857 ap.
691 1814 791 1849 Rom.
803 1814 887 1849 Div.
940 1815 1106 1850 venditare
1120 1816 1262 1861 Plauto,
1278 1817 1433 1861 Justino,
1456 1823 1494 1851 et
1518 1817 1593 1852 aliis
1607 1817 1659 1851 ἠὲ

173 1867 210 1898 et
226 1864 318 1899 Ulm.
331 1865 393 1901 lib.
406 1875 464 1900 ιη.
477 1865 548 1901 fab.
563 1868 597 1901 4.
618 1865 724 1900 &lm
940 1867 1084 1900 miliare.

738 2078 1098 2087 ——————.-.-.—

729 2250 944 2291 FABULA
993 2250 1110 2292 XIX.

347 2392 671 2447 LUSCINIA,
701 2393 1070 2448 ACCIPITER,
1101 2395 1183 2438 ET
1217 2394 1479 2440 AUCEPS.

174 2538 456 2583 Accir’rrssn
478 2541 523 2584 in
545 2540 744 2585 Luscinii
763 2540 872 2584 nido
894 2540 1002 2585 dum
1020 2540 1160 2593 sedet,

841 2674 984 2710 NOTAE

211 2750 301 2784 Iioee
315 2751 434 2785 fab-la
457 2756 512 2786 est
529 2762 587 2795 ap.
604 2752 727 2787 Rimic.
742 2752 802 2786 lib.
821 2762 879 2786 ur.
935 2754 1052 2787 Burni.
1110 2751 1266 2785 Eandem
1295 2749 1400 2784 habes
1426 2750 1520 2794 apud
1550 2752 1649 2786 Rom.

166 2802 236 2837 rub.
251 2808 284 2838 ⁶.
297 2804 408 2839 Anon.
423 2804 496 2839 fab.
511 2808 566 2838 89.
581 2811 618 2840 et
630 2807 728 2840 Rom.
741 2805 813 2839 fab.
824 2809 880 2840 28.
935 2804 1018 2838 Div.
1030 2808 1067 2837 et
1083 2803 1180 2836 Uim.
1192 2802 1254 2837 lib.
1271 2812 1328 2837 ur.
1346 2801 1416 2837 sab.
1433 2807 1465 2838 5.
1487 2803 1590 2838 Schw.
