<?xml version="1.0" encoding="UTF-8"?>
<!DOCTYPE html PUBLIC "-//W3C//DTD XHTML 1.0 Transitional//EN"
    "http://www.w3.org/TR/xhtml1/DTD/xhtml1-transitional.dtd">
<html xmlns="http://www.w3.org/1999/xhtml" xml:lang="en" lang="en">
 <head>
  <title>
</title>
<meta http-equiv="Content-Type" content="text/html;charset=utf-8" />
  <meta name='ocr-system' content='tesseract 3.04.00' />
  <meta name='ocr-capabilities' content='ocr_page ocr_carea ocr_par ocr_line ocrx_word'/>
</head>
<body>
  <div class='ocr_page' id='page_1' title='image "./fabualeaesopiae00phaeuoft_0356.png"; bbox 0 0 1806 3236; ppageno 0'>
   <div class='ocr_carea' id='block_1_1' title="bbox 198 200 285 243">
    <p class='ocr_par' dir='ltr' id='par_1_1' title="bbox 198 200 285 243">
     <span class='ocr_line' id='line_1_1' title="bbox 198 200 285 243; baseline 0 0"><span class='ocrx_word' id='word_1_1' title='bbox 198 200 285 243; x_wconf 77' lang='lat'><strong>344</strong></span> 
     </span>
    </p>
   </div>
   <div class='ocr_carea' id='block_1_2' title="bbox 198 307 904 1067">
    <p class='ocr_par' dir='ltr' id='par_1_2' title="bbox 198 307 903 746">
     <span class='ocr_line' id='line_1_2' title="bbox 200 307 902 342; baseline 0.004 -3"><span class='ocrx_word' id='word_1_2' title='bbox 200 316 276 339; x_wconf 90' lang='lat' dir='ltr'><strong>cum</strong></span> <span class='ocrx_word' id='word_1_3' title='bbox 293 308 406 340; x_wconf 83' lang='lat' dir='ltr'><strong>Leone</strong></span> <span class='ocrx_word' id='word_1_4' title='bbox 423 307 520 340; x_wconf 76' lang='lat' dir='ltr'><strong>fuere</strong></span> <span class='ocrx_word' id='word_1_5' title='bbox 541 308 577 340; x_wconf 88' lang='lat' dir='ltr'><strong>in</strong></span> <span class='ocrx_word' id='word_1_6' title='bbox 597 308 750 341; x_wconf 79' lang='lat' dir='ltr'><strong>saltibus.</strong></span> <span class='ocrx_word' id='word_1_7' title='bbox 787 309 902 342; x_wconf 75' lang='lat' dir='ltr'><strong>Socie-</strong></span> 
     </span>
     <span class='ocr_line' id='line_1_3' title="bbox 200 358 902 393; baseline 0.004 -3"><span class='ocrx_word' id='word_1_8' title='bbox 200 362 254 390; x_wconf 86' lang='lat' dir='ltr'><strong>tas</strong></span> <span class='ocrx_word' id='word_1_9' title='bbox 271 368 352 392; x_wconf 89' lang='lat' dir='ltr'><strong>vero</strong></span> <span class='ocrx_word' id='word_1_10' title='bbox 366 359 439 391; x_wconf 80' lang='lat' dir='ltr'><strong>haec</strong></span> <span class='ocrx_word' id='word_1_11' title='bbox 455 358 539 391; x_wconf 83' lang='lat' dir='ltr'><strong>ficta</strong></span> <span class='ocrx_word' id='word_1_12' title='bbox 554 358 596 391; x_wconf 84' lang='lat' dir='ltr'><strong>ad</strong></span> <span class='ocrx_word' id='word_1_13' title='bbox 613 368 740 392; x_wconf 89' lang='lat' dir='ltr'><strong>morem</strong></span> <span class='ocrx_word' id='word_1_14' title='bbox 762 365 902 393; x_wconf 82' lang='lat' dir='ltr'><strong>venato-</strong></span> 
     </span>
     <span class='ocr_line' id='line_1_4' title="bbox 200 409 901 444; baseline 0.003 -4"><span class='ocrx_word' id='word_1_15' title='bbox 200 418 296 441; x_wconf 86' lang='lat' dir='ltr'>rum:</span> <span class='ocrx_word' id='word_1_16' title='bbox 319 410 370 442; x_wconf 85' lang='lat' dir='ltr'><strong>ita</strong></span> <span class='ocrx_word' id='word_1_17' title='bbox 386 409 563 443; x_wconf 86' lang='lat' dir='ltr'><strong>Claudian.</strong></span> <span class='ocrx_word' id='word_1_18' title='bbox 580 410 691 442; x_wconf 88' lang='lat' dir='ltr'><strong>Stilic.</strong></span> <span class='ocrx_word' id='word_1_19' title='bbox 714 419 740 443; x_wconf 90' lang='lat'><strong>1.</strong></span> <span class='ocrx_word' id='word_1_20' title='bbox 762 413 816 443; x_wconf 73' lang='lat'><strong>34.</strong></span> <span class='ocrx_word' id='word_1_21' title='bbox 839 411 850 429; x_wconf 87' lang='lat'>‘</span> <span class='ocrx_word' id='word_1_22' title='bbox 864 411 901 444; x_wconf 90' lang='lat' dir='ltr'><strong>Si</strong></span> 
     </span>
     <span class='ocr_line' id='line_1_5' title="bbox 200 459 901 502; baseline 0.004 -11"><span class='ocrx_word' id='word_1_23' title='bbox 200 460 335 502; x_wconf 80' lang='lat' dir='ltr'><strong>quando</strong></span> <span class='ocrx_word' id='word_1_24' title='bbox 348 460 449 492; x_wconf 89' lang='lat' dir='ltr'><strong>sociis</strong></span> <span class='ocrx_word' id='word_1_25' title='bbox 462 463 575 492; x_wconf 89' lang='lat' dir='ltr'><strong>tecum</strong></span> <span class='ocrx_word' id='word_1_26' title='bbox 586 459 766 493; x_wconf 76' lang='lat' dir='ltr'><strong>venatibus</strong></span> <span class='ocrx_word' id='word_1_27' title='bbox 774 461 901 495; x_wconf 68' lang='lat' dir='ltr'><strong>ibantz’</strong></span> 
     </span>
     <span class='ocr_line' id='line_1_6' title="bbox 200 509 902 552; baseline 0.003 -10"><span class='ocrx_word' id='word_1_28' title='bbox 200 513 238 542; x_wconf 89' lang='lat' dir='ltr'><strong>et</strong></span> <span class='ocrx_word' id='word_1_29' title='bbox 251 510 310 543; x_wconf 88' lang='lat' dir='ltr'><strong>hos</strong></span> <span class='ocrx_word' id='word_1_30' title='bbox 326 520 411 551; x_wconf 84' lang='lat' dir='ltr'><strong>esse,</strong></span> <span class='ocrx_word' id='word_1_31' title='bbox 431 510 489 552; x_wconf 89' lang='lat' dir='ltr'><strong>qui</strong></span> <span class='ocrx_word' id='word_1_32' title='bbox 514 509 565 542; x_wconf 79' lang='grc' dir='ltr'><strong>ἐπὶ</strong></span> <span class='ocrx_word' id='word_1_33' title='bbox 588 509 678 544; x_wconf 81' lang='grc' dir='ltr'>λείαν</span> <span class='ocrx_word' id='word_1_34' title='bbox 696 510 852 552; x_wconf 75' lang='grc' dir='ltr'><strong><em>οἰχόμενοι</em></strong></span> <span class='ocrx_word' id='word_1_35' title='bbox 867 513 902 545; x_wconf 89' lang='lat' dir='ltr'><strong>in</strong></span> 
     </span>
     <span class='ocr_line' id='line_1_7' title="bbox 199 559 902 604; baseline 0.004 -11"><span class='ocrx_word' id='word_1_36' title='bbox 199 561 224 593; x_wconf 93' lang='lat' dir='ltr'><strong>l.</strong></span> <span class='ocrx_word' id='word_1_37' title='bbox 240 563 272 594; x_wconf 82' lang='grc'><strong>4.</strong></span> <span class='ocrx_word' id='word_1_38' title='bbox 285 559 321 593; x_wconf 83' lang='lat' dir='ltr'><strong>ff.</strong></span> <span class='ocrx_word' id='word_1_39' title='bbox 337 561 380 593; x_wconf 91' lang='lat' dir='ltr'><strong>de</strong></span> <span class='ocrx_word' id='word_1_40' title='bbox 397 562 522 603; x_wconf 81' lang='lat' dir='ltr'>colleg.</span> <span class='ocrx_word' id='word_1_41' title='bbox 537 566 574 595; x_wconf 90' lang='lat' dir='ltr'><strong>et</strong></span> <span class='ocrx_word' id='word_1_42' title='bbox 591 563 765 604; x_wconf 85' lang='lat' dir='ltr'><strong>corporib.</strong></span> <span class='ocrx_word' id='word_1_43' title='bbox 784 564 902 596; x_wconf 90' lang='lat' dir='ltr'><strong>dicun·</strong></span> 
     </span>
     <span class='ocr_line' id='line_1_8' title="bbox 198 611 903 652; baseline 0.006 -9"><span class='ocrx_word' id='word_1_44' title='bbox 198 615 269 652; x_wconf 89' lang='lat' dir='ltr'><strong>tur,</strong></span> <span class='ocrx_word' id='word_1_45' title='bbox 282 611 373 644; x_wconf 85' lang='lat' dir='ltr'><strong>bona</strong></span> <span class='ocrx_word' id='word_1_46' title='bbox 384 621 462 644; x_wconf 88' lang='lat' dir='ltr'><strong>cum</strong></span> <span class='ocrx_word' id='word_1_47' title='bbox 475 612 572 645; x_wconf 83' lang='lat' dir='ltr'><strong>venia</strong></span> <span class='ocrx_word' id='word_1_48' title='bbox 583 613 732 646; x_wconf 83' lang='lat' dir='ltr'><strong>virorum</strong></span> <span class='ocrx_word' id='word_1_49' title='bbox 750 613 903 647; x_wconf 82' lang='lat' dir='ltr'><strong>doctissi-</strong></span> 
     </span>
     <span class='ocr_line' id='line_1_9' title="bbox 198 662 900 707; baseline 0.007 -14"><span class='ocrx_word' id='word_1_50' title='bbox 198 671 345 703; x_wconf 82' lang='lat' dir='ltr'>morum,</span> <span class='ocrx_word' id='word_1_51' title='bbox 361 671 444 704; x_wconf 87' lang='lat' dir='ltr'><strong>quos</strong></span> <span class='ocrx_word' id='word_1_52' title='bbox 457 662 532 695; x_wconf 75' lang='lat' dir='ltr'><strong>haec</strong></span> <span class='ocrx_word' id='word_1_53' title='bbox 543 664 598 695; x_wconf 87' lang='lat' dir='ltr'><strong>lex</strong></span> <span class='ocrx_word' id='word_1_54' title='bbox 614 664 786 706; x_wconf 86' lang='lat' dir='ltr'><strong>exercuit,</strong></span> <span class='ocrx_word' id='word_1_55' title='bbox 803 670 900 707; x_wconf 87' lang='lat' dir='ltr'><strong>puto.</strong></span> 
     </span>
     <span class='ocr_line' id='line_1_10' title="bbox 200 714 316 746; baseline 0.009 -1"><span class='ocrx_word' id='word_1_56' title='bbox 200 714 316 746; x_wconf 71' lang='lat' dir='ltr'><strong>Burni.</strong></span> 
     </span>
    </p>

    <p class='ocr_par' dir='ltr' id='par_1_3' title="bbox 198 764 904 960">
     <span class='ocr_line' id='line_1_11' title="bbox 242 764 903 810; baseline 0.005 -12"><span class='ocrx_word' id='word_1_57' title='bbox 242 764 398 809; x_wconf 73' lang='lat' dir='ltr'><strong>Saltibus]</strong></span> <span class='ocrx_word' id='word_1_58' title='bbox 441 766 553 807; x_wconf 80' lang='lat' dir='ltr'><strong>Locis,</strong></span> <span class='ocrx_word' id='word_1_59' title='bbox 591 767 767 801; x_wconf 87' lang='lat' dir='ltr'><strong>venationi</strong></span> <span class='ocrx_word' id='word_1_60' title='bbox 803 769 903 810; x_wconf 86' lang='lat' dir='ltr'><strong>aptis.</strong></span> 
     </span>
     <span class='ocr_line' id='line_1_12' title="bbox 199 816 904 860; baseline 0.003 -12"><span class='ocrx_word' id='word_1_61' title='bbox 199 816 293 849; x_wconf 89' lang='lat' dir='ltr'><strong>Plin.</strong></span> <span class='ocrx_word' id='word_1_62' title='bbox 308 826 388 859; x_wconf 81' lang='lat' dir='ltr'><strong>pag.</strong></span> <span class='ocrx_word' id='word_1_63' title='bbox 400 820 454 850; x_wconf 86' lang='grc'><strong>81.</strong></span> <span class='ocrx_word' id='word_1_64' title='bbox 471 818 481 836; x_wconf 89' lang='lat'>‘</span> <span class='ocrx_word' id='word_1_65' title='bbox 493 818 579 851; x_wconf 79' lang='lat' dir='ltr'><strong>Quae</strong></span> <span class='ocrx_word' id='word_1_66' title='bbox 593 818 745 851; x_wconf 78' lang='lat' dir='ltr'><strong>remissio</strong></span> <span class='ocrx_word' id='word_1_67' title='bbox 758 819 904 860; x_wconf 81' lang='lat' dir='ltr'><strong>tibi,nisi</strong></span> 
     </span>
     <span class='ocr_line' id='line_1_13' title="bbox 198 868 904 910; baseline 0.001 -10"><span class='ocrx_word' id='word_1_68' title='bbox 198 869 347 901; x_wconf 82' lang='lat' dir='ltr'><strong>lustrare</strong></span> <span class='ocrx_word' id='word_1_69' title='bbox 364 869 485 910; x_wconf 80' lang='lat' dir='ltr'><strong>saltus,</strong></span> <span class='ocrx_word' id='word_1_70' title='bbox 498 873 660 901; x_wconf 79' lang='lat' dir='ltr'>excutere</span> <span class='ocrx_word' id='word_1_71' title='bbox 672 869 840 901; x_wconf 85' lang='lat' dir='ltr'><strong>cubilibus</strong></span> <span class='ocrx_word' id='word_1_72' title='bbox 855 868 904 901; x_wconf 84' lang='lat' dir='ltr'><strong>fe-</strong></span> 
     </span>
     <span class='ocr_line' id='line_1_14' title="bbox 200 920 411 960; baseline 0.014 -9"><span class='ocrx_word' id='word_1_73' title='bbox 200 930 256 952; x_wconf 86' lang='lat' dir='ltr'><strong>ras</strong></span> <span class='ocrx_word' id='word_1_74' title='bbox 270 920 293 952; x_wconf 83' lang='lat'><strong>?&#39;</strong></span> <span class='ocrx_word' id='word_1_75' title='bbox 306 920 411 960; x_wconf 73' lang='lat' dir='ltr'><strong>Schef.</strong></span> 
     </span>
    </p>

    <p class='ocr_par' dir='ltr' id='par_1_4' title="bbox 199 971 904 1067">
     <span class='ocr_line' id='line_1_15' title="bbox 242 971 903 1015; baseline 0.008 -11"><span class='ocrx_word' id='word_1_76' title='bbox 242 974 265 1003; x_wconf 82' lang='grc'>6</span> <span class='ocrx_word' id='word_1_77' title='bbox 287 971 441 1005; x_wconf 71' lang='lat' dir='ltr'><strong>Partibus</strong></span> <span class='ocrx_word' id='word_1_78' title='bbox 446 971 564 1015; x_wconf 75' lang='lat' dir='ltr'><strong>suetis]</strong></span> <span class='ocrx_word' id='word_1_79' title='bbox 585 973 678 1007; x_wconf 60' lang='lat' dir='ltr'><strong>nica</strong></span> <span class='ocrx_word' id='word_1_80' title='bbox 695 974 788 1007; x_wconf 78' lang='lat' dir='ltr'><strong>Cret.</strong></span> <span class='ocrx_word' id='word_1_81' title='bbox 803 974 863 1009; x_wconf 87' lang='lat' dir='ltr'><strong>lib.</strong></span> <span class='ocrx_word' id='word_1_82' title='bbox 877 985 903 1008; x_wconf 89' lang='lat'><strong>1.</strong></span> 
     </span>
     <span class='ocr_line' id='line_1_16' title="bbox 199 1023 904 1067; baseline 0.006 -13"><span class='ocrx_word' id='word_1_83' title='bbox 199 1032 266 1054; x_wconf 86' lang='lat' dir='ltr'><strong>uno</strong></span> <span class='ocrx_word' id='word_1_84' title='bbox 303 1023 409 1056; x_wconf 86' lang='lat' dir='ltr'><strong>verbo</strong></span> <span class='ocrx_word' id='word_1_85' title='bbox 445 1024 570 1056; x_wconf 87' lang='lat' dir='ltr'><strong>extulit</strong></span> <span class='ocrx_word' id='word_1_86' title='bbox 603 1025 613 1043; x_wconf 80' lang='lat'><em>⁶</em></span> <span class='ocrx_word' id='word_1_87' title='bbox 630 1024 904 1067; x_wconf 87' lang='lat' dir='ltr'><strong>quadripertire.’</strong></span> 
     </span>
    </p>
   </div>
   <div class='ocr_carea' id='block_1_3' title="bbox 199 1073 906 1117">
    <p class='ocr_par' dir='ltr' id='par_1_5' title="bbox 199 1073 906 1117">
     <span class='ocr_line' id='line_1_17' title="bbox 199 1073 906 1117; baseline 0.006 -12"><span class='ocrx_word' id='word_1_88' title='bbox 199 1073 333 1116; x_wconf 63' lang='lat' dir='ltr'><strong>Prasqli.</strong></span> <span class='ocrx_word' id='word_1_89' title='bbox 376 1073 513 1107; x_wconf 89' lang='lat' dir='ltr'><strong>Alludit</strong></span> <span class='ocrx_word' id='word_1_90' title='bbox 528 1075 570 1107; x_wconf 87' lang='lat' dir='ltr'><strong>ad</strong></span> <span class='ocrx_word' id='word_1_91' title='bbox 593 1081 709 1117; x_wconf 86' lang='lat' dir='ltr'><strong>partes</strong></span> <span class='ocrx_word' id='word_1_92' title='bbox 735 1076 769 1108; x_wconf 89' lang='lat' dir='ltr'><strong>in</strong></span> <span class='ocrx_word' id='word_1_93' title='bbox 791 1077 906 1109; x_wconf 80' lang='lat' dir='ltr'><strong>convi-</strong></span> 
     </span>
    </p>
   </div>
   <div class='ocr_carea' id='block_1_4' title="bbox 197 1123 904 2847">
    <p class='ocr_par' dir='ltr' id='par_1_6' title="bbox 198 1123 904 1219">
     <span class='ocr_line' id='line_1_18' title="bbox 199 1123 904 1160; baseline 0.006 -4"><span class='ocrx_word' id='word_1_94' title='bbox 199 1124 275 1157; x_wconf 75' lang='lat' dir='ltr'><strong>viis.</strong></span> <span class='ocrx_word' id='word_1_95' title='bbox 318 1125 376 1157; x_wconf 90' lang='lat' dir='ltr'><strong>Sic</strong></span> <span class='ocrx_word' id='word_1_96' title='bbox 403 1123 494 1158; x_wconf 86' lang='lat' dir='ltr'><strong>infra</strong></span> <span class='ocrx_word' id='word_1_97' title='bbox 519 1124 589 1158; x_wconf 78' lang='lat' dir='ltr'><strong>fab.</strong></span> <span class='ocrx_word' id='word_1_98' title='bbox 621 1129 676 1158; x_wconf 71' lang='lat'><strong>32.</strong></span> <span class='ocrx_word' id='word_1_99' title='bbox 697 1127 708 1144; x_wconf 87' lang='lat'>‘</span> <span class='ocrx_word' id='word_1_100' title='bbox 719 1126 904 1160; x_wconf 83' lang='lat' dir='ltr'><strong>Praedator</strong></span> 
     </span>
     <span class='ocr_line' id='line_1_19' title="bbox 198 1176 880 1219; baseline 0.004 -11"><span class='ocrx_word' id='word_1_101' title='bbox 198 1176 387 1209; x_wconf 85' lang='lat' dir='ltr'><strong>intervenit</strong></span> <span class='ocrx_word' id='word_1_102' title='bbox 398 1181 532 1219; x_wconf 87' lang='lat' dir='ltr'><strong>partem</strong></span> <span class='ocrx_word' id='word_1_103' title='bbox 548 1177 742 1218; x_wconf 66' lang='lat' dir='ltr'><strong>postulans!</strong></span> <span class='ocrx_word' id='word_1_104' title='bbox 767 1179 880 1211; x_wconf 75' lang='lat' dir='ltr'><strong>Heius.</strong></span> 
     </span>
    </p>

    <p class='ocr_par' dir='ltr' id='par_1_7' title="bbox 197 1226 904 2084">
     <span class='ocr_line' id='line_1_20' title="bbox 242 1226 903 1268; baseline 0.005 -10"><span class='ocrx_word' id='word_1_105' title='bbox 242 1226 395 1259; x_wconf 72' lang='lat' dir='ltr'><strong>Partibus</strong></span> <span class='ocrx_word' id='word_1_106' title='bbox 397 1227 514 1268; x_wconf 73' lang='lat' dir='ltr'><strong>sactis]</strong></span> <span class='ocrx_word' id='word_1_107' title='bbox 537 1227 757 1260; x_wconf 87' lang='lat' dir='ltr'><strong>Portionibus</strong></span> <span class='ocrx_word' id='word_1_108' title='bbox 772 1227 903 1261; x_wconf 81' lang='lat' dir='ltr'><strong>divisis.</strong></span> 
     </span>
     <span class='ocr_line' id='line_1_21' title="bbox 200 1275 902 1320; baseline 0.003 -11"><span class='ocrx_word' id='word_1_109' title='bbox 200 1276 362 1310; x_wconf 88' lang='lat' dir='ltr'><strong>Ciborum</strong></span> <span class='ocrx_word' id='word_1_110' title='bbox 375 1275 552 1319; x_wconf 68' lang='grc' dir='ltr'>κλάσμανα,</span> <span class='ocrx_word' id='word_1_111' title='bbox 565 1276 696 1319; x_wconf 75' lang='grc' dir='ltr'><strong>μερίδες,</strong></span> <span class='ocrx_word' id='word_1_112' title='bbox 707 1282 818 1320; x_wconf 73' lang='lat' dir='ltr'><strong>partes</strong></span> <span class='ocrx_word' id='word_1_113' title='bbox 832 1279 902 1312; x_wconf 86' lang='lat' dir='ltr'><strong>dici</strong></span> 
     </span>
     <span class='ocr_line' id='line_1_22' title="bbox 199 1328 902 1362; baseline 0.004 -3"><span class='ocrx_word' id='word_1_114' title='bbox 199 1331 318 1359; x_wconf 88' lang='lat' dir='ltr'><strong>notum</strong></span> <span class='ocrx_word' id='word_1_115' title='bbox 345 1333 399 1360; x_wconf 79' lang='lat' dir='ltr'><strong>est</strong></span> <span class='ocrx_word' id='word_1_116' title='bbox 424 1337 467 1360; x_wconf 82' lang='lat' dir='ltr'><strong>ex</strong></span> <span class='ocrx_word' id='word_1_117' title='bbox 493 1337 534 1360; x_wconf 88' lang='lat'><strong>11.</strong></span> <span class='ocrx_word' id='word_1_118' title='bbox 558 1333 595 1361; x_wconf 89' lang='lat' dir='ltr'><strong>et</strong></span> <span class='ocrx_word' id='word_1_119' title='bbox 610 1337 645 1360; x_wconf 83' lang='lat' dir='ltr'><strong>x.</strong></span> <span class='ocrx_word' id='word_1_120' title='bbox 669 1328 765 1361; x_wconf 83' lang='lat' dir='ltr'><strong>Asini</strong></span> <span class='ocrx_word' id='word_1_121' title='bbox 781 1329 902 1362; x_wconf 88' lang='lat' dir='ltr'><strong>Aurei.</strong></span> 
     </span>
     <span class='ocr_line' id='line_1_23' title="bbox 199 1378 902 1424; baseline 0.004 -14"><span class='ocrx_word' id='word_1_122' title='bbox 199 1378 343 1411; x_wconf 83' lang='lat' dir='ltr'><strong>Petron.</strong></span> <span class='ocrx_word' id='word_1_123' title='bbox 366 1378 511 1420; x_wconf 78' lang='lat' dir='ltr'><strong>Satyric.</strong></span> <span class='ocrx_word' id='word_1_124' title='bbox 527 1379 572 1411; x_wconf 92' lang='lat' dir='ltr'><strong>de</strong></span> <span class='ocrx_word' id='word_1_125' title='bbox 588 1378 686 1412; x_wconf 88' lang='lat' dir='ltr'><strong>Ovo:</strong></span> <span class='ocrx_word' id='word_1_126' title='bbox 708 1379 719 1398; x_wconf 83' lang='lat'><em>⁴</em></span> <span class='ocrx_word' id='word_1_127' title='bbox 731 1381 806 1422; x_wconf 84' lang='lat' dir='ltr'><strong>Ego</strong></span> <span class='ocrx_word' id='word_1_128' title='bbox 829 1381 902 1424; x_wconf 88' lang='lat' dir='ltr'><strong>qui-</strong></span> 
     </span>
     <span class='ocr_line' id='line_1_24' title="bbox 199 1427 902 1472; baseline 0.006 -12"><span class='ocrx_word' id='word_1_129' title='bbox 199 1427 279 1461; x_wconf 86' lang='lat' dir='ltr'><strong>dam</strong></span> <span class='ocrx_word' id='word_1_130' title='bbox 290 1438 380 1471; x_wconf 88' lang='lat' dir='ltr'><strong>pene</strong></span> <span class='ocrx_word' id='word_1_131' title='bbox 395 1430 523 1471; x_wconf 75' lang='lat' dir='ltr'><strong>proieci</strong></span> <span class='ocrx_word' id='word_1_132' title='bbox 538 1434 672 1472; x_wconf 84' lang='lat' dir='ltr'><strong>partem</strong></span> <span class='ocrx_word' id='word_1_133' title='bbox 688 1440 811 1472; x_wconf 88' lang='lat' dir='ltr'><strong>meam,</strong></span> <span class='ocrx_word' id='word_1_134' title='bbox 824 1441 902 1464; x_wconf 87' lang='lat' dir='ltr'><strong>nam</strong></span> 
     </span>
     <span class='ocr_line' id='line_1_25' title="bbox 200 1478 902 1523; baseline 0.006 -13"><span class='ocrx_word' id='word_1_135' title='bbox 200 1478 383 1512; x_wconf 79' lang='lat' dir='ltr'><strong>videbatur</strong></span> <span class='ocrx_word' id='word_1_136' title='bbox 397 1480 478 1512; x_wconf 85' lang='lat' dir='ltr'><strong>mihi</strong></span> <span class='ocrx_word' id='word_1_137' title='bbox 485 1481 559 1522; x_wconf 87' lang='lat' dir='ltr'><strong>jam</strong></span> <span class='ocrx_word' id='word_1_138' title='bbox 574 1481 609 1513; x_wconf 87' lang='lat' dir='ltr'><strong>in</strong></span> <span class='ocrx_word' id='word_1_139' title='bbox 625 1482 755 1523; x_wconf 88' lang='lat' dir='ltr'><strong>pullum</strong></span> <span class='ocrx_word' id='word_1_140' title='bbox 771 1482 902 1515; x_wconf 64' lang='lat' dir='ltr'><strong>coisse!</strong></span> 
     </span>
     <span class='ocr_line' id='line_1_26' title="bbox 198 1530 901 1575; baseline 0.006 -13"><span class='ocrx_word' id='word_1_141' title='bbox 198 1530 282 1562; x_wconf 88' lang='lat' dir='ltr'><strong>Non</strong></span> <span class='ocrx_word' id='word_1_142' title='bbox 306 1530 530 1563; x_wconf 80' lang='lat' dir='ltr'><strong>mediocriter</strong></span> <span class='ocrx_word' id='word_1_143' title='bbox 546 1530 676 1565; x_wconf 84' lang='lat' dir='ltr'><strong>fallitur</strong></span> <span class='ocrx_word' id='word_1_144' title='bbox 690 1533 738 1565; x_wconf 88' lang='lat' dir='ltr'><strong>H.</strong></span> <span class='ocrx_word' id='word_1_145' title='bbox 754 1533 901 1575; x_wconf 87' lang='lat' dir='ltr'><strong>Stepha-</strong></span> 
     </span>
     <span class='ocr_line' id='line_1_27' title="bbox 197 1584 902 1627; baseline 0.006 -13"><span class='ocrx_word' id='word_1_146' title='bbox 197 1591 263 1615; x_wconf 84' lang='lat' dir='ltr'><strong>nus</strong></span> <span class='ocrx_word' id='word_1_147' title='bbox 281 1591 358 1624; x_wconf 83' lang='lat' dir='ltr'><strong>cap.</strong></span> <span class='ocrx_word' id='word_1_148' title='bbox 384 1586 416 1615; x_wconf 93' lang='lat'><strong>1.</strong></span> <span class='ocrx_word' id='word_1_149' title='bbox 441 1584 588 1626; x_wconf 81' lang='lat' dir='ltr'><strong>Expost.</strong></span> <span class='ocrx_word' id='word_1_150' title='bbox 609 1584 652 1617; x_wconf 85' lang='lat' dir='ltr'><strong>de</strong></span> <span class='ocrx_word' id='word_1_151' title='bbox 678 1585 794 1618; x_wconf 86' lang='lat' dir='ltr'><strong>Latin.</strong></span> <span class='ocrx_word' id='word_1_152' title='bbox 809 1594 902 1627; x_wconf 85' lang='lat' dir='ltr'><strong>susp.</strong></span> 
     </span>
     <span class='ocr_line' id='line_1_28' title="bbox 199 1637 903 1679; baseline 0.003 -11"><span class='ocrx_word' id='word_1_153' title='bbox 199 1644 275 1668; x_wconf 84' lang='lat' dir='ltr'><strong>eum</strong></span> <span class='ocrx_word' id='word_1_154' title='bbox 300 1640 456 1669; x_wconf 80' lang='lat' dir='ltr'><strong>autumat</strong></span> <span class='ocrx_word' id='word_1_155' title='bbox 479 1637 686 1670; x_wconf 83' lang='lat' dir='ltr'><strong>Peniculum</strong></span> <span class='ocrx_word' id='word_1_156' title='bbox 716 1637 903 1679; x_wconf 79' lang='lat' dir='ltr'><strong>parasitum</strong></span> 
     </span>
     <span class='ocr_line' id='line_1_29' title="bbox 200 1686 903 1730; baseline 0.006 -12"><span class='ocrx_word' id='word_1_157' title='bbox 200 1686 243 1718; x_wconf 84' lang='lat' dir='ltr'><strong>de</strong></span> <span class='ocrx_word' id='word_1_158' title='bbox 257 1695 295 1718; x_wconf 88' lang='lat' dir='ltr'><strong>se</strong></span> <span class='ocrx_word' id='word_1_159' title='bbox 309 1691 346 1718; x_wconf 88' lang='lat' dir='ltr'><strong>et</strong></span> <span class='ocrx_word' id='word_1_160' title='bbox 361 1696 466 1719; x_wconf 86' lang='lat' dir='ltr'><strong>uxore</strong></span> <span class='ocrx_word' id='word_1_161' title='bbox 481 1697 543 1720; x_wconf 86' lang='lat' dir='ltr'><strong>sua</strong></span> <span class='ocrx_word' id='word_1_162' title='bbox 557 1688 649 1730; x_wconf 87' lang='lat' dir='ltr'><strong>loqui</strong></span> <span class='ocrx_word' id='word_1_163' title='bbox 672 1689 706 1720; x_wconf 91' lang='lat' dir='ltr'><strong>in</strong></span> <span class='ocrx_word' id='word_1_164' title='bbox 727 1689 903 1722; x_wconf 79' lang='lat' dir='ltr'><strong>Menaech-</strong></span> 
     </span>
     <span class='ocr_line' id='line_1_30' title="bbox 198 1736 904 1781; baseline 0.004 -13"><span class='ocrx_word' id='word_1_165' title='bbox 198 1737 275 1778; x_wconf 81' lang='lat' dir='ltr'><strong>mis,</strong></span> <span class='ocrx_word' id='word_1_166' title='bbox 290 1736 369 1770; x_wconf 91' lang='lat' dir='ltr'><strong>Act.</strong></span> <span class='ocrx_word' id='word_1_167' title='bbox 385 1740 416 1771; x_wconf 78' lang='lat'><strong>8.</strong></span> <span class='ocrx_word' id='word_1_168' title='bbox 429 1738 484 1770; x_wconf 93' lang='lat' dir='ltr'><strong>Sc.</strong></span> <span class='ocrx_word' id='word_1_169' title='bbox 498 1740 530 1770; x_wconf 77' lang='lat'><strong>2.</strong></span> <span class='ocrx_word' id='word_1_170' title='bbox 554 1738 564 1756; x_wconf 91' lang='lat'>‘</span> <span class='ocrx_word' id='word_1_171' title='bbox 574 1739 677 1770; x_wconf 89' lang='lat' dir='ltr'><strong>Satur</strong></span> <span class='ocrx_word' id='word_1_172' title='bbox 688 1748 779 1771; x_wconf 91' lang='lat' dir='ltr'><strong>nunc</strong></span> <span class='ocrx_word' id='word_1_173' title='bbox 793 1739 904 1781; x_wconf 88' lang='lat' dir='ltr'><strong>loqui-</strong></span> 
     </span>
     <span class='ocr_line' id='line_1_31' title="bbox 198 1787 902 1830; baseline 0.004 -11"><span class='ocrx_word' id='word_1_174' title='bbox 198 1791 258 1820; x_wconf 79' lang='lat' dir='ltr'><strong>tur</strong></span> <span class='ocrx_word' id='word_1_175' title='bbox 273 1787 316 1819; x_wconf 88' lang='lat' dir='ltr'><strong>de</strong></span> <span class='ocrx_word' id='word_1_176' title='bbox 331 1797 386 1820; x_wconf 90' lang='lat' dir='ltr'><strong>me</strong></span> <span class='ocrx_word' id='word_1_177' title='bbox 411 1791 449 1820; x_wconf 91' lang='lat' dir='ltr'><strong>et</strong></span> <span class='ocrx_word' id='word_1_178' title='bbox 472 1788 516 1820; x_wconf 89' lang='lat' dir='ltr'><strong>de</strong></span> <span class='ocrx_word' id='word_1_179' title='bbox 542 1793 642 1830; x_wconf 81' lang='lat' dir='ltr'><strong>parte</strong></span> <span class='ocrx_word' id='word_1_180' title='bbox 667 1789 762 1821; x_wconf 87' lang='lat' dir='ltr'><strong>mea.’</strong></span> <span class='ocrx_word' id='word_1_181' title='bbox 805 1790 902 1830; x_wconf 72' lang='lat' dir='ltr'><strong>Pars,</strong></span> 
     </span>
     <span class='ocr_line' id='line_1_32' title="bbox 197 1838 902 1882; baseline 0.001 -12"><span class='ocrx_word' id='word_1_182' title='bbox 197 1838 336 1880; x_wconf 87' lang='lat' dir='ltr'><strong>prandii</strong></span> <span class='ocrx_word' id='word_1_183' title='bbox 351 1838 477 1881; x_wconf 88' lang='lat' dir='ltr'><strong>portio,</strong></span> <span class='ocrx_word' id='word_1_184' title='bbox 491 1848 559 1882; x_wconf 88' lang='lat' dir='ltr'><strong>qua</strong></span> <span class='ocrx_word' id='word_1_185' title='bbox 574 1848 693 1871; x_wconf 86' lang='lat' dir='ltr'><strong>carere</strong></span> <span class='ocrx_word' id='word_1_186' title='bbox 714 1839 902 1871; x_wconf 86' lang='lat' dir='ltr'><strong>Peniculus</strong></span> 
     </span>
     <span class='ocr_line' id='line_1_33' title="bbox 200 1888 903 1932; baseline 0.001 -11"><span class='ocrx_word' id='word_1_187' title='bbox 200 1888 403 1930; x_wconf 85' lang='lat' dir='ltr'><strong>cogebatur,</strong></span> <span class='ocrx_word' id='word_1_188' title='bbox 417 1889 497 1932; x_wconf 85' lang='lat' dir='ltr'><strong>quia</strong></span> <span class='ocrx_word' id='word_1_189' title='bbox 521 1898 585 1921; x_wconf 87' lang='lat' dir='ltr'><strong>nec</strong></span> <span class='ocrx_word' id='word_1_190' title='bbox 609 1894 805 1931; x_wconf 83' lang='lat' dir='ltr'><strong>opportune</strong></span> <span class='ocrx_word' id='word_1_191' title='bbox 824 1890 903 1923; x_wconf 86' lang='lat' dir='ltr'><strong>sub-</strong></span> 
     </span>
     <span class='ocr_line' id='line_1_34' title="bbox 197 1938 902 1981; baseline 0.003 -11"><span class='ocrx_word' id='word_1_192' title='bbox 197 1938 279 1971; x_wconf 83' lang='lat' dir='ltr'><strong>latis</strong></span> <span class='ocrx_word' id='word_1_193' title='bbox 302 1939 428 1971; x_wconf 84' lang='lat' dir='ltr'><strong>mensis</strong></span> <span class='ocrx_word' id='word_1_194' title='bbox 454 1939 652 1972; x_wconf 82' lang='lat' dir='ltr'><strong>advenerat.</strong></span> <span class='ocrx_word' id='word_1_195' title='bbox 697 1939 754 1972; x_wconf 88' lang='lat' dir='ltr'><strong>Sic</strong></span> <span class='ocrx_word' id='word_1_196' title='bbox 777 1940 902 1981; x_wconf 86' lang='lat' dir='ltr'><strong>‘parti-</strong></span> 
     </span>
     <span class='ocr_line' id='line_1_35' title="bbox 199 1990 902 2034; baseline 0.001 -11"><span class='ocrx_word' id='word_1_197' title='bbox 199 1992 318 2034; x_wconf 87' lang='lat' dir='ltr'><strong>cipare</strong></span> <span class='ocrx_word' id='word_1_198' title='bbox 330 1990 495 2033; x_wconf 89' lang='lat' dir='ltr'><strong>opsonio,&#39;</strong></span> <span class='ocrx_word' id='word_1_199' title='bbox 510 1991 770 2033; x_wconf 87' lang='lat' dir='ltr'><strong>‘prandio‚&#39;&amp;c.</strong></span> <span class='ocrx_word' id='word_1_200' title='bbox 786 1991 902 2025; x_wconf 86' lang='lat' dir='ltr'><strong>Plaut.</strong></span> 
     </span>
     <span class='ocr_line' id='line_1_36' title="bbox 198 2041 408 2084; baseline -0.005 -10"><span class='ocrx_word' id='word_1_201' title='bbox 198 2041 305 2084; x_wconf 85' lang='lat' dir='ltr'><strong>Apul.</strong></span> <span class='ocrx_word' id='word_1_202' title='bbox 331 2042 408 2083; x_wconf 78' lang='lat' dir='ltr'><strong>Rig.</strong></span> 
     </span>
    </p>

    <p class='ocr_par' dir='ltr' id='par_1_8' title="bbox 201 2092 901 2178">
     <span class='ocr_line' id='line_1_37' title="bbox 244 2092 901 2134; baseline 0.005 -10"><span class='ocrx_word' id='word_1_203' title='bbox 244 2092 412 2134; x_wconf 69' lang='lat' dir='ltr'><strong>Partibus]</strong></span> <span class='ocrx_word' id='word_1_204' title='bbox 455 2092 531 2126; x_wconf 84' lang='lat' dir='ltr'><strong>Lib.</strong></span> <span class='ocrx_word' id='word_1_205' title='bbox 559 2102 601 2126; x_wconf 78' lang='grc' dir='ltr'><strong>ιι.</strong></span> <span class='ocrx_word' id='word_1_206' title='bbox 628 2092 696 2126; x_wconf 80' lang='lat' dir='ltr'><strong>fab.</strong></span> <span class='ocrx_word' id='word_1_207' title='bbox 720 2097 750 2126; x_wconf 92' lang='grc'><strong>7.</strong></span> <span class='ocrx_word' id='word_1_208' title='bbox 769 2098 822 2127; x_wconf 91' lang='lat'><strong>11.</strong></span> <span class='ocrx_word' id='word_1_209' title='bbox 857 2095 901 2128; x_wconf 84' lang='lat' dir='ltr'><strong>V.</strong></span> 
     </span>
     <span class='ocr_line' id='line_1_38' title="bbox 201 2143 866 2178; baseline 0.003 -3"><span class='ocrx_word' id='word_1_210' title='bbox 201 2144 354 2176; x_wconf 82' lang='lat' dir='ltr'><strong>Gronov.</strong></span> <span class='ocrx_word' id='word_1_211' title='bbox 366 2144 477 2176; x_wconf 87' lang='lat' dir='ltr'><strong>Diatr.</strong></span> <span class='ocrx_word' id='word_1_212' title='bbox 492 2143 640 2176; x_wconf 85' lang='lat' dir='ltr'><strong>Statian.</strong></span> <span class='ocrx_word' id='word_1_213' title='bbox 655 2154 686 2176; x_wconf 88' lang='lat' dir='ltr'><strong>c.</strong></span> <span class='ocrx_word' id='word_1_214' title='bbox 700 2147 752 2176; x_wconf 83' lang='grc'><strong>13.</strong></span> <span class='ocrx_word' id='word_1_215' title='bbox 780 2145 866 2178; x_wconf 76' lang='lat' dir='ltr'><strong>Gud.</strong></span> 
     </span>
    </p>

    <p class='ocr_par' dir='ltr' id='par_1_9' title="bbox 198 2194 904 2847">
     <span class='ocr_line' id='line_1_39' title="bbox 244 2194 904 2236; baseline 0.005 -11"><span class='ocrx_word' id='word_1_216' title='bbox 244 2194 400 2226; x_wconf 73' lang='lat' dir='ltr'><strong>Nomium·</strong></span> <span class='ocrx_word' id='word_1_217' title='bbox 412 2194 487 2235; x_wconf 78' lang='lat' dir='ltr'><strong>quia</strong></span> <span class='ocrx_word' id='word_1_218' title='bbox 501 2194 562 2236; x_wconf 84' lang='lat' dir='ltr'><strong>leo]</strong></span> <span class='ocrx_word' id='word_1_219' title='bbox 583 2195 735 2227; x_wconf 85' lang='lat' dir='ltr'><strong>Produci</strong></span> <span class='ocrx_word' id='word_1_220' title='bbox 748 2195 904 2228; x_wconf 87' lang='lat' dir='ltr'><strong>ultimam</strong></span> 
     </span>
     <span class='ocr_line' id='line_1_40' title="bbox 201 2245 903 2287; baseline 0.004 -11"><span class='ocrx_word' id='word_1_221' title='bbox 201 2245 377 2286; x_wconf 85' lang='lat' dir='ltr'><strong>syllabam,</strong></span> <span class='ocrx_word' id='word_1_222' title='bbox 392 2249 513 2277; x_wconf 86' lang='lat' dir='ltr'><strong>contra</strong></span> <span class='ocrx_word' id='word_1_223' title='bbox 526 2246 704 2287; x_wconf 83' lang='lat' dir='ltr'><strong>vulgarem</strong></span> <span class='ocrx_word' id='word_1_224' title='bbox 720 2250 903 2279; x_wconf 87' lang='lat' dir='ltr'><strong>consuetu-</strong></span> 
     </span>
     <span class='ocr_line' id='line_1_41' title="bbox 200 2295 903 2337; baseline 0.001 -10"><span class='ocrx_word' id='word_1_225' title='bbox 200 2296 326 2336; x_wconf 87' lang='lat' dir='ltr'><strong>dinem,</strong></span> <span class='ocrx_word' id='word_1_226' title='bbox 353 2300 547 2337; x_wconf 76' lang='lat' dir='ltr'><strong>opportune</strong></span> <span class='ocrx_word' id='word_1_227' title='bbox 571 2295 628 2328; x_wconf 83' lang='lat' dir='ltr'><strong>hic</strong></span> <span class='ocrx_word' id='word_1_228' title='bbox 652 2297 788 2328; x_wconf 89' lang='lat' dir='ltr'><strong>notavit</strong></span> <span class='ocrx_word' id='word_1_229' title='bbox 817 2297 903 2328; x_wconf 86' lang='lat' dir='ltr'><strong>Pra-</strong></span> 
     </span>
     <span class='ocr_line' id='line_1_42' title="bbox 199 2345 904 2379; baseline 0.003 -2"><span class='ocrx_word' id='word_1_230' title='bbox 199 2346 323 2378; x_wconf 73' lang='lat' dir='ltr'><strong>sebius.</strong></span> <span class='ocrx_word' id='word_1_231' title='bbox 368 2345 418 2378; x_wconf 89' lang='lat' dir='ltr'><strong>At</strong></span> <span class='ocrx_word' id='word_1_232' title='bbox 430 2356 512 2378; x_wconf 90' lang='lat' dir='ltr'><strong>vero</strong></span> <span class='ocrx_word' id='word_1_233' title='bbox 524 2347 576 2378; x_wconf 92' lang='lat' dir='ltr'><strong>vir</strong></span> <span class='ocrx_word' id='word_1_234' title='bbox 591 2346 797 2379; x_wconf 83' lang='lat' dir='ltr'><strong>clarissimus</strong></span> <span class='ocrx_word' id='word_1_235' title='bbox 809 2348 904 2379; x_wconf 83' lang='lat' dir='ltr'><strong>Mar-</strong></span> 
     </span>
     <span class='ocr_line' id='line_1_43' title="bbox 201 2396 904 2439; baseline 0.003 -11"><span class='ocrx_word' id='word_1_236' title='bbox 201 2397 348 2439; x_wconf 86' lang='lat' dir='ltr'><strong>quardus</strong></span> <span class='ocrx_word' id='word_1_237' title='bbox 365 2396 498 2429; x_wconf 83' lang='lat' dir='ltr'><strong>Gudius</strong></span> <span class='ocrx_word' id='word_1_238' title='bbox 512 2401 591 2438; x_wconf 85' lang='lat' dir='ltr'><strong>post</strong></span> <span class='ocrx_word' id='word_1_239' title='bbox 601 2397 740 2429; x_wconf 73' lang='lat' dir='ltr'><strong>minor</strong></span> <span class='ocrx_word' id='word_1_240' title='bbox 752 2397 904 2430; x_wconf 74' lang='lat' dir='ltr'><strong>inseren-</strong></span> 
     </span>
     <span class='ocr_line' id='line_1_44' title="bbox 201 2446 903 2488; baseline 0.001 -9"><span class='ocrx_word' id='word_1_241' title='bbox 201 2448 281 2479; x_wconf 89' lang='lat' dir='ltr'><strong>dum</strong></span> <span class='ocrx_word' id='word_1_242' title='bbox 298 2451 400 2488; x_wconf 88' lang='lat' dir='ltr'><strong>putat</strong></span> <span class='ocrx_word' id='word_1_243' title='bbox 419 2457 489 2488; x_wconf 81' lang='lat' dir='ltr'><strong>rex,</strong></span> <span class='ocrx_word' id='word_1_244' title='bbox 502 2451 542 2480; x_wconf 87' lang='lat' dir='ltr'><strong>ut</strong></span> <span class='ocrx_word' id='word_1_245' title='bbox 556 2447 621 2480; x_wconf 88' lang='lat' dir='ltr'><strong>hoc</strong></span> <span class='ocrx_word' id='word_1_246' title='bbox 635 2446 795 2479; x_wconf 83' lang='lat' dir='ltr'><strong>observat</strong></span> <span class='ocrx_word' id='word_1_247' title='bbox 809 2448 903 2480; x_wconf 86' lang='lat' dir='ltr'><strong>litte-</strong></span> 
     </span>
     <span class='ocr_line' id='line_1_45' title="bbox 198 2497 902 2539; baseline 0.001 -9"><span class='ocrx_word' id='word_1_248' title='bbox 198 2498 388 2531; x_wconf 78' lang='lat' dir='ltr'><strong>ratissimus</strong></span> <span class='ocrx_word' id='word_1_249' title='bbox 400 2497 553 2530; x_wconf 88' lang='lat' dir='ltr'><strong>Axenius</strong></span> <span class='ocrx_word' id='word_1_250' title='bbox 568 2499 602 2530; x_wconf 92' lang='lat' dir='ltr'><strong>in</strong></span> <span class='ocrx_word' id='word_1_251' title='bbox 615 2497 792 2530; x_wconf 85' lang='lat' dir='ltr'><strong>Addeudis</strong></span> <span class='ocrx_word' id='word_1_252' title='bbox 803 2508 836 2539; x_wconf 87' lang='lat' dir='ltr'><strong>p.</strong></span> <span class='ocrx_word' id='word_1_253' title='bbox 848 2502 902 2531; x_wconf 80' lang='lat'><strong>13.</strong></span> 
     </span>
     <span class='ocr_line' id='line_1_46' title="bbox 200 2550 901 2593; baseline 0.001 -10"><span class='ocrx_word' id='word_1_254' title='bbox 200 2550 308 2590; x_wconf 66' lang='lat' dir='ltr'><strong>Scires.</strong></span> <span class='ocrx_word' id='word_1_255' title='bbox 364 2551 407 2583; x_wconf 88' lang='lat' dir='ltr'><strong>Iu</strong></span> <span class='ocrx_word' id='word_1_256' title='bbox 438 2551 512 2593; x_wconf 74' lang='lat' dir='ltr'><strong>quia</strong></span> <span class='ocrx_word' id='word_1_257' title='bbox 549 2552 701 2583; x_wconf 84' lang='lat' dir='ltr'><strong>ultimam</strong></span> <span class='ocrx_word' id='word_1_258' title='bbox 726 2551 901 2593; x_wconf 84' lang='lat' dir='ltr'><strong>producit,</strong></span> 
     </span>
     <span class='ocr_line' id='line_1_47' title="bbox 200 2601 903 2643; baseline 0 -10"><span class='ocrx_word' id='word_1_259' title='bbox 200 2611 301 2643; x_wconf 89' lang='lat' dir='ltr'><strong>quam</strong></span> <span class='ocrx_word' id='word_1_260' title='bbox 316 2611 395 2633; x_wconf 88' lang='lat' dir='ltr'><strong>mox</strong></span> <span class='ocrx_word' id='word_1_261' title='bbox 411 2601 567 2643; x_wconf 83' lang='lat' dir='ltr'><strong>corripit.</strong></span> <span class='ocrx_word' id='word_1_262' title='bbox 611 2602 826 2643; x_wconf 66' lang='lat' dir='ltr'><strong>,Iampridem</strong></span> <span class='ocrx_word' id='word_1_263' title='bbox 842 2602 903 2634; x_wconf 92' lang='lat' dir='ltr'><strong>ob-</strong></span> 
     </span>
     <span class='ocr_line' id='line_1_48' title="bbox 200 2651 901 2696; baseline 0.001 -13"><span class='ocrx_word' id='word_1_264' title='bbox 200 2655 369 2683; x_wconf 79' lang='lat' dir='ltr'><strong>servatum</strong></span> <span class='ocrx_word' id='word_1_265' title='bbox 384 2652 540 2692; x_wconf 85' lang='lat' dir='ltr'><strong>eruditis,</strong></span> <span class='ocrx_word' id='word_1_266' title='bbox 563 2653 671 2684; x_wconf 85' lang='lat' dir='ltr'><strong>multa</strong></span> <span class='ocrx_word' id='word_1_267' title='bbox 692 2651 901 2696; x_wconf 81' lang='lat' dir='ltr'><strong>(Grosippus</strong></span> 
     </span>
     <span class='ocr_line' id='line_1_49' title="bbox 200 2702 901 2746; baseline 0.004 -13"><span class='ocrx_word' id='word_1_268' title='bbox 200 2703 343 2743; x_wconf 87' lang='lat' dir='ltr'><strong>mavult,</strong></span> <span class='ocrx_word' id='word_1_269' title='bbox 356 2702 538 2745; x_wconf 85' lang='lat' dir='ltr'><strong>pleraque)</strong></span> <span class='ocrx_word' id='word_1_270' title='bbox 551 2703 715 2745; x_wconf 80' lang='lat' dir='ltr'><strong>ancipitia</strong></span> <span class='ocrx_word' id='word_1_271' title='bbox 730 2712 816 2745; x_wconf 82' lang='lat' dir='ltr'><strong>esse,</strong></span> <span class='ocrx_word' id='word_1_272' title='bbox 825 2714 901 2746; x_wconf 79' lang='lat' dir='ltr'><strong>quae</strong></span> 
     </span>
     <span class='ocr_line' id='line_1_50' title="bbox 200 2752 902 2795; baseline 0.006 -13"><span class='ocrx_word' id='word_1_273' title='bbox 200 2752 303 2793; x_wconf 82' lang='lat' dir='ltr'><strong>vulgo</strong></span> <span class='ocrx_word' id='word_1_274' title='bbox 331 2752 451 2784; x_wconf 89' lang='lat' dir='ltr'><strong>brevia</strong></span> <span class='ocrx_word' id='word_1_275' title='bbox 474 2758 534 2785; x_wconf 86' lang='lat' dir='ltr'><strong>aut</strong></span> <span class='ocrx_word' id='word_1_276' title='bbox 559 2754 664 2795; x_wconf 87' lang='lat' dir='ltr'><strong>longa</strong></span> <span class='ocrx_word' id='word_1_277' title='bbox 678 2758 810 2786; x_wconf 85' lang='lat' dir='ltr'><strong>tantum</strong></span> <span class='ocrx_word' id='word_1_278' title='bbox 827 2763 902 2786; x_wconf 91' lang='lat' dir='ltr'><strong>cre-</strong></span> 
     </span>
     <span class='ocr_line' id='line_1_51' title="bbox 202 2803 901 2847; baseline 0.006 -12"><span class='ocrx_word' id='word_1_279' title='bbox 202 2803 335 2836; x_wconf 81' lang='lat' dir='ltr'><strong>dantur.</strong></span> <span class='ocrx_word' id='word_1_280' title='bbox 379 2803 468 2836; x_wconf 88' lang='lat' dir='ltr'><strong>Vide</strong></span> <span class='ocrx_word' id='word_1_281' title='bbox 490 2805 657 2847; x_wconf 81' lang='lat' dir='ltr'><strong>Mariang.</strong></span> <span class='ocrx_word' id='word_1_282' title='bbox 683 2815 703 2837; x_wconf 82' lang='lat' dir='ltr'><strong>a</strong></span> <span class='ocrx_word' id='word_1_283' title='bbox 719 2806 813 2839; x_wconf 88' lang='lat' dir='ltr'><strong>Fano</strong></span> <span class='ocrx_word' id='word_1_284' title='bbox 836 2806 901 2839; x_wconf 90' lang='lat' dir='ltr'><strong>Be·</strong></span> 
     </span>
    </p>
   </div>
   <div class='ocr_carea' id='block_1_5' title="bbox 656 213 1183 251">
    <p class='ocr_par' dir='ltr' id='par_1_10' title="bbox 656 213 1183 251">
     <span class='ocr_line' id='line_1_52' title="bbox 656 213 1183 251; baseline 0.008 -8"><span class='ocrx_word' id='word_1_285' title='bbox 656 213 799 245; x_wconf 76' lang='lat' dir='ltr'>NOTAE</span> <span class='ocrx_word' id='word_1_286' title='bbox 832 214 1097 251; x_wconf 78' lang='lat' dir='ltr'><strong>vARioRUM</strong></span> <span class='ocrx_word' id='word_1_287' title='bbox 1131 217 1183 247; x_wconf 85' lang='lat' dir='ltr'><strong>IN</strong></span> 
     </span>
    </p>
   </div>
   <div class='ocr_carea' id='block_1_6' title="bbox 949 309 1662 2845">
    <p class='ocr_par' dir='ltr' id='par_1_11' title="bbox 949 309 1662 2539">
     <span class='ocr_line' id='line_1_53' title="bbox 951 309 1651 354; baseline 0.001 -11"><span class='ocrx_word' id='word_1_288' title='bbox 951 311 1028 343; x_wconf 88' lang='lat' dir='ltr'><strong>ned.</strong></span> <span class='ocrx_word' id='word_1_289' title='bbox 1042 310 1145 344; x_wconf 90' lang='lat' dir='ltr'><strong>Auct.</strong></span> <span class='ocrx_word' id='word_1_290' title='bbox 1159 312 1310 344; x_wconf 86' lang='lat' dir='ltr'><strong>Gramm.</strong></span> <span class='ocrx_word' id='word_1_291' title='bbox 1325 312 1429 345; x_wconf 87' lang='lat' dir='ltr'><strong>Gros.</strong></span> <span class='ocrx_word' id='word_1_292' title='bbox 1444 321 1478 354; x_wconf 89' lang='lat' dir='ltr'><strong>p.</strong></span> <span class='ocrx_word' id='word_1_293' title='bbox 1491 314 1546 344; x_wconf 76' lang='grc'><strong>73.</strong></span> <span class='ocrx_word' id='word_1_294' title='bbox 1569 309 1651 344; x_wconf 72' lang='grc' dir='ltr'><strong>Ρη-</strong></span> 
     </span>
     <span class='ocr_line' id='line_1_54' title="bbox 950 362 1651 406; baseline 0.003 -13"><span class='ocrx_word' id='word_1_295' title='bbox 950 362 1064 394; x_wconf 77' lang='lat' dir='ltr'><strong>sehius.</strong></span> <span class='ocrx_word' id='word_1_296' title='bbox 1113 363 1274 405; x_wconf 77' lang='lat' dir='ltr'><strong>Speciosa</strong></span> <span class='ocrx_word' id='word_1_297' title='bbox 1296 368 1387 404; x_wconf 80' lang='lat' dir='ltr'><strong>sunt,</strong></span> <span class='ocrx_word' id='word_1_298' title='bbox 1414 373 1490 406; x_wconf 81' lang='lat' dir='ltr'><strong>quae</strong></span> <span class='ocrx_word' id='word_1_299' title='bbox 1517 362 1651 396; x_wconf 80' lang='lat' dir='ltr'><strong>Gudius</strong></span> 
     </span>
     <span class='ocr_line' id='line_1_55' title="bbox 952 411 1652 456; baseline 0.003 -12"><span class='ocrx_word' id='word_1_300' title='bbox 952 411 1088 454; x_wconf 82' lang='lat' dir='ltr'><strong>profert</strong></span> <span class='ocrx_word' id='word_1_301' title='bbox 1102 411 1164 455; x_wconf 76' lang='lat' dir='ltr'><strong>pro</strong></span> <span class='ocrx_word' id='word_1_302' title='bbox 1179 414 1327 446; x_wconf 83' lang='lat' dir='ltr'><strong>lectione</strong></span> <span class='ocrx_word' id='word_1_303' title='bbox 1343 423 1416 455; x_wconf 85' lang='lat' dir='ltr'><strong>sua,</strong></span> <span class='ocrx_word' id='word_1_304' title='bbox 1429 413 1652 456; x_wconf 66' lang='lat' dir='ltr'><strong>nentium-quia</strong></span> 
     </span>
     <span class='ocr_line' id='line_1_56' title="bbox 954 462 1652 505; baseline 0.001 -11"><span class='ocrx_word' id='word_1_305' title='bbox 954 462 1067 504; x_wconf 78' lang='lat' dir='ltr'><strong>Creon,</strong></span> <span class='ocrx_word' id='word_1_306' title='bbox 1093 462 1156 495; x_wconf 86' lang='lat' dir='ltr'><strong>sed</strong></span> <span class='ocrx_word' id='word_1_307' title='bbox 1179 464 1237 495; x_wconf 79' lang='lat' dir='ltr'><strong>vix</strong></span> <span class='ocrx_word' id='word_1_308' title='bbox 1264 463 1472 505; x_wconf 78' lang='lat' dir='ltr'><strong>persuadet:</strong></span> <span class='ocrx_word' id='word_1_309' title='bbox 1504 464 1533 496; x_wconf 91' lang='lat' dir='ltr'><strong>si</strong></span> <span class='ocrx_word' id='word_1_310' title='bbox 1561 463 1652 496; x_wconf 83' lang='lat' dir='ltr'><strong>enirn</strong></span> 
     </span>
     <span class='ocr_line' id='line_1_57' title="bbox 955 512 1654 557; baseline 0.003 -13"><span class='ocrx_word' id='word_1_311' title='bbox 955 513 1056 545; x_wconf 81' lang='lat' dir='ltr'><strong>Creon</strong></span> <span class='ocrx_word' id='word_1_312' title='bbox 1071 512 1116 545; x_wconf 84' lang='lat' dir='ltr'><strong>sit</strong></span> <span class='ocrx_word' id='word_1_313' title='bbox 1131 513 1221 546; x_wconf 87' lang='lat' dir='ltr'><strong>idem</strong></span> <span class='ocrx_word' id='word_1_314' title='bbox 1241 513 1333 556; x_wconf 89' lang='lat' dir='ltr'><strong>quod</strong></span> <span class='ocrx_word' id='word_1_315' title='bbox 1347 524 1424 557; x_wconf 86' lang='lat' dir='ltr'><strong>rex,</strong></span> <span class='ocrx_word' id='word_1_316' title='bbox 1435 514 1567 556; x_wconf 88' lang='lat' dir='ltr'><strong>pariter</strong></span> <span class='ocrx_word' id='word_1_317' title='bbox 1579 514 1654 546; x_wconf 85' lang='lat' dir='ltr'><strong>lan·</strong></span> 
     </span>
     <span class='ocr_line' id='line_1_58' title="bbox 953 562 1654 607; baseline 0.004 -13"><span class='ocrx_word' id='word_1_318' title='bbox 953 567 1036 604; x_wconf 84' lang='lat' dir='ltr'><strong>guet</strong></span> <span class='ocrx_word' id='word_1_319' title='bbox 1059 563 1184 605; x_wconf 87' lang='lat' dir='ltr'><strong>oratio,</strong></span> <span class='ocrx_word' id='word_1_320' title='bbox 1209 564 1283 596; x_wconf 83' lang='lat' dir='ltr'><strong>sive</strong></span> <span class='ocrx_word' id='word_1_321' title='bbox 1308 562 1403 598; x_wconf 81' lang='lat' dir='ltr'><strong>dicas</strong></span> <span class='ocrx_word' id='word_1_322' title='bbox 1422 566 1564 597; x_wconf 77' lang='lat' dir='ltr'><strong>nominor</strong></span> <span class='ocrx_word' id='word_1_323' title='bbox 1577 565 1654 607; x_wconf 76' lang='lat' dir='ltr'><strong>quin</strong></span> 
     </span>
     <span class='ocr_line' id='line_1_59' title="bbox 952 614 1653 658; baseline 0.003 -13"><span class='ocrx_word' id='word_1_324' title='bbox 952 614 1028 656; x_wconf 84' lang='lat' dir='ltr'><strong>Leo,</strong></span> <span class='ocrx_word' id='word_1_325' title='bbox 1041 614 1113 646; x_wconf 87' lang='lat' dir='ltr'><strong>sive</strong></span> <span class='ocrx_word' id='word_1_326' title='bbox 1127 614 1246 647; x_wconf 76' lang='lat' dir='ltr'><strong>Creon.-</strong></span> <span class='ocrx_word' id='word_1_327' title='bbox 1268 614 1389 648; x_wconf 79' lang='lat' dir='ltr'><strong>sivero</strong></span> <span class='ocrx_word' id='word_1_328' title='bbox 1399 615 1533 658; x_wconf 79' lang='lat' dir='ltr'><strong>proprii</strong></span> <span class='ocrx_word' id='word_1_329' title='bbox 1543 615 1653 647; x_wconf 80' lang='lat' dir='ltr'><strong>vicem</strong></span> 
     </span>
     <span class='ocr_line' id='line_1_60' title="bbox 953 664 1655 708; baseline 0.001 -11"><span class='ocrx_word' id='word_1_330' title='bbox 953 665 1099 698; x_wconf 80' lang='lat' dir='ltr'><strong>nominis</strong></span> <span class='ocrx_word' id='word_1_331' title='bbox 1115 664 1291 708; x_wconf 81' lang='lat' dir='ltr'><strong>fungatur,</strong></span> <span class='ocrx_word' id='word_1_332' title='bbox 1305 665 1454 698; x_wconf 75' lang='lat' dir='ltr'><strong>insolens</strong></span> <span class='ocrx_word' id='word_1_333' title='bbox 1462 670 1575 707; x_wconf 69' lang='lat' dir='ltr'><strong>certe,</strong></span> <span class='ocrx_word' id='word_1_334' title='bbox 1596 674 1655 698; x_wconf 82' lang='lat' dir='ltr'><strong>no·</strong></span> 
     </span>
     <span class='ocr_line' id='line_1_61' title="bbox 955 716 1655 759; baseline 0.003 -11"><span class='ocrx_word' id='word_1_335' title='bbox 955 726 1032 749; x_wconf 88' lang='lat' dir='ltr'><strong>men</strong></span> <span class='ocrx_word' id='word_1_336' title='bbox 1053 717 1197 750; x_wconf 85' lang='lat' dir='ltr'><strong>hominis</strong></span> <span class='ocrx_word' id='word_1_337' title='bbox 1222 717 1372 749; x_wconf 84' lang='lat' dir='ltr'><strong>tribuere</strong></span> <span class='ocrx_word' id='word_1_338' title='bbox 1395 716 1546 759; x_wconf 67' lang='lat' dir='ltr'><strong>animoli,</strong></span> <span class='ocrx_word' id='word_1_339' title='bbox 1561 716 1655 759; x_wconf 69' lang='lat' dir='ltr'><strong>ideo,</strong></span> 
     </span>
     <span class='ocr_line' id='line_1_62' title="bbox 955 766 1655 811; baseline 0.003 -11"><span class='ocrx_word' id='word_1_340' title='bbox 955 768 1047 811; x_wconf 85' lang='lat' dir='ltr'><strong>quia,</strong></span> <span class='ocrx_word' id='word_1_341' title='bbox 1062 772 1102 801; x_wconf 89' lang='lat' dir='ltr'><strong>ut</strong></span> <span class='ocrx_word' id='word_1_342' title='bbox 1116 769 1230 801; x_wconf 87' lang='lat' dir='ltr'><strong>Creon</strong></span> <span class='ocrx_word' id='word_1_343' title='bbox 1243 768 1291 801; x_wconf 85' lang='lat' dir='ltr'><strong>sic</strong></span> <span class='ocrx_word' id='word_1_344' title='bbox 1306 768 1418 801; x_wconf 82' lang='lat' dir='ltr'><strong>dictus</strong></span> <span class='ocrx_word' id='word_1_345' title='bbox 1437 766 1543 803; x_wconf 76' lang='lat' dir='ltr'><strong>fuerit</strong></span> <span class='ocrx_word' id='word_1_346' title='bbox 1557 768 1655 802; x_wconf 67' lang='lat' dir='ltr'><strong>tho-</strong></span> 
     </span>
     <span class='ocr_line' id='line_1_63' title="bbox 954 817 1657 862; baseline 0.003 -12"><span class='ocrx_word' id='word_1_347' title='bbox 954 819 1027 851; x_wconf 91' lang='lat' dir='ltr'><strong>lute</strong></span> <span class='ocrx_word' id='word_1_348' title='bbox 1043 824 1123 862; x_wconf 87' lang='lat' dir='ltr'><strong>post</strong></span> <span class='ocrx_word' id='word_1_349' title='bbox 1147 829 1303 861; x_wconf 81' lang='lat' dir='ltr'><strong>regnum,</strong></span> <span class='ocrx_word' id='word_1_350' title='bbox 1325 819 1410 852; x_wconf 79' lang='lat' dir='ltr'><strong>licet</strong></span> <span class='ocrx_word' id='word_1_351' title='bbox 1434 822 1538 852; x_wconf 68' lang='lat' dir='ltr'><strong>ante·</strong></span> <span class='ocrx_word' id='word_1_352' title='bbox 1560 817 1657 852; x_wconf 60' lang='lat' dir='ltr'><strong>afim}</strong></span> 
     </span>
     <span class='ocr_line' id='line_1_64' title="bbox 954 870 1657 914; baseline 0.001 -12"><span class='ocrx_word' id='word_1_353' title='bbox 954 870 1114 904; x_wconf 86' lang='lat' dir='ltr'><strong>habuerit</strong></span> <span class='ocrx_word' id='word_1_354' title='bbox 1135 881 1270 912; x_wconf 81' lang='lat' dir='ltr'><strong>nomen,</strong></span> <span class='ocrx_word' id='word_1_355' title='bbox 1291 871 1343 904; x_wconf 79' lang='lat' dir='ltr'><strong>ita</strong></span> <span class='ocrx_word' id='word_1_356' title='bbox 1358 880 1493 914; x_wconf 80' lang='lat' dir='ltr'><strong>qnoque</strong></span> <span class='ocrx_word' id='word_1_357' title='bbox 1508 871 1657 911; x_wconf 64' lang='lat' dir='ltr'><strong>Imm,</strong></span> 
     </span>
     <span class='ocr_line' id='line_1_65' title="bbox 954 920 1659 964; baseline 0.001 -11"><span class='ocrx_word' id='word_1_358' title='bbox 954 920 1038 964; x_wconf 83' lang='lat' dir='ltr'><strong>(non</strong></span> <span class='ocrx_word' id='word_1_359' title='bbox 1054 922 1143 954; x_wconf 88' lang='lat' dir='ltr'><strong>hunc</strong></span> <span class='ocrx_word' id='word_1_360' title='bbox 1167 923 1222 954; x_wconf 81' lang='lat' dir='ltr'><strong>vel</strong></span> <span class='ocrx_word' id='word_1_361' title='bbox 1243 922 1352 963; x_wconf 88' lang='lat' dir='ltr'><strong>illum,</strong></span> <span class='ocrx_word' id='word_1_362' title='bbox 1375 921 1436 954; x_wconf 85' lang='lat' dir='ltr'><strong>sed</strong></span> <span class='ocrx_word' id='word_1_363' title='bbox 1451 921 1485 954; x_wconf 86' lang='lat' dir='ltr'><strong>in</strong></span> <span class='ocrx_word' id='word_1_364' title='bbox 1499 930 1542 954; x_wconf 90' lang='lat' dir='ltr'><strong>eo</strong></span> <span class='ocrx_word' id='word_1_365' title='bbox 1556 921 1659 954; x_wconf 78' lang='lat' dir='ltr'><strong>omne</strong></span> 
     </span>
     <span class='ocr_line' id='line_1_66' title="bbox 954 971 1657 1016; baseline 0 -12"><span class='ocrx_word' id='word_1_366' title='bbox 954 982 1059 1014; x_wconf 78' lang='lat' dir='ltr'><strong>genus</strong></span> <span class='ocrx_word' id='word_1_367' title='bbox 1074 972 1243 1016; x_wconf 90' lang='lat' dir='ltr'><strong>Leonum)</strong></span> <span class='ocrx_word' id='word_1_368' title='bbox 1264 975 1414 1006; x_wconf 77' lang='lat' dir='ltr'><strong>creantes</strong></span> <span class='ocrx_word' id='word_1_369' title='bbox 1428 981 1564 1012; x_wconf 70' lang='lat' dir='ltr'><strong>vocare.</strong></span> <span class='ocrx_word' id='word_1_370' title='bbox 1587 971 1657 1005; x_wconf 79' lang='lat' dir='ltr'><strong>Cn·-</strong></span> 
     </span>
     <span class='ocr_line' id='line_1_67' title="bbox 949 1023 1658 1066; baseline 0 -11"><span class='ocrx_word' id='word_1_371' title='bbox 949 1023 1009 1065; x_wconf 86' lang='lat' dir='ltr'><strong>jus</strong></span> <span class='ocrx_word' id='word_1_372' title='bbox 1025 1023 1075 1056; x_wconf 88' lang='lat' dir='ltr'><strong>rei</strong></span> <span class='ocrx_word' id='word_1_373' title='bbox 1090 1033 1132 1055; x_wconf 88' lang='lat' dir='ltr'><strong>an</strong></span> <span class='ocrx_word' id='word_1_374' title='bbox 1146 1024 1341 1066; x_wconf 86' lang='lat' dir='ltr'><strong>exemplum</strong></span> <span class='ocrx_word' id='word_1_375' title='bbox 1353 1023 1436 1057; x_wconf 84' lang='lat' dir='ltr'><strong>alibi</strong></span> <span class='ocrx_word' id='word_1_376' title='bbox 1455 1026 1584 1066; x_wconf 77' lang='lat' dir='ltr'><strong>exstet,</strong></span> <span class='ocrx_word' id='word_1_377' title='bbox 1598 1031 1658 1056; x_wconf 78' lang='lat' dir='ltr'><strong>ve-</strong></span> 
     </span>
     <span class='ocr_line' id='line_1_68' title="bbox 953 1072 1657 1107; baseline 0.001 -1"><span class='ocrx_word' id='word_1_378' title='bbox 953 1074 1132 1107; x_wconf 85' lang='lat' dir='ltr'><strong>hementer</strong></span> <span class='ocrx_word' id='word_1_379' title='bbox 1152 1074 1282 1107; x_wconf 80' lang='lat' dir='ltr'><strong>dubito.</strong></span> <span class='ocrx_word' id='word_1_380' title='bbox 1326 1075 1509 1107; x_wconf 66' lang='lat' dir='ltr'><strong>Praeterea</strong></span> <span class='ocrx_word' id='word_1_381' title='bbox 1532 1072 1657 1107; x_wconf 75' lang='lat' dir='ltr'><strong>eaden</strong></span> 
     </span>
     <span class='ocr_line' id='line_1_69' title="bbox 955 1123 1656 1167; baseline 0.003 -11"><span class='ocrx_word' id='word_1_382' title='bbox 955 1123 1139 1157; x_wconf 77' lang='lat' dir='ltr'><strong>difficultas</strong></span> <span class='ocrx_word' id='word_1_383' title='bbox 1172 1125 1208 1157; x_wconf 85' lang='lat' dir='ltr'><strong>in</strong></span> <span class='ocrx_word' id='word_1_384' title='bbox 1236 1124 1366 1157; x_wconf 77' lang='lat' dir='ltr'><strong>ultimae</strong></span> <span class='ocrx_word' id='word_1_385' title='bbox 1394 1123 1534 1167; x_wconf 65' lang='lat' dir='ltr'><strong>syllaba</strong></span> <span class='ocrx_word' id='word_1_386' title='bbox 1562 1124 1656 1158; x_wconf 72' lang='lat' dir='ltr'><strong>vocis</strong></span> 
     </span>
     <span class='ocr_line' id='line_1_70' title="bbox 953 1173 1658 1217; baseline 0.001 -10"><span class='ocrx_word' id='word_1_387' title='bbox 953 1175 1026 1217; x_wconf 77' lang='lat' dir='ltr'><strong>quia</strong></span> <span class='ocrx_word' id='word_1_388' title='bbox 1039 1175 1141 1208; x_wconf 87' lang='lat' dir='ltr'><strong>modo</strong></span> <span class='ocrx_word' id='word_1_389' title='bbox 1161 1179 1289 1217; x_wconf 81' lang='lat' dir='ltr'><strong>manet,</strong></span> <span class='ocrx_word' id='word_1_390' title='bbox 1310 1175 1376 1208; x_wconf 81' lang='lat' dir='ltr'><strong>nisi</strong></span> <span class='ocrx_word' id='word_1_391' title='bbox 1400 1175 1492 1207; x_wconf 74' lang='lat' dir='ltr'><strong>illam</strong></span> <span class='ocrx_word' id='word_1_392' title='bbox 1512 1173 1658 1216; x_wconf 73' lang='lat' dir='ltr'><strong>produci</strong></span> 
     </span>
     <span class='ocr_line' id='line_1_71' title="bbox 953 1225 1658 1269; baseline 0 -10"><span class='ocrx_word' id='word_1_393' title='bbox 953 1231 1097 1269; x_wconf 86' lang='lat' dir='ltr'><strong>propter</strong></span> <span class='ocrx_word' id='word_1_394' title='bbox 1124 1231 1309 1269; x_wconf 79' lang='lat' dir='ltr'><strong>sequentes</strong></span> <span class='ocrx_word' id='word_1_395' title='bbox 1332 1226 1454 1258; x_wconf 84' lang='lat' dir='ltr'><strong>literas</strong></span> <span class='ocrx_word' id='word_1_396' title='bbox 1485 1226 1534 1258; x_wconf 79' lang='lat' dir='ltr'><strong>cr</strong></span> <span class='ocrx_word' id='word_1_397' title='bbox 1561 1225 1658 1259; x_wconf 75' lang='lat' dir='ltr'><strong>dica-</strong></span> 
     </span>
     <span class='ocr_line' id='line_1_72' title="bbox 953 1277 1662 1321; baseline -0.001 -11"><span class='ocrx_word' id='word_1_398' title='bbox 953 1287 1053 1318; x_wconf 87' lang='lat' dir='ltr'><strong>mus;</strong></span> <span class='ocrx_word' id='word_1_399' title='bbox 1081 1278 1173 1321; x_wconf 91' lang='lat' dir='ltr'><strong>quod</strong></span> <span class='ocrx_word' id='word_1_400' title='bbox 1196 1287 1294 1321; x_wconf 76' lang='lat' dir='ltr'><strong>aeque</strong></span> <span class='ocrx_word' id='word_1_401' title='bbox 1319 1277 1524 1320; x_wconf 78' lang='lat' dir='ltr'><strong>procedere,</strong></span> <span class='ocrx_word' id='word_1_402' title='bbox 1549 1281 1662 1320; x_wconf 69' lang='lat' dir='ltr'><strong>atque»</strong></span> 
     </span>
     <span class='ocr_line' id='line_1_73' title="bbox 955 1327 1657 1370; baseline 0 -10"><span class='ocrx_word' id='word_1_403' title='bbox 955 1332 1036 1361; x_wconf 88' lang='lat' dir='ltr'><strong>ante</strong></span> <span class='ocrx_word' id='word_1_404' title='bbox 1060 1328 1137 1370; x_wconf 84' lang='lat' dir='ltr'><strong>Leo,</strong></span> <span class='ocrx_word' id='word_1_405' title='bbox 1163 1332 1260 1370; x_wconf 89' lang='lat' dir='ltr'><strong>puto.</strong></span> <span class='ocrx_word' id='word_1_406' title='bbox 1305 1328 1470 1361; x_wconf 84' lang='lat' dir='ltr'><strong>Contrahi</strong></span> <span class='ocrx_word' id='word_1_407' title='bbox 1494 1327 1530 1360; x_wconf 91' lang='lat' dir='ltr'><strong>in</strong></span> <span class='ocrx_word' id='word_1_408' title='bbox 1552 1337 1657 1360; x_wconf 76' lang='lat' dir='ltr'><strong>unam</strong></span> 
     </span>
     <span class='ocr_line' id='line_1_74' title="bbox 951 1378 1655 1421; baseline 0.003 -11"><span class='ocrx_word' id='word_1_409' title='bbox 951 1378 1118 1420; x_wconf 83' lang='lat' dir='ltr'><strong>syllabam</strong></span> <span class='ocrx_word' id='word_1_410' title='bbox 1142 1379 1216 1421; x_wconf 78' lang='lat' dir='ltr'><strong>quia</strong></span> <span class='ocrx_word' id='word_1_411' title='bbox 1245 1378 1338 1421; x_wconf 88' lang='lat' dir='ltr'><strong>apud</strong></span> <span class='ocrx_word' id='word_1_412' title='bbox 1367 1378 1512 1412; x_wconf 82' lang='lat' dir='ltr'><strong>Terent.</strong></span> <span class='ocrx_word' id='word_1_413' title='bbox 1541 1378 1655 1412; x_wconf 82' lang='lat' dir='ltr'><strong>Maur.</strong></span> 
     </span>
     <span class='ocr_line' id='line_1_75' title="bbox 951 1428 1656 1463; baseline 0.001 -2"><span class='ocrx_word' id='word_1_414' title='bbox 951 1430 1087 1463; x_wconf 85' lang='lat' dir='ltr'><strong>notavit</strong></span> <span class='ocrx_word' id='word_1_415' title='bbox 1101 1430 1264 1463; x_wconf 78' lang='lat' dir='ltr'><strong>Bai-thius</strong></span> <span class='ocrx_word' id='word_1_416' title='bbox 1279 1429 1368 1463; x_wconf 85' lang='lat' dir='ltr'><strong>Adv.</strong></span> <span class='ocrx_word' id='word_1_417' title='bbox 1379 1438 1441 1462; x_wconf 79' lang='lat' dir='ltr'><strong>xv.</strong></span> <span class='ocrx_word' id='word_1_418' title='bbox 1453 1431 1485 1462; x_wconf 77' lang='lat'><strong>2.</strong></span> <span class='ocrx_word' id='word_1_419' title='bbox 1503 1428 1575 1462; x_wconf 84' lang='lat' dir='ltr'><strong>Sed</strong></span> <span class='ocrx_word' id='word_1_420' title='bbox 1588 1437 1656 1462; x_wconf 77' lang='lat' dir='ltr'><strong>nee</strong></span> 
     </span>
     <span class='ocr_line' id='line_1_76' title="bbox 952 1479 1657 1523; baseline 0.001 -11"><span class='ocrx_word' id='word_1_421' title='bbox 952 1481 1018 1513; x_wconf 89' lang='lat' dir='ltr'><strong>hoc</strong></span> <span class='ocrx_word' id='word_1_422' title='bbox 1026 1481 1150 1522; x_wconf 82' lang='lat' dir='ltr'><strong>juvat:</strong></span> <span class='ocrx_word' id='word_1_423' title='bbox 1175 1490 1294 1523; x_wconf 85' lang='lat' dir='ltr'><strong>quare,</strong></span> <span class='ocrx_word' id='word_1_424' title='bbox 1309 1479 1388 1523; x_wconf 76' lang='lat' dir='ltr'><strong>qnia</strong></span> <span class='ocrx_word' id='word_1_425' title='bbox 1403 1485 1440 1514; x_wconf 83' lang='lat' dir='ltr'><strong>et</strong></span> <span class='ocrx_word' id='word_1_426' title='bbox 1454 1479 1657 1523; x_wconf 70' lang='lat' dir='ltr'><strong>Anonymm</strong></span> 
     </span>
     <span class='ocr_line' id='line_1_77' title="bbox 952 1530 1658 1573; baseline 0.003 -11"><span class='ocrx_word' id='word_1_427' title='bbox 952 1530 1057 1563; x_wconf 84' lang='lat' dir='ltr'><strong>habet</strong></span> <span class='ocrx_word' id='word_1_428' title='bbox 1080 1532 1154 1573; x_wconf 77' lang='lat' dir='ltr'><strong>quia</strong></span> <span class='ocrx_word' id='word_1_429' title='bbox 1175 1532 1317 1564; x_wconf 58' lang='lat' dir='ltr'><strong>ambior</strong></span> <span class='ocrx_word' id='word_1_430' title='bbox 1337 1531 1415 1573; x_wconf 79' lang='lat' dir='ltr'><strong>Leo,</strong></span> <span class='ocrx_word' id='word_1_431' title='bbox 1438 1535 1476 1564; x_wconf 90' lang='lat' dir='ltr'><strong>et</strong></span> <span class='ocrx_word' id='word_1_432' title='bbox 1499 1535 1572 1564; x_wconf 74' lang='lat' dir='ltr'><strong>tres</strong></span> <span class='ocrx_word' id='word_1_433' title='bbox 1585 1530 1658 1564; x_wconf 78' lang='lat' dir='ltr'><strong>illas</strong></span> 
     </span>
     <span class='ocr_line' id='line_1_78' title="bbox 953 1581 1658 1625; baseline 0.001 -11"><span class='ocrx_word' id='word_1_434' title='bbox 953 1591 1079 1624; x_wconf 82' lang='lat' dir='ltr'><strong>causae,</strong></span> <span class='ocrx_word' id='word_1_435' title='bbox 1093 1591 1177 1625; x_wconf 89' lang='lat' dir='ltr'><strong>quas</strong></span> <span class='ocrx_word' id='word_1_436' title='bbox 1200 1583 1272 1616; x_wconf 80' lang='lat' dir='ltr'><strong>Leo</strong></span> <span class='ocrx_word' id='word_1_437' title='bbox 1287 1582 1443 1625; x_wconf 82' lang='lat' dir='ltr'><strong>adducit,</strong></span> <span class='ocrx_word' id='word_1_438' title='bbox 1455 1581 1658 1625; x_wconf 74' lang='lat' dir='ltr'><strong>curpraefe-</strong></span> 
     </span>
     <span class='ocr_line' id='line_1_79' title="bbox 953 1632 1656 1675; baseline 0.001 -10"><span class='ocrx_word' id='word_1_439' title='bbox 953 1637 1060 1675; x_wconf 80' lang='lat' dir='ltr'><strong>ratur,</strong></span> <span class='ocrx_word' id='word_1_440' title='bbox 1080 1634 1150 1666; x_wconf 85' lang='lat' dir='ltr'><strong>sint</strong></span> <span class='ocrx_word' id='word_1_441' title='bbox 1165 1633 1386 1675; x_wconf 74' lang='lat' dir='ltr'><strong>imaginarias,</strong></span> <span class='ocrx_word' id='word_1_442' title='bbox 1402 1637 1439 1666; x_wconf 83' lang='lat' dir='ltr'><strong>et</strong></span> <span class='ocrx_word' id='word_1_443' title='bbox 1457 1636 1596 1675; x_wconf 79' lang='lat' dir='ltr'><strong>possent</strong></span> <span class='ocrx_word' id='word_1_444' title='bbox 1610 1632 1656 1666; x_wconf 78' lang='lat' dir='ltr'><strong>ad</strong></span> 
     </span>
     <span class='ocr_line' id='line_1_80' title="bbox 953 1683 1657 1727; baseline 0 -11"><span class='ocrx_word' id='word_1_445' title='bbox 953 1694 1056 1716; x_wconf 83' lang='lat' dir='ltr'><strong>unam</strong></span> <span class='ocrx_word' id='word_1_446' title='bbox 1080 1684 1216 1723; x_wconf 82' lang='lat' dir='ltr'><strong>referri,</strong></span> <span class='ocrx_word' id='word_1_447' title='bbox 1243 1684 1391 1727; x_wconf 86' lang='lat' dir='ltr'><strong>ideoque</strong></span> <span class='ocrx_word' id='word_1_448' title='bbox 1417 1683 1584 1716; x_wconf 78' lang='lat' dir='ltr'><strong>Plioedrns</strong></span> <span class='ocrx_word' id='word_1_449' title='bbox 1611 1692 1657 1716; x_wconf 79' lang='lat' dir='ltr'><strong>ex</strong></span> 
     </span>
     <span class='ocr_line' id='line_1_81' title="bbox 952 1735 1657 1777; baseline -0.001 -10"><span class='ocrx_word' id='word_1_450' title='bbox 952 1735 1078 1767; x_wconf 83' lang='lat' dir='ltr'><strong>Leonis</strong></span> <span class='ocrx_word' id='word_1_451' title='bbox 1094 1745 1240 1777; x_wconf 85' lang='lat' dir='ltr'><strong>persona</strong></span> <span class='ocrx_word' id='word_1_452' title='bbox 1252 1736 1447 1776; x_wconf 63' lang='grc' dir='ltr'><strong>ταυτολαγεῖ,</strong></span> <span class='ocrx_word' id='word_1_453' title='bbox 1460 1744 1524 1777; x_wconf 73' lang='lat' dir='ltr'><strong>ego</strong></span> <span class='ocrx_word' id='word_1_454' title='bbox 1537 1735 1657 1776; x_wconf 70' lang='lat' dir='ltr'><strong>vulga-</strong></span> 
     </span>
     <span class='ocr_line' id='line_1_82' title="bbox 953 1784 1657 1826; baseline -0.003 -8"><span class='ocrx_word' id='word_1_455' title='bbox 953 1790 1022 1818; x_wconf 80' lang='lat' dir='ltr'><strong>tam</strong></span> <span class='ocrx_word' id='word_1_456' title='bbox 1047 1786 1212 1818; x_wconf 85' lang='lat' dir='ltr'><strong>hactenus</strong></span> <span class='ocrx_word' id='word_1_457' title='bbox 1231 1785 1388 1825; x_wconf 90' lang='lat' dir='ltr'><strong>retineo;</strong></span> <span class='ocrx_word' id='word_1_458' title='bbox 1409 1795 1489 1817; x_wconf 81' lang='lat' dir='ltr'><strong>nam</strong></span> <span class='ocrx_word' id='word_1_459' title='bbox 1502 1784 1657 1826; x_wconf 65' lang='lat' dir='ltr'><strong>qudam</strong></span> 
     </span>
     <span class='ocr_line' id='line_1_83' title="bbox 951 1835 1657 1879; baseline -0.003 -10"><span class='ocrx_word' id='word_1_460' title='bbox 951 1837 1029 1877; x_wconf 84' lang='lat' dir='ltr'><strong>Leo,</strong></span> <span class='ocrx_word' id='word_1_461' title='bbox 1054 1838 1127 1879; x_wconf 78' lang='lat' dir='ltr'><strong>quia</strong></span> <span class='ocrx_word' id='word_1_462' title='bbox 1153 1845 1220 1869; x_wconf 78' lang='lat' dir='ltr'><strong>sum</strong></span> <span class='ocrx_word' id='word_1_463' title='bbox 1237 1835 1351 1877; x_wconf 65' lang='lat' dir='ltr'><strong>sonis,</strong></span> <span class='ocrx_word' id='word_1_464' title='bbox 1379 1835 1452 1877; x_wconf 70' lang='lat' dir='ltr'><strong>quia</strong></span> <span class='ocrx_word' id='word_1_465' title='bbox 1472 1836 1545 1877; x_wconf 66' lang='lat' dir='ltr'><strong>plus</strong></span> <span class='ocrx_word' id='word_1_466' title='bbox 1559 1835 1657 1876; x_wconf 68' lang='lat' dir='ltr'><strong>miso,</strong></span> 
     </span>
     <span class='ocr_line' id='line_1_84' title="bbox 951 1887 1656 1929; baseline -0.001 -10"><span class='ocrx_word' id='word_1_467' title='bbox 951 1896 1055 1919; x_wconf 89' lang='lat' dir='ltr'><strong>unum</strong></span> <span class='ocrx_word' id='word_1_468' title='bbox 1066 1887 1223 1929; x_wconf 89' lang='lat' dir='ltr'><strong>idemque</strong></span> <span class='ocrx_word' id='word_1_469' title='bbox 1235 1890 1482 1928; x_wconf 79' lang='lat' dir='ltr'><strong>argumentum,</strong></span> <span class='ocrx_word' id='word_1_470' title='bbox 1494 1895 1562 1919; x_wconf 77' lang='lat' dir='ltr'><strong>nou</strong></span> <span class='ocrx_word' id='word_1_471' title='bbox 1571 1895 1592 1918; x_wconf 78' lang='lat' dir='ltr'><strong>a</strong></span> <span class='ocrx_word' id='word_1_472' title='bbox 1598 1887 1656 1929; x_wconf 83' lang='lat' dir='ltr'><strong>ju·</strong></span> 
     </span>
     <span class='ocr_line' id='line_1_85' title="bbox 953 1937 1654 1979; baseline 0.001 -11"><span class='ocrx_word' id='word_1_473' title='bbox 953 1947 1003 1979; x_wconf 88' lang='lat' dir='ltr'><strong>re,</strong></span> <span class='ocrx_word' id='word_1_474' title='bbox 1025 1938 1087 1970; x_wconf 78' lang='lat' dir='ltr'><strong>sed</strong></span> <span class='ocrx_word' id='word_1_475' title='bbox 1109 1948 1130 1969; x_wconf 86' lang='lat' dir='ltr'><strong>a</strong></span> <span class='ocrx_word' id='word_1_476' title='bbox 1154 1938 1186 1969; x_wconf 89' lang='lat' dir='ltr'><strong>vi</strong></span> <span class='ocrx_word' id='word_1_477' title='bbox 1208 1942 1245 1970; x_wconf 90' lang='lat' dir='ltr'><strong>et</strong></span> <span class='ocrx_word' id='word_1_478' title='bbox 1267 1937 1424 1979; x_wconf 77' lang='lat' dir='ltr'><strong>potentia</strong></span> <span class='ocrx_word' id='word_1_479' title='bbox 1448 1937 1654 1975; x_wconf 76' lang='lat' dir='ltr'><strong>desumtum,</strong></span> 
     </span>
     <span class='ocr_line' id='line_1_86' title="bbox 952 1986 1655 2027; baseline 0.001 -8"><span class='ocrx_word' id='word_1_480' title='bbox 952 1987 1122 2027; x_wconf 82' lang='lat' dir='ltr'><strong>efficiunt3</strong></span> <span class='ocrx_word' id='word_1_481' title='bbox 1143 1992 1183 2020; x_wconf 89' lang='lat' dir='ltr'><strong>ut</strong></span> <span class='ocrx_word' id='word_1_482' title='bbox 1194 1991 1309 2020; x_wconf 81' lang='lat' dir='ltr'><strong>autem</strong></span> <span class='ocrx_word' id='word_1_483' title='bbox 1320 1987 1433 2019; x_wconf 84' lang='lat' dir='ltr'><strong>versui</strong></span> <span class='ocrx_word' id='word_1_484' title='bbox 1443 1986 1655 2027; x_wconf 62' lang='lat' dir='ltr'><strong>connitatur,</strong></span> 
     </span>
     <span class='ocr_line' id='line_1_87' title="bbox 953 2037 1656 2081; baseline 0 -10"><span class='ocrx_word' id='word_1_485' title='bbox 953 2049 996 2071; x_wconf 88' lang='lat' dir='ltr'><strong>ex</strong></span> <span class='ocrx_word' id='word_1_486' title='bbox 1012 2039 1193 2081; x_wconf 83' lang='lat' dir='ltr'><strong>Anonymo</strong></span> <span class='ocrx_word' id='word_1_487' title='bbox 1208 2047 1276 2071; x_wconf 86' lang='lat' dir='ltr'><strong>una</strong></span> <span class='ocrx_word' id='word_1_488' title='bbox 1290 2037 1390 2071; x_wconf 83' lang='lat' dir='ltr'><strong>modo</strong></span> <span class='ocrx_word' id='word_1_489' title='bbox 1405 2038 1508 2071; x_wconf 76' lang='lat' dir='ltr'><strong>litera</strong></span> <span class='ocrx_word' id='word_1_490' title='bbox 1522 2041 1656 2071; x_wconf 62' lang='lat' dir='ltr'><strong>mutan</strong></span> 
     </span>
     <span class='ocr_line' id='line_1_88' title="bbox 953 2089 1657 2133; baseline -0.003 -10"><span class='ocrx_word' id='word_1_491' title='bbox 953 2095 1070 2133; x_wconf 88' lang='lat' dir='ltr'><strong>posset</strong></span> <span class='ocrx_word' id='word_1_492' title='bbox 1085 2091 1167 2132; x_wconf 84' lang='lat' dir='ltr'><strong>legi,</strong></span> <span class='ocrx_word' id='word_1_493' title='bbox 1192 2091 1262 2131; x_wconf 83' lang='lat' dir='ltr'><strong>Ego</strong></span> <span class='ocrx_word' id='word_1_494' title='bbox 1283 2090 1420 2132; x_wconf 76' lang='lat' dir='ltr'><strong>primam</strong></span> <span class='ocrx_word' id='word_1_495' title='bbox 1433 2089 1507 2121; x_wconf 78' lang='lat' dir='ltr'><strong>tollo</strong></span> <span class='ocrx_word' id='word_1_496' title='bbox 1519 2092 1657 2131; x_wconf 77' lang='lat' dir='ltr'><strong>partem,</strong></span> 
     </span>
     <span class='ocr_line' id='line_1_89' title="bbox 952 2140 1657 2184; baseline -0.003 -10"><span class='ocrx_word' id='word_1_497' title='bbox 952 2143 1025 2184; x_wconf 73' lang='lat' dir='ltr'><strong>quia</strong></span> <span class='ocrx_word' id='word_1_498' title='bbox 1035 2142 1176 2174; x_wconf 78' lang='lat' dir='ltr'><strong>dominor</strong></span> <span class='ocrx_word' id='word_1_499' title='bbox 1186 2142 1269 2174; x_wconf 82' lang='lat' dir='ltr'><strong>Leo:</strong></span> <span class='ocrx_word' id='word_1_500' title='bbox 1293 2145 1330 2173; x_wconf 90' lang='lat' dir='ltr'><strong>et</strong></span> <span class='ocrx_word' id='word_1_501' title='bbox 1345 2141 1394 2173; x_wconf 90' lang='lat' dir='ltr'><strong>ita</strong></span> <span class='ocrx_word' id='word_1_502' title='bbox 1410 2140 1569 2182; x_wconf 88' lang='lat' dir='ltr'><strong>componi</strong></span> <span class='ocrx_word' id='word_1_503' title='bbox 1583 2149 1657 2172; x_wconf 85' lang='lat' dir='ltr'><strong>om-</strong></span> 
     </span>
     <span class='ocr_line' id='line_1_90' title="bbox 952 2190 1657 2234; baseline -0.003 -10"><span class='ocrx_word' id='word_1_504' title='bbox 952 2202 1014 2225; x_wconf 89' lang='lat' dir='ltr'><strong>nes</strong></span> <span class='ocrx_word' id='word_1_505' title='bbox 1039 2190 1178 2233; x_wconf 64' lang='lat' dir='ltr'><strong>fluctu,</strong></span> <span class='ocrx_word' id='word_1_506' title='bbox 1195 2200 1282 2234; x_wconf 87' lang='lat' dir='ltr'><strong>quos</strong></span> <span class='ocrx_word' id='word_1_507' title='bbox 1305 2190 1404 2222; x_wconf 87' lang='lat' dir='ltr'><strong>nimis</strong></span> <span class='ocrx_word' id='word_1_508' title='bbox 1427 2191 1529 2232; x_wconf 78' lang='lat' dir='ltr'><strong>longe</strong></span> <span class='ocrx_word' id='word_1_509' title='bbox 1544 2190 1657 2232; x_wconf 82' lang='lat' dir='ltr'><strong>petito</strong></span> 
     </span>
     <span class='ocr_line' id='line_1_91' title="bbox 952 2240 1652 2276; baseline -0.004 -1"><span class='ocrx_word' id='word_1_510' title='bbox 952 2243 1108 2276; x_wconf 86' lang='lat' dir='ltr'><strong>acumine</strong></span> <span class='ocrx_word' id='word_1_511' title='bbox 1144 2241 1313 2274; x_wconf 86' lang='lat' dir='ltr'><strong>excitavit</strong></span> <span class='ocrx_word' id='word_1_512' title='bbox 1349 2240 1498 2274; x_wconf 71' lang='lat' dir='ltr'><strong>Gudius.</strong></span> <span class='ocrx_word' id='word_1_513' title='bbox 1560 2241 1652 2273; x_wconf 83' lang='lat' dir='ltr'><strong>Nam</strong></span> 
     </span>
     <span class='ocr_line' id='line_1_92' title="bbox 953 2291 1655 2336; baseline -0.004 -10"><span class='ocrx_word' id='word_1_514' title='bbox 953 2294 1135 2334; x_wconf 86' lang='lat' dir='ltr'><strong>medicina,</strong></span> <span class='ocrx_word' id='word_1_515' title='bbox 1174 2302 1274 2336; x_wconf 86' lang='lat' dir='ltr'><strong>quam</strong></span> <span class='ocrx_word' id='word_1_516' title='bbox 1301 2291 1386 2325; x_wconf 81' lang='lat' dir='ltr'><strong>facit</strong></span> <span class='ocrx_word' id='word_1_517' title='bbox 1409 2292 1589 2325; x_wconf 71' lang='lat' dir='ltr'><strong>Richter-ns</strong></span> <span class='ocrx_word' id='word_1_518' title='bbox 1619 2291 1655 2323; x_wconf 85' lang='lat' dir='ltr'><strong>in</strong></span> 
     </span>
     <span class='ocr_line' id='line_1_93' title="bbox 953 2342 1655 2388; baseline -0.007 -9"><span class='ocrx_word' id='word_1_519' title='bbox 953 2346 1100 2388; x_wconf 89' lang='lat' dir='ltr'><strong>Specim.</strong></span> <span class='ocrx_word' id='word_1_520' title='bbox 1138 2343 1296 2376; x_wconf 85' lang='lat' dir='ltr'><strong>Animad.</strong></span> <span class='ocrx_word' id='word_1_521' title='bbox 1333 2343 1473 2375; x_wconf 65' lang='lat' dir='ltr'><strong>noandum·</strong></span> <span class='ocrx_word' id='word_1_522' title='bbox 1507 2342 1655 2384; x_wconf 71' lang='lat' dir='ltr'><strong>quonium</strong></span> 
     </span>
     <span class='ocr_line' id='line_1_94' title="bbox 952 2392 1651 2438; baseline -0.006 -9"><span class='ocrx_word' id='word_1_523' title='bbox 952 2398 1027 2438; x_wconf 80' lang='lat' dir='ltr'><strong>Leo,</strong></span> <span class='ocrx_word' id='word_1_524' title='bbox 1043 2397 1122 2429; x_wconf 83' lang='lat' dir='ltr'><strong>talis</strong></span> <span class='ocrx_word' id='word_1_525' title='bbox 1136 2400 1200 2437; x_wconf 84' lang='lat' dir='ltr'><strong>est,</strong></span> <span class='ocrx_word' id='word_1_526' title='bbox 1215 2400 1253 2427; x_wconf 86' lang='lat' dir='ltr'><strong>ut</strong></span> <span class='ocrx_word' id='word_1_527' title='bbox 1277 2395 1378 2427; x_wconf 81' lang='lat' dir='ltr'><strong>simili</strong></span> <span class='ocrx_word' id='word_1_528' title='bbox 1398 2394 1510 2427; x_wconf 81' lang='lat' dir='ltr'><strong>omnia</strong></span> <span class='ocrx_word' id='word_1_529' title='bbox 1526 2392 1651 2426; x_wconf 77' lang='lat' dir='ltr'><strong>affecta</strong></span> 
     </span>
     <span class='ocr_line' id='line_1_95' title="bbox 953 2445 1653 2490; baseline -0.007 -10"><span class='ocrx_word' id='word_1_530' title='bbox 953 2449 1028 2480; x_wconf 87' lang='lat' dir='ltr'><strong>loca</strong></span> <span class='ocrx_word' id='word_1_531' title='bbox 1042 2447 1207 2490; x_wconf 76' lang='lat' dir='ltr'><strong>possimus</strong></span> <span class='ocrx_word' id='word_1_532' title='bbox 1221 2455 1357 2479; x_wconf 80' lang='lat' dir='ltr'><strong>sanare.</strong></span> <span class='ocrx_word' id='word_1_533' title='bbox 1401 2445 1556 2478; x_wconf 69' lang='lat' dir='ltr'><strong>Dan-inor</strong></span> <span class='ocrx_word' id='word_1_534' title='bbox 1569 2453 1653 2476; x_wconf 76' lang='lat' dir='ltr'><strong>vero</strong></span> 
     </span>
     <span class='ocr_line' id='line_1_96' title="bbox 952 2494 1653 2539; baseline -0.004 -10"><span class='ocrx_word' id='word_1_535' title='bbox 952 2498 1063 2531; x_wconf 91' lang='lat' dir='ltr'><strong>lucem</strong></span> <span class='ocrx_word' id='word_1_536' title='bbox 1073 2498 1167 2539; x_wconf 84' lang='lat' dir='ltr'><strong>capit</strong></span> <span class='ocrx_word' id='word_1_537' title='bbox 1181 2506 1224 2529; x_wconf 86' lang='lat' dir='ltr'><strong>ex</strong></span> <span class='ocrx_word' id='word_1_538' title='bbox 1239 2496 1299 2528; x_wconf 84' lang='lat' dir='ltr'><strong>lib.</strong></span> <span class='ocrx_word' id='word_1_539' title='bbox 1311 2504 1361 2528; x_wconf 80' lang='lat' dir='ltr'><strong>tv.</strong></span> <span class='ocrx_word' id='word_1_540' title='bbox 1375 2495 1447 2528; x_wconf 81' lang='lat' dir='ltr'><strong>fab.</strong></span> <span class='ocrx_word' id='word_1_541' title='bbox 1463 2498 1516 2527; x_wconf 78' lang='lat'><strong>12.</strong></span> <span class='ocrx_word' id='word_1_542' title='bbox 1538 2494 1653 2527; x_wconf 71' lang='lat' dir='ltr'><strong>Bam.</strong></span> 
     </span>
    </p>

    <p class='ocr_par' dir='ltr' id='par_1_12' title="bbox 951 2545 1657 2845">
     <span class='ocr_line' id='line_1_97' title="bbox 996 2545 1656 2589; baseline -0.006 -9"><span class='ocrx_word' id='word_1_543' title='bbox 996 2549 1150 2580; x_wconf 83' lang='lat' dir='ltr'><strong>Nominor</strong></span> <span class='ocrx_word' id='word_1_544' title='bbox 1161 2548 1235 2589; x_wconf 79' lang='lat' dir='ltr'><strong>quia</strong></span> <span class='ocrx_word' id='word_1_545' title='bbox 1246 2546 1325 2587; x_wconf 81' lang='lat' dir='ltr'><strong>Leo]</strong></span> <span class='ocrx_word' id='word_1_546' title='bbox 1350 2545 1512 2578; x_wconf 74' lang='lat' dir='ltr'><strong>Ultimum</strong></span> <span class='ocrx_word' id='word_1_547' title='bbox 1523 2546 1559 2577; x_wconf 88' lang='lat' dir='ltr'><strong>in</strong></span> <span class='ocrx_word' id='word_1_548' title='bbox 1571 2546 1656 2587; x_wconf 76' lang='lat' dir='ltr'><strong>quia,</strong></span> 
     </span>
     <span class='ocr_line' id='line_1_98' title="bbox 951 2595 1657 2637; baseline -0.004 -7"><span class='ocrx_word' id='word_1_549' title='bbox 951 2602 1074 2630; x_wconf 83' lang='lat' dir='ltr'><strong>natura</strong></span> <span class='ocrx_word' id='word_1_550' title='bbox 1093 2607 1154 2629; x_wconf 86' lang='lat' dir='ltr'><strong>sua</strong></span> <span class='ocrx_word' id='word_1_551' title='bbox 1180 2597 1331 2636; x_wconf 87' lang='lat' dir='ltr'><strong>brevem,</strong></span> <span class='ocrx_word' id='word_1_552' title='bbox 1356 2596 1413 2628; x_wconf 87' lang='lat' dir='ltr'><strong>hic</strong></span> <span class='ocrx_word' id='word_1_553' title='bbox 1439 2595 1583 2637; x_wconf 79' lang='lat' dir='ltr'><strong>produci</strong></span> <span class='ocrx_word' id='word_1_554' title='bbox 1597 2606 1657 2628; x_wconf 85' lang='lat' dir='ltr'><strong>vo-</strong></span> 
     </span>
     <span class='ocr_line' id='line_1_99' title="bbox 951 2646 1655 2690; baseline -0.004 -9"><span class='ocrx_word' id='word_1_555' title='bbox 951 2651 1027 2681; x_wconf 91' lang='lat' dir='ltr'><strong>lunt</strong></span> <span class='ocrx_word' id='word_1_556' title='bbox 1060 2653 1205 2690; x_wconf 87' lang='lat' dir='ltr'><strong>propter</strong></span> <span class='ocrx_word' id='word_1_557' title='bbox 1240 2651 1440 2689; x_wconf 81' lang='lat' dir='ltr'><strong>sequentem</strong></span> <span class='ocrx_word' id='word_1_558' title='bbox 1477 2646 1655 2688; x_wconf 83' lang='lat' dir='ltr'><strong>liquidam,</strong></span> 
     </span>
     <span class='ocr_line' id='line_1_100' title="bbox 953 2698 1655 2743; baseline 0 -11"><span class='ocrx_word' id='word_1_559' title='bbox 953 2700 1042 2743; x_wconf 88' lang='lat' dir='ltr'><strong>quod</strong></span> <span class='ocrx_word' id='word_1_560' title='bbox 1058 2709 1127 2731; x_wconf 86' lang='lat' dir='ltr'><strong>non</strong></span> <span class='ocrx_word' id='word_1_561' title='bbox 1143 2703 1197 2732; x_wconf 84' lang='lat' dir='ltr'><strong>est</strong></span> <span class='ocrx_word' id='word_1_562' title='bbox 1221 2698 1486 2737; x_wconf 82' lang='lat' dir='ltr'><strong>admittendum,</strong></span> <span class='ocrx_word' id='word_1_563' title='bbox 1513 2708 1593 2731; x_wconf 90' lang='lat' dir='ltr'><strong>cum</strong></span> <span class='ocrx_word' id='word_1_564' title='bbox 1615 2699 1655 2732; x_wconf 80' lang='lat' dir='ltr'><strong>li-</strong></span> 
     </span>
     <span class='ocr_line' id='line_1_101' title="bbox 952 2750 1654 2794; baseline 0 -10"><span class='ocrx_word' id='word_1_565' title='bbox 952 2751 1128 2794; x_wconf 87' lang='lat' dir='ltr'><strong>quidarum</strong></span> <span class='ocrx_word' id='word_1_566' title='bbox 1145 2751 1194 2782; x_wconf 90' lang='lat' dir='ltr'><strong>vis</strong></span> <span class='ocrx_word' id='word_1_567' title='bbox 1210 2755 1247 2783; x_wconf 88' lang='lat' dir='ltr'><strong>et</strong></span> <span class='ocrx_word' id='word_1_568' title='bbox 1271 2754 1393 2783; x_wconf 84' lang='lat' dir='ltr'><strong>natura</strong></span> <span class='ocrx_word' id='word_1_569' title='bbox 1413 2750 1479 2782; x_wconf 78' lang='lat' dir='ltr'><strong>alia</strong></span> <span class='ocrx_word' id='word_1_570' title='bbox 1492 2751 1592 2792; x_wconf 88' lang='lat' dir='ltr'><strong>plane</strong></span> <span class='ocrx_word' id='word_1_571' title='bbox 1607 2751 1654 2784; x_wconf 80' lang='lat' dir='ltr'><strong>sit</strong></span> 
     </span>
     <span class='ocr_line' id='line_1_102' title="bbox 951 2800 1652 2845; baseline 0 -10"><span class='ocrx_word' id='word_1_572' title='bbox 951 2800 1043 2845; x_wconf 82' lang='lat' dir='ltr'><strong>apud</strong></span> <span class='ocrx_word' id='word_1_573' title='bbox 1066 2802 1216 2845; x_wconf 86' lang='lat' dir='ltr'><strong>Latinos,</strong></span> <span class='ocrx_word' id='word_1_574' title='bbox 1239 2811 1278 2835; x_wconf 90' lang='lat' dir='ltr'><strong>ac</strong></span> <span class='ocrx_word' id='word_1_575' title='bbox 1303 2801 1393 2844; x_wconf 82' lang='lat' dir='ltr'><strong>apud</strong></span> <span class='ocrx_word' id='word_1_576' title='bbox 1410 2802 1565 2844; x_wconf 85' lang='lat' dir='ltr'><strong>Graecos,</strong></span> <span class='ocrx_word' id='word_1_577' title='bbox 1587 2810 1652 2835; x_wconf 83' lang='lat' dir='ltr'><strong>nec</strong></span> 
     </span>
    </p>
   </div>
  </div>
 </body>
</html>
