1806 3236
231 183 319 228 126
517 193 718 225 rnAEmu
753 190 1072 224 naumann
1100 188 1408 224 AEsormmm

233 289 370 333 Caeco
388 288 548 332 timore
567 289 818 346 proximam
835 287 986 331 villam
1005 287 1135 344 petit,

231 358 291 401 Et
309 361 560 413 opportuno
581 370 629 399 se
648 357 804 399 bubuli
825 356 1040 418 condidit.
1143 403 1146 407 ,

232 425 326 468 Hic
347 426 444 468 Bos
464 426 641 480 latenti:
675 425 904 478 Quidnam
923 424 1107 468 voluisti
1125 425 1224 478 tibi,
1668 423 1701 468 5

232 492 414 546 Infelix,
435 495 551 537 ultro
572 494 651 549 qui
671 494 729 537 ad
749 506 904 538 necem
924 495 1182 547 cucurreris,
1675 492 1702 502 ’“

218 561 565 619 ,Ηοωίηηιῃᾳυθ
586 567 708 605 tecto
729 562 931 618 spiritum
954 562 1264 617 commiseris?

229 629 295 672 At
314 630 389 672 ille
406 630 616 686 supplex,
651 628 750 675 Vos
768 631 920 684 modo,
941 631 1104 687 inquit,
1124 629 1323 687 parcite:

232 698 483 741 Occasione
502 711 655 741 rursus
673 711 901 755 erumpam
921 700 1037 744 data.

231 766 436 826 Spatium
455 766 542 810 diei
557 767 703 810 noctis
723 768 950 823 excipiunt
969 767 1106 812 vices·
1542 805 1546 809 .
1582 798 1587 800 -
1641 765 1702 812 lo

232 834 460 878 Frondem
479 834 697 879 bubulcus
718 835 859 888 affert,
878 849 962 879 nec
980 835 1084 879 ideo
1104 836 1243 880 videt.
1443 833 1448 844 '
1568 839 1571 841 “
1693 850 1697 855 “

231 900 350 946 Eunt
368 901 556 946 subinde
576 908 624 946 et
642 902 827 948 redeunt
845 917 999 948 omnes
1019 905 1190 956 rustici,

232 970 381 1015 Nemo
401 971 734 1016 animadvertit:
765 973 926 1016 transit
943 973 1075 1016 etiam
1095 973 1290 1026 villicus,

229 1102 412 1136 subduceret
424 1104 520 1137 morti
533 1105 599 1138 sibi
612 1105 791 1140 imminenti
804 1116 824 1139 a
838 1105 1047 1147 venatoribus,
1063 1108 1094 1138 et
1115 1115 1149 1138 se
1163 1104 1330 1138 occultavit
1347 1103 1383 1137 in
1402 1102 1523 1137 stabulo
1536 1103 1701 1137 mnodo.

230 1147 298 1179 Bos
322 1147 412 1180 dixit
436 1148 516 1180 huie
541 1148 736 1182 delitescenti
746 1160 757 1182 .·
783 1149 943 1187 Quidnam
960 1149 1163 1192 proposuisti,
1174 1149 1293 1189 miser,
1313 1149 1370 1192 qui
1391 1150 1424 1183 tc
1433 1144 1593 1188 affluerit
1613 1147 1701 1182 ΝΜ)

228 1189 336 1232 morti,
349 1194 382 1223 et
395 1192 566 1224 credideris
577 1192 674 1225 vitam
688 1192 807 1225 ‹edibus
824 1190 1008 1227 hominum?
1053 1191 1116 1224 Cui
1129 1192 1183 1227 ille
1202 1201 1329 1233 rogans,
1346 1190 1430 1232 Vos,
1454 1189 1572 1232 inqua,
1593 1198 1634 1222 ne
1645 1189 1700 1226 12.-

229 1233 296 1265 dite
305 1244 316 1265 .·
338 1244 388 1266 me
397 1235 571 1275 proripiam
582 1235 695 1268 iterum
702 1236 796 1276 foras
805 1236 858 1268 ubi
869 1246 901 1268 se
915 1235 1132 1278 opportunitas
1141 1234 1299 1267 obtulerit.
1325 1234 1403 1266 Non:
1411 1224 1556 1267 unstdi'ae
1566 1235 1677 1266 euch
1686 1242 1701 1270 ,·

229 1275 374 1308 bubulcus
386 1281 535 1318 apportat
542 1277 675 1317 frondes
688 1278 811 1320 bobus,
826 1289 922 1321 neque
934 1283 1039 1311 tamen
1051 1278 1284 1310 animadvertit.
1330 1277 1456 1310 Deinde
1470 1285 1573 1308 omnes
1588 1273 1701 1307 rustici

229 1322 303 1351 eunt
317 1321 506 1363 redeuntque
515 1331 530 1360 ,·
553 1322 655 1354 nullus
665 1322 761 1356 videt.
807 1322 894 1359 Quin
915 1325 947 1354 et
971 1322 1093 1354 villicus
1105 1321 1204 1363 venit,
1225 1330 1321 1362 neque
1335 1320 1386 1353 llic
1400 1318 1604 1361 deprehendit
1618 1317 1708 1363 quic--

843 1414 1083 1429 OOOOOOONOOO

229 1481 385 1514 instantes
411 1481 493 1523 neci,
515 1483 583 1522 vel,
612 1486 759 1516 venatore
772 1482 907 1523 fugeret
929 1482 1065 1515 instanti
1091 1492 1205 1516 necem.
1251 1481 1320 1515 Sed
1344 1479 1460 1515 omnin
1480 1490 1582 1521 vana,
1596 1478 1700 1522 paulo

229 1524 336 1557 fusius
354 1525 522 1567 probante
545 1527 766 1567 Bnrmanno3
788 1536 866 1559 cum
890 1525 1029 1558 dubium
1044 1535 1118 1559 esse
1132 1535 1201 1558 non
1216 1525 1336 1568 possit,
1351 1535 1372 1558 a
1387 1523 1511 1569 quibus
1523 1523 1699 1556 excitatns

228 1568 274 1600 sit
289 1578 424 1608 cervus,
440 1573 477 1601 et
491 1569 596 1602 lectio
611 1570 752 1611 vulgata
767 1569 855 1601 bene
867 1578 904 1601 se
918 1568 1056 1609 habeat,
1068 1568 1275 1611 defendique
1290 1567 1398 1611 possit
1412 1566 1530 1600 maltis
1544 1569 1699 1599 veterum

201 1650 204 1653 ι
230 1616 407 1643 auctorum
420 1612 598 1654 exemplis.
643 1612 735 1645 Vide
755 1612 844 1644 enim
857 1621 942 1655 quos
963 1612 1084 1644 laudat
1097 1613 1326 1644 Burmannus.
1381 1609 1553 1653 Proponit
1567 1607 1700 1642 Anton.

230 1654 260 1686 A
277 1656 422 1687 venatore
442 1655 610 1688 instantem
631 1658 667 1687 ut
687 1655 843 1698 effugeret
861 1655 995 1697 necem]
1027 1655 1169 1693 Deinde
1184 1665 1204 1687 e
1219 1654 1333 1701 gerbis
1387 1653 1489 1687 omnli
1510 1652 1649 1685 Divion.
1663 1654 1701 1683 ut

229 1700 391 1730 venatores
405 1700 559 1740 evaderet,
574 1702 686 1740 patet,
699 1703 860 1739 mortem,
873 1708 894 1731 a
906 1698 1125 1730 venatoribus
1140 1698 1340 1738 instantem,
1349 1706 1424 1729 esse
1432 1693 1701 1737 intelligendum,

230 1739 324 1782 quod
330 1740 406 1781 jam
418 1741 499 1772 olim
512 1742 646 1773 notavit
661 1742 889 1774 Burmannus.
926 1741 1084 1783 Denique
1099 1751 1176 1773 cum
1190 1740 1331 1773 verbum
1344 1740 1465 1777 instare
1476 1738 1521 1772 de
1542 1736 1699 1780 proxime

230 1783 487 1816 imminentibus
509 1784 634 1825 passim
663 1783 812 1825 dicatur,
833 1784 897 1816 hoc
924 1783 1000 1815 loco
1023 1794 1044 1815 u
1065 1793 1170 1816 necem
1190 1793 1257 1815 non
1273 1781 1392 1819 divelli
1414 1786 1452 1815 et
1473 1780 1517 1815 nd
1538 1782 1700 1813 venatores

230 1824 356 1858 referri
371 1829 566 1868 potest.—-4
589 1827 635 1858 Et
649 1836 687 1869 op
709 1830 834 1860 ortuno.
869 1826 912 1858 Iu
936 1826 1004 1860 Ms.
1021 1826 1102 1859 Per.
1118 1835 1196 1870 pro,
1212 1827 1259 1859 Et
1382 1834 1454 1864 uno,
1474 1827 1542 1863 est,
1558 1823 1699 1856 Etinter

230 1868 480 1901 bubulos'ruit....
494 1874 532 1902 et
553 1879 633 1902 mox
646 1869 663 1903 ς’
717 1871 768 1902 uic
782 1880 817 1902 eo
831 1869 956 1910 latenti,
972 1869 1142 1906 Quidnam.
1188 1866 1256 1901 Ms.
1307 1869 1369 1901 ith.
1384 1867 1478 1901 bovili
1487 1877 1501 1905 ‚·
1522 1866 1573 1899 sic
1587 1864 1700 1899 edidit

233 1912 444 1952 Neveletus3
468 1912 536 1944 Ms.
560 1913 658 1945 Rem.
682 1912 788 1951 babili,
813 1912 904 1955 quod
928 1912 1021 1945 Gud.
1038 1916 1076 1944 et
1096 1913 1216 1944 Burm.
1240 1915 1375 1945 mutant
1396 1911 1431 1942 in
1451 1909 1560 1948 bubili.
1576 1909 1698 1942 Recte.

231 1956 335 1988 Teste
360 1955 452 1987 enim
474 1955 631 1988 Varrone
654 1955 698 1988 de
720 1958 775 1990 44.
801 1964 867 1988 vu.
892 1964 927 1997 p.
944 1958 1018 1988 117.
1054 1955 1148 1988 Edit.
1171 1955 1251 1997 Bip.
1281 1965 1302 1988 a
1323 1954 1412 1987 bove
1435 1952 1565 1986 dicitnr
1586 1951 1701 1989 habite,

232 2008 301 2030 non
326 1998 437 2031 bovile.
460 2007 496 2030 v.
521 1998 621 2031 Brot.
650 1999 728 2031 coll.
749 1999 938 2032 Burmann.
953 2002 990 2031 et
1011 1998 1204 2031 Desbillon.
1248 1997 1292 2031 In
1314 1996 1504 2039 Anonymo.
1521 1995 1594 2030 Nil.
1619 1994 1700 2028 ovile

231 2039 377 2083 legitur.'
417 2042 619 2083 Perperam,
638 2042 719 2084 quia
734 2041 777 2073 de
797 2041 906 2074 bobus
931 2041 1124 2083 agitatu—6
1144 2040 1199 2073 Aa
1216 2050 1320 2074 necem
1345 2038 1531 2072 cucurreris.
1575 2035 1709 2088 Heius..

230 2085 392 2126 conjicit:
409 2085 462 2125 qui
476 2085 544 2116 neci
554 2085 774 2125 occucurreris,
786 2083 914 2127 vel,qui
927 2094 1031 2118 necem
1039 2084 1261 2124 incucurreris,
1272 2083 1352 2127 quia
1366 2083 1488 2118 Cicero
1500 2090 1595 2123 supe
1610 2080 1701 2113 dixit

232 2128 265 2159 in
281 2128 413 2168 morbos,
427 2127 463 2159 in
483 2128 612 2167 crimen,
626 2128 661 2160 in
678 2128 863 2170 perniciem,
888 2130 941 2168 ὅγε.
966 2128 1202 2160 incurrere—’1
1232 2127 1465 2168 Hominumque
1479 2127 1573 2158 tecla.
1618 2123 1698 2156 Non

230 2171 320 2202 male
333 2170 417 2203 Cod.
442 2170 579 2203 Perotti
594 2171 803 2213 Hominisque
815 2174 909 2212 tecto,
923 2171 946 2203 i.
960 2180 994 2203 e.
1007 2170 1156 2211 domino,
1169 2170 1260 2214 quod
1280 2169 1647 2212 probantHeusinger.
1663 2166 1700 2198 in

231 2212 394 2246 Addend.
410 2218 447 2245 et
460 2214 578 2245 Burm.
610 2213 726 2246 Aliter
740 2213 848 2247 sentit
863 2214 909 2246 cl.
926 2214 1030 2255 Lang.
1047 2214 1082 2246 in
1105 2214 1266 2255 Prolegg.
1284 2213 1328 2245 nd
1344 2212 1483 2245 Phoedr.
1497 2212 1531 2243 2.
1548 2219 1583 2253 p.
1599 2211 1700 2242 24.—

231 2259 253 2288 9
269 2257 354 2288 Cum
371 2256 461 2297 apud
479 2257 659 2288 Romulum
674 2256 924 2292 Divionensem
939 2257 1095 2298 legatur:
1119 2257 1184 2289 haec
1198 2267 1267 2289 cum
1282 2256 1433 2297 quuitur,
1448 2264 1521 2296 seu,
1539 2257 1579 2286 ut
1593 2252 1699 2285 habet

232 2299 395 2331 Romulus
411 2299 503 2331 Ulm.
516 2299 582 2331 koec
593 2308 663 2331 cum
681 2299 826 2340 dixisset,
836 2300 961 2332 obscuro
974 2309 1007 2332 se
1021 2300 1160 2331 condidit
1176 2300 1239 2331 loco
1252 2310 1265 2338 ,·
1288 2303 1409 2331 censet
1426 2298 1456 2331 N
1461 2297 1628 2334 evemus,
1642 2304 1700 2327 ex-

231 2342 358 2375 cidisse
373 2351 510 2374 versum
527 2342 626 2383 hunc,
641 2343 756 2375 statim
773 2343 887 2375 versui
902 2346 935 2376 9.
957 2342 1206 2385 subjiciendum
1220 2353 1228 2374 ε
1250 2341 1340 2392 quod
1356 2351 1422 2374 non
1439 2345 1491 2373 est
1507 2337 1698 2382 probabile,

232 2395 311 2417 cum
333 2395 434 2417 versu
450 2388 483 2418 4.
501 2384 575 2427 jam
598 2385 742 2418 dixisset
756 2386 935 2426 Phaedrus,
961 2395 1100 2418 cervum
1121 2394 1158 2417 se
1179 2386 1352 2417 condidisse
1376 2383 1508 2423 bubuli,
1523 2382 1582 2415 nbi
1605 2380 1700 2423 apud

163 2462 166 2464 ,
233 2428 418 2461 Romulum
442 2433 517 2460 est:
540 2428 671 2469 coniecit
691 2438 725 2460 se
750 2428 786 2461 in
798 2429 1053 2462 stabulum—lo
1075 2427 1222 2470 Spatium
1245 2428 1320 2460 diei.
1354 2428 1423 2462 Ms.
1446 2427 1530 2459 Per.
1551 2423 1700 2467 spatum

231 2471 404 2504 dein.—-ll
428 2471 498 2503 Nec
512 2471 593 2504 ideo.
618 2471 740 2504 Heius.
756 2481 855 2514 ncque
874 2473 962 2504 adeo.
1009 2472 1153 2504 Salmas.
1179 2481 1236 2503 nec
1257 2472 1344 2503 adeo.
1368 2471 1438 2505 Ms.
1452 2469 1535 2502 Per.
1550 2468 1699 2510 affertur,

231 2515 312 2547 nihil
325 2514 421 2547 videt.
455 2514 558 2547 Both.
572 2524 669 2556 neque
689 2514 718 2546 is
729 2524 797 2547 eum
810 2515 994 2547 videt—13
1020 2515 1120 2547 Nemo
1138 2514 1373 2546 animadvertit.
1397 2513 1466 2546 Ms.
1489 2512 1572 2545 Per.
1590 2511 1694 2544 Nemo

895 2608 1040 2642 NOTAE

276 2687 296 2717 3
323 2686 412 2718 Caeco
426 2686 554 2728 timore]
578 2686 669 2721 Quia
690 2685 776 2719 facit
798 2695 859 2718 nos
875 2695 940 2718 eae·
993 2685 1079 2718 tatio
1090 2685 1295 2726 virgiliana:
1319 2683 1456 2718 ‘Ebeul
1475 2680 1556 2725 quid
1570 2680 1694 2714 misero

233 2745 302 2775 cos,
317 2741 352 2767 et
368 2737 603 2777 imprudentes
618 2737 651 2769 in
666 2737 766 2769 rebus
780 2736 916 2769 nostris.
992 2735 1083 2769 volui
1099 2736 1179 2769 mihi
1191 2736 1214 2767 ?'

278 2790 297 2818 5
320 2786 452 2819 Voluisti
468 2787 542 2829 libi]
559 2788 689 2820 Malum
702 2796 835 2829 parare.
858 2785 938 2819 Imi-
