1806 3236
255 250 341 294 580

253 356 262 373 ‘
280 355 488 389 venaturam
524 356 631 389 oculis
668 355 820 399 facere,'
859 357 957 390 dixit.

256 407 341 440 Rite.

300 457 408 489 Oculis
417 460 578 490 venantem
591 457 689 500 viros]
711 457 841 490 Eodem
856 468 958 491 sensu

254 508 409 540 Martial.
432 508 532 550 Epig.
549 508 611 541 lib.
634 518 659 542 1.
674 511 728 542 97.
749 508 760 526 ‘
775 508 843 541 Sed
859 518 957 550 spec-

253 562 308 590 tat
343 558 450 591 oculis
497 559 740 592 devorantibus
787 558 956 592 draucos!

253 609 334 649 Εἰς.

294 666 314 694 5
348 661 397 694 At
429 663 559 694 alteram
583 656 763 705 lanificam]
806 663 955 695 Lucilius

252 713 327 746 Sat.
340 723 391 746 vl.
412 714 422 732 ‘
438 714 693 755 Thaunomeno,
706 714 829 756 inquit,
844 714 954 754 valva,

249 773 402 797 sororem
424 764 610 797 Lanificam
626 765 694 797 dici
708 765 835 798 siccam
851 769 954 807 atque

251 813 450 846 abstemiam
466 814 524 846 ubi
540 814 661 846 audit!
683 815 763 854 Rig.

292 864 481 909 Lanificam]
516 865 683 897 sumsisse
699 874 745 897 ex
761 863 892 896 Lucilio
905 863 954 895 vi-

249 914 366 957 detur,
394 916 452 959 qni
481 915 530 948 sic
556 916 628 949 Sat.
657 925 709 948 v1.
739 914 829 957 apud
861 915 952 947 Non.

247 966 257 984 ‘
273 966 433 999 Sororem
449 965 659 1006 Lanificam,'
675 968 741 1000 &c.
781 965 887 1008 Schef.

290 1017 412 1058 Frugi]
434 1017 500 1050 Ms.
508 1017 609 1056 fruci.
633 1016 726 1050 Gud.

291 1065 469 1109 Rusticum]
513 1067 746 1100 Laboriosum.
791 1066 895 1107 Nam,
917 1071 954 1101 ut

244 1117 452 1160 Posidippus
464 1118 525 1159 ait,
536 1118 590 1150 Ἐν
598 1117 702 1161 ἀγροῖς
715 1116 860 1159 καμάτων
873 1116 953 1151 ἅλις.

244 1168 300 1201 Sic
336 1167 480 1201 formica
501 1169 511 1187 ‘
528 1169 691 1202 Rustica’
715 1169 855 1210 dicitur,
890 1169 952 1201 sed

243 1219 456 1260 contemtim,
472 1219 553 1253 Fab.
568 1223 620 1253 80.
644 1219 702 1252 ubi
718 1223 833 1252 tamen
849 1219 952 1252 aliam

241 1269 410 1302 rationem
437 1270 660 1311 assignamus.
694 1270 827 1303 Prasch.
878 1271 950 1302 De-

243 1319 347 1351 lenda
372 1324 426 1351 est
454 1321 591 1361 copula,
614 1321 670 1352 vel
695 1325 774 1362 post
800 1319 838 1352 τὸ
853 1320 950 1361 frugi

242 1370 441 1412 repetenda.
475 1371 600 1404 Buchn.
653 1371 746 1403 Pace
771 1371 949 1403 clarissimi

240 1420 316 1452 Viri
338 1420 499 1462 dixerim,
517 1422 602 1453 nihil
629 1422 841 1454 mutandum.
876 1422 948 1454 Du-

241 1471 322 1512 plex
345 1471 497 1503 mulieris
513 1472 714 1514 descriptio,
736 1473 827 1515 quod
843 1471 948 1505 fuerit

239 1520 375 1564 lanifica,
400 1526 437 1554 et
462 1521 554 1563 quod
583 1522 680 1563 frugi
706 1523 835 1556 rustica.
889 1523 946 1555 Sic

239 1571 330 1603 enim
347 1572 530 1614 conjungo,
544 1572 634 1605 sicut
650 1571 742 1614 apud
761 1573 833 1605 Cic.
846 1573 948 1605 Tusc.

241 1631 292 1654 lv,
310 1625 362 1654 16.
387 1623 397 1640 ‘
417 1622 601 1655 Hominem
617 1621 708 1665 frugi
724 1623 837 1655 omnia
853 1627 946 1656 recte

237 1671 388 1705 facere:'
422 1677 459 1705 et
484 1682 540 1706 11¹.
567 1676 598 1705 8.
619 1673 629 1691 ‘
646 1673 762 1706 Graeci
778 1672 871 1715 frugi
886 1673 946 1705 ho-

238 1724 347 1755 mines
365 1724 536 1766 χρησῑμους
552 1724 753 1766 appellant!
798 1723 945 1757 Freinsh.

237 1775 468 1816 Laboriosum,
484 1776 628 1817 exponit
644 1774 840 1807 Praschius.
871 1775 945 1817 Ego

237 1827 337 1858 aliter
360 1827 518 1868 intelligo
543 1826 616 1858 haec
645 1825 762 1865 verba,
788 1825 869 1867 quia
895 1835 945 1858 se-

235 1877 366 1919 quitur,
382 1878 392 1895 ‘
407 1876 507 1910 'Date
523 1872 670 1908 lanificae
687 1876 825 1908 rusticae
836 1873 860 1915 ς’
878 1885 943 1908 nec

236 1928 327 1959 enim
357 1927 506 1969 jungere
535 1927 583 1959 sic
611 1926 782 1968 potuisset
812 1926 943 1969 absque

235 1978 438 2019 tautologia,
454 1978 483 2009 si
498 1977 535 2009 id
551 1977 724 2018 voluisset,
737 1974 825 2019 quod
843 1982 942 2017 puta-

235 2027 298 2059 bat
311 2027 511 2061 Praschius.
556 2027 670 2060 Credo
694 2027 812 2068 igitur,
837 2036 943 2069 oppo-

235 2087 318 2109 nere
333 2077 498 2110 rusticam
513 2077 574 2118 illi,
590 2077 680 2110 viros
703 2077 842 2109 venanti
862 2087 942 2109 ocu-

234 2129 287 2170 lis,
308 2129 342 2160 id
359 2133 427 2168 est,
443 2128 614 2170 elegantia
631 2138 774 2169 morum,
789 2128 942 2161 amabili-

236 2183 310 2211 tate
332 2180 459 2220 vultus,
473 2179 720 2220 compositione
745 2179 848 2211 docta
871 2189 942 2211 om-

233 2230 326 2261 nium
338 2229 568 2262 membrorum
585 2229 750 2261 allicienti
766 2230 856 2261 viros
872 2240 881 2261 z
905 2233 941 2261 et

232 2280 282 2311 sic
300 2289 373 2311 eam
396 2279 600 2320 intelligere,
620 2289 695 2320 quae
721 2279 765 2311 sit
788 2279 882 2311 rudis
905 2284 952 2312 et‘

234 2330 390 2370 agrestis,
414 2329 590 2371 negligens
608 2330 682 2361 illas
696 2334 801 2370 artes,
819 2330 940 2372 quibus

233 2379 377 2411 student
405 2379 487 2411 alias
522 2375 659 2421 placere
689 2381 824 2421 puellae.
882 2380 941 2413 Sic

233 2429 243 2446 ‘
262 2429 421 2461 Rusticos
437 2428 599 2461 homines’
617 2433 715 2461 vocat
729 2430 837 2460 Belou
850 2428 941 2470 apud

235 2479 392 2511 Curtium
406 2488 457 2511 vx.
475 2489 507 2512 c.
532 2482 586 2513 ll.
608 2489 692 2522 quos
709 2482 830 2511 auctor
845 2479 939 2520 prius

232 2532 383 2573 dixerat,
398 2533 409 2551 ‘
428 2533 548 2565 Civilis
560 2532 698 2564 habitus
713 2531 840 2564 1·udes.’
862 2531 939 2563 Vir-

233 2582 293 2624 gil.
321 2583 397 2614 Ecl.
421 2592 464 2615 11.
487 2583 497 2600 ‘
515 2581 676 2614 Rusticus
702 2590 751 2621 eS,
775 2580 938 2620 Coridon,

232 2642 298 2665 nec
332 2642 477 2665 munera
513 2637 612 2664 curat
649 2631 794 2664 Alexis.·
835 2631 938 2670 Schqtl

234 2683 315 2715 Non
332 2687 400 2714 tam
427 2687 513 2724 puto
541 2683 596 2715 hic
621 2692 685 2724 per
709 2681 869 2722 rusticam,
883 2692 937 2722 ruf

234 2734 313 2765 dem
340 2738 376 2765 et
413 2733 552 2765 incultis
591 2732 741 2765 moribus
776 2732 937 2774 intelligi,

235 2794 347 2824 quam,
370 2783 461 2825 quod
487 2783 626 2816 videtur
642 2782 826 2815 Prascbius
842 2775 937 2814 innu-

235 2842 304 2871 ere,
322 2833 437 2875 talem,
455 2844 531 2877 quae
550 2835 618 2867 ruri
644 2833 775 2867 solebat
792 2833 876 2867 lanae
901 2837 936 2866 et

711 262 853 295 NO'rAE
885 262 1152 295 vAmoRUM
1184 263 1237 294 IN

1009 358 1088 390 telae
1104 367 1242 400 operam
1253 357 1336 391 dare
1349 368 1359 399 3
1380 367 1458 390 nam
1469 359 1603 391 veteres
1613 363 1707 390 max-

1007 408 1075 441 ime
1091 409 1125 440 in
1139 418 1216 441 rure
1227 408 1391 442 familiam
1407 408 1607 441 ancillarum
1621 407 1707 440 lani·

1007 458 1147 491 ficarum
1182 459 1367 501 habebant,
1408 469 1550 502 quarum
1589 467 1706 491 cunm

1006 508 1081 541 haec
1096 507 1167 540 filia
1179 508 1271 550 frugi
1285 509 1422 542 videtur
1443 508 1648 551 suscepisse,
1669 511 1707 540 et

1005 559 1084 591 hinc
1108 563 1230 601 postea
1245 560 1359 592 Mater
1373 558 1536 592 Lanificae
1563 558 1706 600 agellos,

1005 619 1143 652 pecora,
1166 609 1280 642 villam
1303 615 1341 643 et
1365 620 1464 642 omne
1479 609 1706 642 rusticumin—

1005 665 1230 693 strumentum
1256 660 1446 702 seposuisse
1474 664 1646 703 narratur,
1667 662 1705 692 et

1004 711 1172 743 Phaedrus
1199 719 1274 743 eam
1296 710 1450 753 lanificam
1473 710 1622 744 ncstiom
1646 719 1703 742 vo-

1004 766 1074 794 cat.
1119 762 1176 794 Sic
1202 762 1237 794 in
1263 762 1286 794 l.
1303 769 1371 794 ιιι.
1397 762 1476 802 §.5.
1498 765 1535 793 et
1551 762 1592 793 Δθ.
1613 763 1654 794 et
1678 761 1704 793 l.

1004 820 1080 844 xvi.
1095 810 1131 844 ff.
1158 811 1202 844 de
1217 811 1316 843 instr.
1332 815 1369 843 et
1383 811 1481 843 instr.
1497 810 1565 852 leg.
1582 809 1703 853 m

1001 873 1058 904 σω,
1073 873 1149 905 qnae
1172 861 1336 895 familiam
1361 861 1521 894 rusticam
1541 860 1704 912 vestiunt3

1002 918 1246 946 memorantur.
1289 912 1369 946 Vid.
1385 911 1559 959 columen
1572 920 1642 945 111.
1668 913 1702 944 8.

1003 963 1061 997 Sic
1086 964 1177 997 infra
1201 964 1270 997 fab.
1286 967 1340 997 80.
1364 963 1511 996 formica
1528 961 1702 999 ‘rustica’

1002 1015 1142 1056 dicitur,
1152 1026 1226 1058 quae
1235 1016 1304 1047 ruri
1313 1015 1418 1048 vitam
1427 1013 1566 1058 agebat.
1580 1015 1628 1048 Et
1633 1012 1705 1048 Ho-

1002 1071 1066 1100 rat.
1082 1067 1152 1100 Sat.
1164 1076 1206 1100 11.
1218 1070 1250 1099 6.
1267 1069 1319 1099 80.
1331 1067 1342 1085 ‘
1359 1066 1524 1099 Rusticus
1536 1062 1702 1100 urbanum

1001 1129 1131 1151 murem
1144 1129 1217 1151 mus
1231 1127 1382 1161 paupere
1393 1117 1504 1151 fertur
1513 1116 1702 1161 Accepisse

1002 1168 1111 1209 cavo,’
1132 1179 1233 1212 quem
1248 1173 1372 1211 postea
1395 1169 1406 1188 ‘
1421 1167 1605 1210 Agrestem
1615 1166 1626 1182 ²
1642 1175 1700 1216 νοτ

1001 1223 1070 1259 cat,
1086 1229 1134 1252 vs.
1146 1222 1220 1252 107.
1236 1223 1273 1251 et
1288 1220 1336 1251 ita
1351 1217 1623 1261 pateus-usticam
1633 1225 1701 1249 uon

1000 1279 1076 1301 cum
1084 1270 1182 1310 frugi
1197 1270 1358 1312 conjungi
1373 1269 1514 1309 debere,
1529 1259 1700 1301 ethelins

999 1320 1079 1362 legi,
1092 1320 1139 1352 At
1152 1321 1283 1352 alteram
1297 1320 1464 1364 lanificam,
1476 1318 1575 1360 frugi
1585 1322 1616 1352 et
1631 1328 1700 1352 ms-

997 1370 1101 1402 ticam.
1145 1370 1192 1402 Et
1211 1371 1262 1402 ita
1286 1366 1449 1402 Heinsius
1473 1369 1700 1402 hunelocum

998 1421 1182 1463 legendum
1216 1430 1290 1454 esse
1327 1420 1516 1453 annotavit.
1573 1416 1700 1452 Similis

997 1470 1072 1504 sere
1088 1476 1142 1503 est
1158 1470 1276 1503 titulus
1303 1470 1393 1512 apud
1418 1471 1524 1513 Spon.
1538 1470 1639 1503 Mine.
1654 1471 1700 1503 E-

997 1521 1072 1554 rud.
1089 1521 1171 1554 Ant.
1186 1521 1240 1554 bis
1261 1522 1392 1563 positus
1407 1530 1442 1563 p.
1465 1523 1540 1554 1⁵1.
1563 1523 1601 1553 et
1624 1522 1700 1553 22³.
1726 1549 1730 1552 .

997 1577 1034 1605 et
1050 1571 1140 1614 apud
1158 1571 1298 1604 Fabret.
1312 1582 1348 1613 p.
1363 1574 1440 1604 252.
1453 1571 1464 1589 ‘
1479 1570 1547 1604 Hic
1562 1570 1630 1604 sita
1644 1574 1700 1603 est

997 1622 1187 1665 Amymone
1200 1621 1325 1662 Marci,
1337 1621 1480 1663 Optima
1495 1625 1533 1653 et
1547 1621 1700 1663 pulcher-

997 1673 1093 1713 rima,
1109 1672 1255 1713 lanifica,
1269 1673 1346 1714 Pia,
1361 1671 1498 1714 pudica,
1508 1671 1613 1715 frugi,
1625 1681 1699 1705 cas-

997 1727 1044 1764 ta,
1058 1721 1258 1755 domiseda!
1302 1722 1413 1756 Quem
1425 1731 1536 1763 nuper
1546 1721 1699 1766 eleganti

995 1773 1238 1805 dissertatione
1253 1772 1436 1804 illustravit
1461 1772 1525 1804 Vir
1551 1772 1603 1804 cl.
1630 1772 1697 1805 Re-

994 1823 1126 1863 landus,
1159 1822 1285 1854 amicus
1312 1822 1473 1863 optimus,
1497 1825 1535 1854 et
1562 1822 1698 1863 collega

994 1882 1105 1914 nuper
1133 1872 1455 1914 conjunctissimus:
1489 1872 1550 1905 sed
1583 1870 1697 1915 quem.

994 1922 1074 1955 dum
1089 1923 1163 1955 lxaec
1186 1922 1311 1964 scribo,
1335 1923 1519 1956 immatura
1538 1923 1637 1956 nimis
1657 1928 1697 1968 et

992 1973 1155 2006 literariae
1172 1972 1305 2014 reipub.
1314 1972 1572 2006 damnosissima
1585 1978 1697 2007 morte

993 2025 1200 2057 exstinctum
1216 2024 1322 2057 tristis
1351 2029 1388 2057 et
1407 2024 1569 2059 confusus
1583 2025 1697 2060 audio.

993 2075 1107 2107 Barm.

1002 2145 1007 2149 s
1034 2128 1056 2158 6
1078 2126 1235 2158 Devotam
1255 2125 1342 2169 vino]
1366 2126 1413 2158 Η.
1429 2136 1458 2160 e.
1474 2126 1641 2169 deditam,
1658 2130 1696 2171 ut

992 2181 1089 2209 recte
1113 2176 1363 2216 Rittershusius
1386 2177 1490 2222 (licet
1514 2187 1695 2219 perperam

991 2237 1034 2259 ex
1066 2227 1183 2269 Virgil.
1217 2228 1290 2260 AEn.
1306 2236 1333 2260 ι.
1362 2227 1490 2270 quippe
1519 2227 1578 2260 ubi
1600 2227 1695 2260 aliud

990 2277 1176 2321 significat)
1199 2278 1361 2312 ostendit.
1413 2280 1526 2311 Varro
1541 2279 1591 2311 sic
1603 2279 1614 2297 ⁴
1627 2279 1698 2319 De,-

990 2334 1106 2362 votum
1124 2329 1292 2361 animnm’
1316 2329 1418 2363 alicui
1431 2329 1534 2362 dixit.
1578 2329 1625 2362 Et
1638 2329 1694 2361 Ti-

991 2379 1105 2411 berius
1126 2379 1217 2421 apud
1234 2379 1376 2412 Sueten.
1391 2390 1422 2412 c.
1436 2382 1491 2412 67.
1514 2381 1524 2398 ‘
1536 2380 1574 2413 si
1589 2389 1694 2421 quan-

990 2429 1034 2461 do
1051 2429 1094 2462 de
1109 2429 1263 2463 moribus
1281 2430 1365 2462 meis
1390 2429 1585 2472 devotoque
1599 2429 1694 2462 vobis

989 2482 1100 2514 animo
1117 2480 1385 2514 dubitaveritis!
1430 2481 1504 2514 Cic.
1519 2481 1619 2514 Tusc.
1635 2490 1693 2515 111.

990 2533 1000 2551 ‘
1016 2533 1174 2564 Devotus
1187 2536 1224 2565 et
1239 2532 1386 2564 donatus
1401 2530 1547 2564 studiis?
1568 2531 1689 2579 ιδ’σὶίεςΐ.ι

1031 2583 1185 2615 Devotam
1210 2582 1297 2623 vino]
1320 2581 1362 2614 Id
1387 2586 1454 2623 est,
1474 2581 1693 2624 deditam‚nt

987 2632 1080 2674 apud
1095 2633 1218 2674 Virgil.
1234 2633 1308 2666 AEn.
1320 2641 1373 2665 xv.
1396 2633 1406 2650 ⁴
1420 2632 1512 2665 Dido
1526 2633 1617 2675 pesti
1631 2632 1690 2677 de-

987 2686 1067 2714 vota
1082 2681 1231 2714 futuraess
1267 2683 1313 2714 Et
1325 2682 1395 2714 Cic.
1404 2683 1504 2728 Tusc.
1522 2693 1578 2716 111.
1600 2686 1610 2702 ‘
1621 2684 1690 2716 De-

987 2737 1088 2765 votus
1104 2737 1140 2765 et
1156 2732 1302 2767 donatus
1316 2733 1460 2766 studiis?
1483 2735 1569 2767 Riet.
1619 2775 1622 2780 ⁵
1684 2775 1686 2778 ,

1034 2782 1276 2824 Turpissimam]
1293 2783 1334 2815 Id
1348 2788 1413 2823 est,
1424 2782 1631 2818 deformem:
1645 2783 1689 2816 V.

990 2841 1065 2874 sup.
1083 2830 1153 2865 fab.
1165 2833 1218 2864 43.
