1806 3236
394 221 596 254 PHAEDRI
632 219 741 252 FAB-

146 317 236 358 lde,
242 319 420 361 omme.
465 315 598 349 Contra
617 313 786 348 assentior
809 313 856 347 N.

145 368 303 411 Epigslo,
333 366 393 412 qui
422 366 542 400 viridia
568 366 633 399 boc
667 365 744 398 loco
771 364 855 397 scri-

144 419 238 460 bix„-
253 418 311 454 sic
335 417 427 453 enim
457 427 512 450 me
536 417 627 450 idem
658 416 792 456 docuit,
819 419 858 448 et

143 469 428 512 Pliniusloentus
448 473 502 501 est
523 468 590 510 Ep.
605 467 666 500 lib.
679 477 714 499 v.
731 470 764 500 6.
788 476 856 499 non

140 524 261 561 ml.
292 522 476 557 Vitruvius
502 522 562 555 lib.
580 531 632 554 vl.
650 530 680 554 c.
695 524 726 554 6.
750 521 760 539 ‘
780 521 858 554 Col-

141 575 304 612 lomtur
338 576 539 616 spectantes
569 572 614 604 ad
648 571 857 614 septentrio-

141 625 236 668 m,
256 631 296 660 et
318 626 470 659 maxime
492 625 622 659 viridia
643 624 856 668 prospicien-

142 677 228 720 ἰοῦς’
251 681 288 710 et
302 687 397 717 mox,
420 678 431 696 ‘
453 677 517 710 Uti
538 676 665 710 viridia
686 675 731 709 de
755 675 855 708 lectis

138 726 420 772 prospiciantur!
449 726 583 762 Quibus
591 726 698 760 addas
711 731 761 767 et,
773 735 858 769 quos

141 778 263 812 laudat
290 777 433 811 Vossius
460 778 497 810 in
525 777 767 820 Etymologico
792 776 858 809 hac

141 838 257 863 voces
286 828 370 871 Ipse
383 829 512 862 Cicero
534 828 578 861 ad
594 827 750 861 Atticum
765 837 807 862 ιι.
823 831 856 860 3.

143 885 154 899 ⁸
175 877 288 924 Cyrus
303 879 459 922 dicebat,
479 879 681 912 viridiorum
698 877 859 920 διαφάσεις

142 931 224 968 latis
238 930 423 969 luminibus
436 940 504 963 non
520 940 596 964 esse
610 929 758 964 suaves!
800 931 858 963 Ita

144 983 236 1016 enim
250 983 334 1025 legi,
343 992 412 1015 non
428 982 601 1023 radiorum,
615 981 706 1024 quod
726 981 858 1023 vulgati

143 1034 286 1076 habent,
316 1034 353 1067 in
382 1033 590 1066 membranis
615 1032 858 1075 antiquissimis

144 1085 237 1120 Not».
260 1084 408 1119 Heinsio
414 1084 496 1127 jure
511 1083 695 1116 credimus.
738 1083 857 1126 Atque

142 1137 196 1171 ita
210 1146 322 1180 nuper
342 1137 449 1170 etiam
469 1136 505 1168 in
532 1135 683 1168 Pliaedro
699 1135 768 1177 legi
786 1134 858 1177 pla-

142 1188 218 1221 cuit
231 1187 370 1230 Ursino,
390 1187 482 1233 quod
564 1183 567 1186 ⁴
618 1186 723 1229 ipsius
740 1186 858 1227 docet,

141 1248 255 1283 neque
271 1239 336 1272 alia
353 1239 487 1281 pridem
579 1236 593 1250 ⁵
621 1239 775 1281 nchneri,
795 1244 857 1271 aut

141 1291 368 1325 Freinshemii
391 1291 581 1324 sententia.
624 1291 635 1309 ‘
658 1290 779 1333 Bene,'
807 1290 858 1323 ait

141 1342 412 1384 Freinshemius,
432 1342 665 1376 ‘'Buchnerus
680 1341 858 1384 emendat,

141 1392 292 1427 viridia!
329 1394 486 1428 Quorum
503 1393 654 1427 omnium
671 1403 857 1427 consensus

140 1445 242 1479 nobis
253 1443 356 1478 Fabri
369 1449 645 1488 quautaecnnque
655 1444 858 1478 auctoritati

141 1497 268 1530 merito
281 1495 486 1530 antefertur.
502 1496 612 1537 sclies-
641 1497 729 1531 Quae
739 1495 858 1529 Schef·

143 1547 239 1581 ferus
249 1547 294 1583 ab
303 1547 449 1581 Heinsio
461 1557 499 1580 se
514 1548 645 1581 habere
659 1546 857 1590 profitetur,

142 1598 180 1632 in
202 1598 360 1641 margine
381 1599 435 1631 sni
463 1598 607 1631 Phaedri
630 1603 813 1631 notaverat
842 1598 859 1629 ὁ

142 1647 237 1683 πάνυ.
270 1648 451 1683 Addidit:
484 1650 495 1668 ‘
517 1649 607 1683 Vide
636 1655 674 1682 et
698 1648 858 1682 Macrob.

143 1701 220 1735 Sat.
246 1709 273 1734 1.
297 1703 351 1734 14.
375 1710 410 1743 p.
428 1703 503 1734 1⁷1.
524 1700 610 1734 edit.
634 1700 799 1738 Pontani,
822 1703 860 1733 et

142 1755 194 1788 ita
222 1764 317 1797 sepe
347 1753 441 1797 apud
470 1755 579 1789 Jctos
609 1755 646 1786 in
676 1753 858 1796 pandectis

142 1805 376 1839 Florentinis!
411 1805 444 1838 A
458 1805 574 1847 Jctis,
589 1805 634 1838 ad
649 1815 735 1849 quos
750 1805 858 1838 Hein-

143 1857 214 1891 sius
244 1857 405 1900 remittit,
435 1857 523 1890 hanc
549 1866 668 1890 vocem
691 1857 857 1889 usitatam

143 1909 338 1950 declarant,
353 1908 413 1942 lib.
429 1917 498 1942 xn-
514 1907 550 1942 ff.
565 1908 609 1941 de
625 1909 725 1942 Serv.
738 1909 856 1942 Praed,

142 1960 231 1994 Urb.
258 1960 320 1994 lib.
343 1969 473 1994 mxxix.
501 1961 532 2002 ξ.
559 1963 594 1993 2.
617 1958 654 1993 ff.
676 1959 720 1992 de
746 1959 856 1993 Verb.

141 2012 267 2056 Signif.
301 2012 369 2046 Sed
385 2013 544 2046 viridaria
559 2023 696 2056 quoque
708 2022 750 2045 ea
763 2013 858 2046 dicta

144 2074 166 2097 ι
189 2063 292 2098 JCtis
319 2063 438 2106 negari
464 2073 534 2096 non
562 2068 692 2105 potest,
715 2073 793 2096 cnm
817 2073 858 2096 ea

144 2125 231 2148 voce
255 2114 368 2149 Jctus
398 2115 435 2146 in
460 2114 521 2146 lib.
545 2122 630 2146 xm.
651 2107 680 2156 ξ.
695 2117 728 2146 4.
752 2112 790 2148 ff.
813 2114 858 2147 de

143 2166 261 2200 Usufr.
274 2170 406 2199 utatur.
452 2165 526 2198 Nos
541 2170 669 2206 tamen,
691 2170 735 2198 ut·
744 2164 858 2198 versui

145 2217 396 2258 consuleretur,
411 2215 530 2248 viridia
546 2215 756 2257 recepimus:
779 2226 857 2249 nam

144 2267 363 2309 medicinam,
394 2276 496 2310 quam
538 2266 674 2300 Gudius
703 2266 859 2309 adhibet,

144 2322 219 2364 pro‘
239 2321 315 2353 loeta
341 2319 581 2352 substituendo
610 2320 689 2361 alta,
719 2320 858 2352 minime

144 2372 312 2416 amplecti
327 2382 519 2415 possumus,
529 2380 607 2404 cum
624 2376 720 2404 recte
735 2376 773 2404 et
787 2372 857 2404 ele-

145 2430 269 2468 gauter
296 2426 371 2457 loeta
394 2424 524 2466 viridia,
547 2428 586 2456 ut
615 2423 706 2466 apud
732 2424 857 2466 Virgil.

143 2476 278 2510 ‘Loetae
293 2474 454 2519 περίβη
470 2479 507 2508 et
529 2475 540 2494 ‘
556 2475 676 2508 Tellus
686 2475 784 2517 justo
800 2475 858 2508 lae-

145 2527 239 2570 tior,'
262 2527 420 2571 dicatum
440 2530 510 2562 ulta
536 2531 652 2560 autem
675 2528 793 2560 viridia
813 2537 857 2560 an

145 2582 244 2612 recte
273 2578 445 2621 dicantur,
468 2579 690 2612 vehementer
719 2578 858 2611 dubita-

145 2639 243 2671 mus;
266 2633 277 2649 ⁴
293 2629 424 2664 Altam'
446 2640 530 2663 vero
545 2631 555 2649 ‘
574 2629 721 2662 vineam'
736 2630 795 2663 lib.
806 2639 858 2663 ιν.

147 2677 265 2714 faba.
288 2691 352 2723 pro
383 2682 456 2714 alta
485 2682 571 2722 vite,
595 2691 673 2724 quae
704 2681 857 2714 sublimis

149 2734 186 2763 et
205 2730 329 2774 jugata
350 2736 439 2774 erat,
461 2733 558 2765 docti
573 2732 638 2764 viri
654 2733 696 2765 ad
714 2743 792 2765 enm
809 2733 858 2765 lo·

149 2789 226 2813 cum
249 2791 326 2814 cum
351 2783 486 2816 ratione
516 2783 584 2827 dici
615 2783 855 2817 ostenderunt.

149 2831 239 2865 Haec
253 2832 354 2866 olim:
373 2844 450 2876 quae
465 2843 532 2867 non
546 2835 708 2876 placuere
725 2845 858 2868 moroso

237 2888 351 2930 Delph.
365 2891 396 2920 et
416 2889 492 2922 Var.
507 2889 593 2922 Clas.

774 217 1081 254 AEsomARuM
1117 218 1214 250 ms.
1248 217 1299 248 11.
1330 207 1374 249 5.

842 2891 973 2924 Phoear.

1537 206 1626 250 449

908 313 1010 346 alieni
1027 312 1154 346 laboris
1170 311 1325 346 censori.
1347 311 1412 346 sed
1439 312 1520 355 quia
1541 312 1625 346 Sue-

911 365 1038 406 tonius,
1060 364 1070 381 ‘
1097 363 1154 397 Ob
1183 367 1381 406 surreptum
1411 373 1432 395 e
1460 363 1625 397 viridario

910 417 1098 460 pavonem*
1129 417 1246 459 capite
1279 416 1436 460 punitum
1467 417 1626 459 militem,

909 474 1028 502 narrat
1043 479 1122 511 cap.
1138 473 1192 502 60.
1216 469 1292 511 (ubi
1309 469 1430 502 Codex
1444 469 1626 502 Memmia-

908 531 974 554 nus
1002 521 1195 554 viridarium
1223 521 1347 563 habet)
1383 522 1521 556 Tiberio
1551 523 1626 565 pla-

910 571 1022 606 cuisse
1048 582 1116 605 non
1140 573 1270 614 viridia,
1292 572 1354 605 sed
1375 573 1532 607 vividaria
1546 583 1628 607 cen-

909 629 975 657 set.
1029 624 1216 667 Egregium
1244 625 1419 658 mehercle
1447 635 1627 668 argumen-

911 676 1003 707 tum!
1028 674 1126 717 quasi
1141 684 1210 707 non
1226 675 1396 716 Suetonii,
1418 676 1479 709 sed
1492 677 1628 710 Tiberii

911 726 960 759 ibi
975 726 1082 759 verba
1096 727 1305 769 legerentur.
1341 727 1462 760 Taedet
1476 727 1528 761 his
1545 737 1628 761 cou-

910 777 1065 811 futandis
1079 778 1268 812 inhaerere:
1285 778 1348 811 sed
1361 788 1405 811 ne
1415 778 1516 812 metri
1528 789 1626 812 caus-

912 840 950 863 sa
964 834 1098 872 noster,
1110 830 1168 874 qui
1185 840 1368 873 numquam
1383 830 1532 864 Poetica
1547 841 1629 873 cap-

913 885 977 923 tat,
988 886 1182 922 moveatur,
1194 882 1344 915 edidisse
1356 882 1445 915 hanc
1459 892 1628 916 memora·

912 933 1016 966 bilem
1037 937 1074 966 et
1099 933 1161 966 tali
1178 932 1305 975 Poeta,
1327 936 1368 966 ut
1382 933 1462 971 fuit,
1487 933 1626 976 dignam

911 993 1033 1017 vocem
1063 984 1227 1025 legimus:
1269 985 1280 1003 ⁴
1313 984 1389 1017 Etsi
1420 983 1628 1017 scandendi*

911 1034 1011 1078 (nota
1049 1035 1214 1067 Romanae
1253 1035 1438 1078 elegantiae
1466 1035 1627 1079 verbum)

912 1088 922 1105 ‘
940 1087 1030 1119 ratio
1046 1087 1129 1119 mihi
1145 1097 1214 1119 non
1230 1092 1363 1129 pateat,
1375 1086 1493 1121 forsan
1511 1089 1628 1131 patuit

911 1138 1064 1170 auctoris
1080 1139 1254 1180 tempori.'
1284 1139 1447 1172 Ullumne
1464 1150 1627 1183 umquam

912 1193 1050 1231 tempus
1074 1187 1181 1222 fuisse
1206 1189 1391 1232 credimus,
1417 1201 1483 1233 quo
1502 1191 1626 1225 liceret

911 1244 982 1272 tam
997 1240 1178 1273 invenuste
1189 1241 1259 1283 legi
1272 1241 1384 1284 pediae
1398 1242 1465 1274 vim
1478 1241 1627 1276 afferre?

910 1290 987 1323 haec
1015 1301 1112 1324 mera
1136 1295 1191 1325 est
1216 1293 1482 1326 contradicendi
1504 1294 1625 1328 libido.

911 1342 975 1384 At,
984 1352 1052 1375 non
1065 1344 1150 1376 licet
1159 1344 1234 1376 laeta
1245 1344 1365 1378 viridia
1376 1345 1629 1390 dicere‚aeque,

911 1405 952 1427 ac
973 1396 984 1413 ⁴
1004 1396 1120 1428 Laetas
1142 1396 1302 1438 segetes,'
1325 1401 1364 1429 et
1384 1398 1395 1416 ‘
1411 1398 1546 1431 Laetam
1561 1399 1628 1431 tel-

909 1445 1045 1487 lurem‚’
1067 1447 1147 1490 quia
1169 1447 1303 1481 scilicet
1318 1449 1436 1482 viridia
1450 1460 1519 1483 non
1534 1460 1628 1493 prae-

910 1497 995 1530 bent
1030 1502 1198 1540 segetem,
1222 1499 1284 1532 sed
1309 1501 1502 1542 pavonibus
1527 1507 1565 1534 et
1587 1502 1629 1534 si-

911 1548 1051 1581 milibus
1082 1550 1256 1583 destinata
1286 1556 1390 1584 sunt:
1424 1562 1445 1585 ο
1470 1553 1627 1595 lepidum

912 1600 1035 1640 caput!
1059 1609 1103 1632 an
1117 1600 1201 1633 taetae
1214 1605 1336 1643 segetes
1351 1603 1454 1636 aliam
1470 1604 1515 1637 ob
1533 1615 1630 1638 caus-

910 1659 983 1682 sam
1006 1650 1180 1694 dicantur,
1204 1663 1306 1695 quam
1329 1655 1411 1697 quia
1434 1656 1626 1698 luxuriant,

911 1707 948 1733 et
971 1707 1136 1735 crescunt
1164 1704 1280 1737 laetius
1310 1705 1347 1738 in
1379 1711 1473 1740 terra
1506 1707 1628 1751 fertili,

910 1762 1012 1795 quam
1028 1754 1164 1787 sterili?
1187 1765 1301 1788 nonne
1322 1757 1372 1790 ita
1392 1758 1523 1802 viridia,
1545 1770 1626 1803 quae

910 1803 1090 1838 arboribus
1113 1810 1290 1849 constant,
1314 1818 1415 1852 oeque
1438 1810 1520 1842 laeta
1533 1815 1628 1853 sunt,

909 1856 937 1888 si
962 1856 1138 1890 luxurient
1161 1859 1324 1893 arborum
1340 1861 1458 1903 comis,
1481 1866 1517 1894 et
1532 1861 1627 1895 fron-

910 1908 1033 1940 dibus?
1056 1909 1192 1943 Stultus
1208 1920 1291 1953 ergo
1305 1912 1452 1954 Seneca,
1466 1913 1524 1956 qui
1537 1914 1629 1947 Con-

909 1960 973 1992 sol.
991 1960 1033 1992 ad
1051 1961 1162 1994 Marc.
1175 1971 1255 1995 xvi.
1273 1963 1374 2005 dicit,
1390 1965 1400 1981 ‘
1413 1963 1627 2007 Agricolam,

909 2012 1037 2044 eversis
1053 2011 1245 2055 arboribus,
1269 2013 1395 2046 iterum
1423 2015 1625 2049 amissarum

909 2061 1042 2093 semina
1066 2067 1102 2095 et
1125 2064 1262 2104 plantas
1280 2064 1478 2108 disponere,
1499 2070 1537 2100 et
1552 2077 1625 2101 mo-

908 2117 1027 2145 mento
1057 2113 1257 2147 adolescere
1298 2116 1433 2150 amissis
1464 2118 1625 2153 laetioraff

910 2163 1085 2206 Ineptein
1102 2166 1363 2208 Epigrammate
1389 2179 1495 2211 super
1521 2170 1626 2203 exilio

909 2214 1020 2248 dixit:
1045 2216 1055 2234 ‘
1072 2216 1277 2250 Umbrarum
1293 2219 1388 2252 nullo
1404 2230 1465 2252 ver
1483 2226 1538 2254 est
1562 2223 1622 2255 lae-

908 2266 1018 2299 tabile
1033 2267 1152 2300 foetuz'
1177 2268 1257 2311 quia
1272 2280 1341 2302 non
1368 2271 1481 2313 agitur
1506 2273 1555 2306 ibi
1579 2274 1624 2307 de

907 2323 1038 2360 segete.
1084 2319 1195 2352 Immo
1221 2326 1362 2354 anctore
1387 2323 1534 2366 Virgilio
1564 2325 1624 2357 iile

907 2379 945 2402 se
961 2370 1130 2411 tuebitur,
1155 2371 1213 2413 qui
1239 2371 1315 2404 AEn.
1331 2381 1357 2405 1.
1379 2375 1457 2406 441.
1480 2376 1490 2393 ‘
1508 2375 1623 2408 Lucus

908 2421 941 2451 in
971 2420 1054 2453 urbe
1082 2420 1150 2453 fuit
1173 2422 1299 2463 media,
1325 2423 1524 2457 laetissimus
1549 2436 1623 2458 um·

909 2473 981 2507 brae
994 2474 1017 2506 :’
1038 2474 1128 2517 quod
1148 2480 1246 2508 recte
1263 2477 1403 2510 Servius
1427 2483 1463 2511 et
1483 2479 1541 2511 alii
1564 2490 1623 2513 ce·

908 2531 1049 2568 perunt.
1105 2527 1196 2560 Quid
1224 2529 1354 2560 multa?
1389 2534 1487 2562 certe
1511 2530 1546 2562 in
1570 2531 1622 2564 bis

908 2577 1090 2619 viridibus,
1102 2588 1170 2611 nou
1187 2580 1289 2612 modo
1305 2581 1455 2613 consitas
1469 2581 1623 2624 arbores,

909 2629 970 2662 sed
987 2634 1022 2662 et
1037 2629 1138 2663 flores
1162 2629 1279 2671 fuisse,
1303 2631 1361 2673 qui
1378 2628 1538 2664 laetit'iam
1555 2633 1624 2666 loci

907 2681 1125 2723 adjuvarent,
1140 2682 1286 2715 credere
1300 2687 1376 2715 tuto
1388 2683 1483 2717 licet.
1515 2683 1624 2728 Atqui

908 2738 945 2766 et
962 2734 1075 2766 Cicer.
1097 2734 1198 2766 Vei-r,
1222 2744 1272 2766 vi.
1303 2736 1358 2766 48.
1383 2736 1392 2754 ‘
1409 2735 1623 2769 Laetissimos

908 2783 1031 2817 flores’
1055 2785 1155 2817 dixit.
1200 2784 1281 2818 Vid.
1310 2786 1456 2820 Erhard.
1485 2787 1528 2819 ad
1554 2788 1623 2821 Pe-

909 2841 996 2870 tron.
1021 2847 1098 2879 cap.
1114 2839 1147 2870 9.
1192 2837 1229 2869 Si
1256 2847 1340 2879 ergo
1365 2848 1464 2881 atque
1490 2839 1622 2881 viridia,

1462 2895 1481 2924 2
1507 2894 1533 2925 F
