1806 3236
432 224 632 259 PHAEDM
667 226 773 258 ΕΑΒ.
806 225 1111 260 AESOPIARUM
1146 228 1243 261 [AB.
1275 229 1309 260 Ι.
1341 217 1411 261 13.

167 313 268 362 valde
291 319 480 354 &surdum
502 330 578 355 esse
602 322 729 356 iterum
751 322 787 356 in
809 322 880 357 fine

167 371 315 406 Poetar-
329 372 553 415 intervenire,
578 373 769 408 dictantem
786 375 880 408 aliud

166 421 347 466 henim?
370 424 450 458 Hoc
465 429 582 459 autem
591 426 702 459 voluit
715 426 775 459 ille
791 427 880 469 glos-

166 479 274 518 ntor,
299 476 359 520 qui
395 476 499 510 istum
536 478 750 511 versiculum
780 478 881 511 nobis

165 527 330 561 inu-ut:
353 537 434 561 cum
447 527 541 562 enim
557 538 626 561 non
641 534 796 572 caperet,
812 539 881 573 quo

163 577 358 621 pertineret
395 579 534 614 ultimus
580 581 641 613 ille
677 582 881 624 versiculus,

171 629 298 664 Vtut-ti
305 641 429 675 suuper
436 633 592 674 prevalet
601 633 771 676 rapinem,
783 634 882 668 addi·

165 686 203 717 to
216 693 278 717 suo
290 683 428 727 fictitio,
442 684 644 728 Phaedrum,
664 686 724 730 qui
739 685 880 720 adfaba-

161 734 286 768 latoris
299 733 413 769 officio
427 736 464 769 in
480 737 652 780 principio
665 736 794 771 fabulae
805 738 881 780 jam

164 785 306 820 functus
317 791 408 829 erat,
429 787 544 822 denuo
563 788 648 822 fecit
669 790 881 832 loquentem.

167 837 312 874 Frustra
323 843 363 873 et
374 839 508 882 inepte,
530 850 610 873 cum
625 849 694 874 non
708 841 882 883 intellige-

167 894 223 925 ret
234 891 419 926 artificium
430 893 573 927 Phaedri
590 904 600 934 ;
624 903 793 937 perquam
804 904 880 927 sua-

164 952 208 976 ve
237 943 329 977 enim
355 948 393 978 et
429 945 571 987 elegans
611 945 649 978 in
683 944 880 979 fabulatore

166 1000 288 1030 nostro
312 1001 381 1039 est,
408 997 438 1031 si
467 997 551 1041 quid
575 998 723 1040 amplius
747 1002 880 1041 praeter

165 1047 325 1089 annum
347 1049 518 1083 lectorem
547 1059 568 1083 e
591 1048 711 1083 fabula
741 1060 882 1090 monere

163 1099 300 1142 vu1t‚id
317 1101 519 1144 plerumque
535 1111 602 1134 uno
615 1102 762 1143 ’γνωμικῷ
778 1102 882 1135 versi-

164 1150 296 1185 culo-d
304 1151 411 1186 tinem
418 1152 547 1187 fabule
558 1153 634 1186 aliis
642 1153 880 1187 disserendum

163 1202 404 1249 committere:
428 1204 578 1247 scilicet,
598 1209 639 1239 ut
662 1205 824 1238 animalia
843 1210 881 1239 et

162 1253 236 1296 aiii,
262 1253 299 1287 in
322 1253 449 1288 fabulis
464 1256 646 1300 loquentes
661 1257 754 1290 lusus
763 1258 879 1301 jocos-

164 1315 232 1350 que
262 1316 356 1348 suos,
381 1307 504 1341 ultimo
529 1308 703 1342 versiculo
725 1309 769 1342 ad
796 1310 879 1352 Epi-

162 1358 366 1402 grammatis
397 1359 597 1403 exemplum
629 1370 700 1393 non
737 1360 877 1403 quidem

162 1414 268 1443 acuta
291 1409 393 1452 adeo,
408 1409 469 1443 sed
484 1411 596 1453 gravi,
616 1415 656 1444 ut
671 1411 787 1453 decet,
801 1421 878 1446 sen-

161 1462 274 1496 tentia
286 1462 454 1496 lectorem
466 1463 658 1497 dimittant.
702 1463 761 1497 Sic
775 1463 836 1497 lib.
850 1473 878 1497 ι.

161 1512 235 1547 fab.
263 1516 320 1547 2⁶.
356 1513 367 1531 ‘
384 1514 616 1557 Peregrinam
645 1515 696 1548 sic
725 1516 879 1548 locutam

163 1565 338 1598 volucrem
366 1565 588 1608 accepimus:
626 1566 698 1599 Sua
732 1566 878 1609 quisque

162 1617 325 1660 exempla
338 1615 446 1650 debet
460 1627 559 1660 aequo
573 1617 686 1651 animo
710 1618 784 1661 pati
802 1617 826 1651 :’
841 1622 880 1652 et

162 1666 224 1702 lib.
241 1676 301 1701 m.
326 1665 398 1701 fab.
422 1671 456 1701 8.
482 1669 596 1711 lupus,
619 1669 813 1712 speciosam
839 1669 879 1702 li-

161 1713 339 1754 bertatem
365 1720 519 1754 animose
541 1721 740 1764 repudians,
754 1730 878 1754 canem

159 1772 211 1805 ita
225 1771 396 1805 dimittit:
421 1773 432 1791 ⁴
450 1772 611 1815 Regnare
625 1773 719 1814 nolo,
736 1772 825 1805 liber
837 1776 878 1805 ut

159 1832 229 1856 nou
255 1823 319 1856 sim
344 1821 451 1857 mihil
494 1823 557 1857 Sic
573 1823 633 1857 lib.
655 1833 712 1857 ιιι.
736 1822 810 1857 fab.
822 1826 876 1857 18.

159 1873 303 1918 Jupiter
313 1874 377 1908 tali
389 1873 495 1908 effato
505 1875 634 1910 desinit
647 1886 656 1908 ι
673 1875 684 1893 ‘
700 1875 779 1909 Nisi
792 1876 877 1909 utile

160 1930 229 1969 est,
243 1925 336 1970 quod
349 1925 508 1969 facimus,
528 1927 639 1960 stulta
662 1930 717 1960 est
732 1927 843 1969 gloria
853 1927 876 1961 ε’

160 1981 199 2011 et
225 1977 290 2011 lib.
318 1987 379 2011 ιιι.
401 1977 472 2012 fab.
496 1981 549 2012 12.
570 1977 639 2011 ‘Id
663 1977 801 2011 demum
823 1982 877 2011 est

159 2028 288 2062 homini
323 2033 441 2072 turpe,
468 2029 576 2072 ‘quod
612 2029 741 2062 meruit
780 2029 875 2072 pati!

160 2078 220 2113 Ita
248 2080 341 2114 enim
369 2080 436 2114 boc
465 2081 544 2113 loco
565 2079 708 2125 fingitur
738 2090 876 2122 corvus,

159 2132 342 2175 deceptus,
356 2135 395 2165 et
417 2141 496 2165 sero
510 2132 648 2175 sapiens
663 2136 700 2165 et
714 2132 877 2175 ingemis-

160 2182 256 2225 cens,
268 2182 388 2218 dicere
402 2183 493 2218 hanc
508 2184 743 2217 sententiam:
766 2185 778 2203 ‘
790 2185 877 2217 Tum

161 2235 298 2269 demum
321 2234 492 2278 ingemuit
508 2235 605 2268 corvi
619 2234 791 2278 deceptus
805 2239 877 2268 stu·

164 2296 252 2330 por:
274 2285 410 2319 Virtuti
433 2296 572 2330 semper
596 2287 766 2330 praevalet
787 2286 878 2329 sapi·

162 2338 281 2374 entia?
327 2339 490 2380 Ingemuit
518 2337 576 2372 bic
606 2338 700 2371 valet
722 2338 813 2371 idem
837 2348 878 2371 ac

162 2400 242 2424 rum
257 2390 391 2434 gemitu
403 2390 533 2424 dicere.
554 2390 613 2424 Sic
623 2390 755 2424 Statius
767 2389 877 2423 Theb.

158 2442 222 2476 lib.
239 2451 295 2476 ιι.
310 2441 371 2475 fin.
394 2442 405 2460 ‘
418 2441 475 2474 An
491 2451 536 2475 ne
550 2451 662 2485 prope
675 2442 793 2475 limina
807 2442 879 2475 cla-

158 2504 236 2529 rum
263 2494 426 2537 Ingemat
438 2493 462 2525 ?'
514 2493 562 2526 Et
587 2494 717 2535 statim,
747 2494 758 2512 ⁴
774 2494 878 2527 Vires

159 2546 290 2581 solutas
305 2546 452 2589 ingemit
463 2544 485 2578 :’
506 2545 572 2579 hoc
587 2550 655 2588 est,
682 2555 760 2579 cum
776 2546 879 2588 gemi-

160 2602 201 2632 tu
227 2598 397 2642 queritur.
442 2597 542 2630 Idem
573 2597 634 2631 lib.
656 2605 727 2630 111.
756 2597 876 2630 initio:

157 2650 170 2670 ‘
184 2649 347 2684 Gemitus
373 2649 515 2682 tandem
541 2658 688 2692 erupere
714 2649 876 2692 paterni:

161 2701 195 2735 Ο
223 2700 290 2735 nisi
311 2700 549 2744 magnanimus
572 2705 682 2735 tantae
705 2705 742 2735 te
763 2701 877 2735 landis

160 2752 284 2786 inisset
307 2752 434 2794 Ardor,
460 2752 646 2786 Echionios
668 2762 804 2787 mecum
820 2763 878 2786 ve·

159 2802 314 2836 nerande
326 2808 485 2845 penates,
501 2803 620 2847 Atque
632 2805 725 2837 ultra
739 2808 877 2838 recture

160 2853 269 2898 puer!
313 2853 394 2887 Hoc
424 2858 490 2897 est,
514 2858 615 2898 pater
643 2865 722 2889 cum
746 2856 877 2898 gemitu

1558 220 1645 264 375

933 323 1074 358 tandem
1087 325 1271 359 exclamat.
1300 325 1433 368 Eodem
1447 326 1549 359 modo
1565 337 1645 360 nos-

931 380 986 409 ter
1001 377 1061 411 lib.
1072 386 1107 410 v.
1122 376 1192 411 fab.
1204 377 1267 411 ult.
1289 377 1300 394 ‘
1314 377 1379 411 Cui
1394 388 1502 411 senex
1516 379 1646 423 (canis)

931 432 1052 462 contra
1065 429 1193 462 latrans
1207 429 1229 470 ;'
1253 429 1288 462 id
1305 434 1373 471 est,
1386 430 1544 463 latrando
1557 431 1647 474 obji-

931 480 1037 514 ciens.
1081 480 1140 514 Sic
1163 481 1256 514 Stat.
1289 480 1460 515 Thebaid.
1490 481 1551 516 lib.
1574 491 1645 516 ιιι.

931 541 982 564 vs.
993 534 1070 566 780.
1092 533 1103 551 ‘
1118 533 1197 566 Nec
1219 542 1287 565 non
1309 533 1403 575 prius
1418 543 1478 567 ore
1492 534 1645 577 superbo

932 583 1101 626 Intonat,'
1133 584 1167 616 id
1194 588 1262 626 est,
1291 594 1370 617 cum
1399 584 1542 619 fremitu
1568 596 1647 629 pro-

931 636 1070 669 clamat.
1128 636 1381 680 Nonnunquam
1404 647 1486 670 vero
1504 638 1647 672 additur

931 686 1025 720 aliud
1056 686 1212 722 verbum.
1255 688 1314 722 Sic
1351 688 1458 722 Ovid.
1497 690 1644 724 Metam.

931 747 999 772 vu.
1022 738 1167 772 ‘AEacus
1198 739 1379 783 ingemuit,
1401 740 1564 784 tristique
1592 742 1646 775 ita

931 799 1016 823 voce
1044 790 1230 834 loquutus!
1273 791 1380 826 Ovid.
1414 793 1563 826 Metam.
1583 793 1647 827 lib.

930 852 1014 877 vn1.
1042 843 1079 876 in
1108 843 1168 876 fin.
1209 843 1395 878 ‘Gemitus
1422 849 1507 878 sunt
1535 845 1646 879 verba

931 894 1066 928 secuti!
1109 894 1215 939 Apud
1231 895 1419 929 Phaedrum
1435 906 1517 930 vero
1539 897 1646 939 gemi-

931 951 988 979 tus
1000 947 1107 980 verba
1121 952 1244 981 secuta
1260 952 1350 981 sunt.
1380 948 1479 982 Idem
1499 949 1645 982 Metam.

930 998 991 1032 lib.
1021 1008 1077 1032 x1.
1126 999 1137 1018 ⁴
1153 1000 1238 1032 'I'um
1275 1000 1414 1034 demum
1448 1000 1644 1043 ingemuitz

931 1050 1071 1093 Neque,
1087 1050 1148 1091 ait,
1157 1051 1229 1084 sine
1238 1051 1378 1084 numine
1390 1051 1524 1085 vincis!
1540 1051 1646 1087 Quod

930 1101 1034 1143 plane
1050 1102 1239 1144 respondet
1265 1102 1410 1135 Phaedri
1435 1103 1532 1143 loco;
1565 1113 1645 1136 nam

929 1151 1014 1185 illud
1042 1153 1092 1185 uit
1114 1153 1149 1185 in
1170 1153 1341 1196 ejusmodi
1357 1152 1645 1187 confabulationi-

929 1204 993 1238 bus
1010 1210 1046 1238 et
1061 1206 1176 1239 omitti
1191 1210 1229 1239 et
1241 1205 1322 1238 addi
1335 1210 1464 1249 potest.
1490 1207 1579 1239 Gud.

974 1257 1139 1294 Quantum
1160 1258 1322 1299 ingenium
1348 1258 1446 1300 volet]
1472 1259 1646 1292 Laborare

927 1307 1018 1341 hune
1041 1319 1178 1342 versum
1201 1309 1404 1342 adnotatum
1435 1310 1575 1352 quidem
1590 1315 1647 1343 est

929 1359 1108 1392 asterisco.
1154 1359 1245 1393 Vide
1261 1370 1344 1393 num
1365 1361 1434 1393 levi
1453 1361 1645 1393 mutatione

926 1410 1125 1453 legendum,
1150 1411 1223 1443 Hac
1247 1421 1282 1444 re
1303 1411 1468 1454 probatur,
1481 1411 1646 1453 ingenium

927 1464 1077 1504 quantum
1099 1462 1195 1496 valet.
1219 1463 1310 1496 Nev.
1354 1463 1398 1495 In
1422 1467 1584 1506 quantum,
1606 1462 1646 1495 τὸ

927 1523 972 1554 m,
988 1517 1030 1546 ut
1043 1522 1138 1556 saepe
1151 1514 1245 1556 apud
1259 1514 1458 1557 Phaedrum,
1468 1525 1537 1548 non
1549 1515 1648 1547 elidi-

929 1567 996 1597 tur.
1021 1564 1152 1598 Prasch.
1178 1564 1246 1598 Vel
1262 1566 1522 1608 transponenda
1538 1566 1647 1599 verba

929 1620 1022 1657 sunt,
1048 1616 1104 1648 vel
1131 1616 1340 1649 elementum
1367 1627 1399 1649 m
1420 1618 1588 1660 syllabam
1611 1618 1647 1651 in

930 1675 1007 1698 sese
1021 1666 1224 1700 inclinatam
1239 1668 1411 1701 sustineat
1422 1678 1567 1702 necesse
1577 1674 1645 1703 est.

929 1717 1022 1750 Vide
1044 1728 1123 1760 qnae
1156 1718 1202 1750 ad
1224 1717 1295 1752 fab.
1310 1721 1342 1751 4.
1369 1719 1465 1752 dicta
1489 1719 1647 1754 fuerunt.

929 1768 1009 1803 Fab.
1034 1769 1103 1802 Hic
1130 1769 1266 1812 syllaba
1293 1771 1415 1804 ultima
1444 1781 1514 1805 non
1546 1772 1647 1805 elidi-

929 1824 999 1864 tur,
1013 1826 1054 1855 ut
1068 1822 1201 1855 monuit
1217 1822 1478 1865 Rittershusius,
1494 1829 1531 1857 et
1547 1834 1647 1868 repe-

929 1873 986 1906 tiit
1007 1873 1119 1906 Faber
1147 1874 1184 1906 in
1207 1875 1288 1908 suis.
1311 1874 1422 1915 Schef.
1465 1876 1541 1909 Hos
1563 1886 1647 1910 vero

928 1926 1015 1959 duos
1041 1935 1164 1959 versus
1202 1926 1383 1965 delendos,
1420 1932 1461 1960 ut
1497 1928 1646 1971 spurios,

927 1977 1064 2010 notavit
1079 1977 1123 2010 ad
1139 1978 1330 2019 marginem
1351 1979 1538 2020 Heinsius;
1566 1981 1648 2022 quia

927 2029 1112 2071 Phaedrus,
1127 2038 1196 2071 quo
1208 2024 1335 2062 fabulae
1349 2040 1421 2062 suae
1436 2031 1649 2072 pertineant,

928 2089 1024 2123 saepe
1051 2085 1133 2112 ante
1159 2080 1267 2121 ipsam
1298 2081 1548 2124 narrationem,
1570 2091 1648 2115 raro

927 2135 1010 2174 post
1039 2135 1217 2164 narratam
1248 2131 1365 2173 prodit
1391 2131 1557 2176 fabulam,
1578 2132 1648 2167 non

929 2192 1013 2215 vero
1028 2186 1178 2225 utroque
1203 2182 1303 2215 simul
1325 2183 1423 2216 loco:
1447 2188 1486 2217 et
1507 2194 1646 2218 versum

929 2234 1081 2278 priorem
1102 2235 1222 2277 ejecit,
1247 2235 1337 2268 duce
1363 2237 1494 2278 Gudio‚
1517 2248 1562 2271 ex
1585 2249 1647 2271 sua

929 2286 1087 2319 editione
1116 2286 1405 2328 Hoogstratanus.
1451 2289 1526 2322 Nos
1546 2289 1646 2323 nobis

930 2342 1065 2370 tantum
1080 2347 1149 2370 non
1164 2338 1408 2379 permittimus.
1443 2340 1557 2374 Burm.

976 2391 1140 2428 Quantum
1154 2390 1318 2430 ingenium
1330 2390 1431 2433 valet]
1459 2391 1518 2424 sic
1539 2391 1646 2425 Avie-

929 2452 993 2476 nus
1004 2442 1077 2475 fab.
1090 2445 1146 2475 40.
1181 2442 1288 2483 vulpi
1302 2442 1484 2475 consilium
1500 2443 1645 2477 tribuit:

926 2495 937 2513 ‘
954 2493 1068 2535 Vade,
1082 2494 1143 2534 ait,
1157 2496 1194 2526 et
1218 2493 1319 2535 pictae
1345 2493 1486 2526 nimium
1512 2494 1646 2527 confide

924 2547 1107 2590 juventae;
1132 2545 1228 2577 Dum
1258 2544 1340 2577 mihi
1365 2545 1544 2578 consilium
1571 2546 1647 2588 pul·

928 2598 1022 2631 erius
1038 2607 1116 2630 esse
1130 2594 1261 2639 queat.’
1288 2595 1368 2636 Rig.

974 2649 1139 2686 Quantum
1153 2647 1318 2688 ingenium
1334 2646 1434 2688 valet]
1470 2648 1527 2680 De
1555 2658 1644 2690 prae-

928 2701 1058 2735 stantia
1073 2699 1203 2742 ingenii
1218 2699 1328 2730 multa
1350 2698 1470 2731 notavi
1494 2699 1575 2732 olim
1601 2701 1645 2733 ad

929 2753 1141 2796 Oppianum,
1151 2761 1227 2794 quae
1244 2751 1310 2782 huc
1323 2749 1475 2783 conferri
1488 2758 1643 2793 possunt.

927 2803 970 2837 Τὸ
995 2814 1026 2836 m
1057 2813 1126 2836 non
1148 2801 1291 2835 eliditur
1306 2801 1361 2834 hic
1380 2806 1462 2835 ante
1478 2804 1643 2838 vocalem.

930 2855 1101 2897 Exempla
1128 2852 1253 2886 similia
1281 2857 1363 2886 suut
1379 2853 1473 2896 apud
1487 2854 1643 2888 Lucreti-
