1806 3236
172 177 259 221 232
461 189 661 222 PHAEDRI
691 180 1004 221 FABULARUM
1039 189 1342 222 AESOPIARUM

175 284 472 341 Opsoniorum
491 286 632 342 pretia
650 284 724 328 cui
743 284 952 339 gemitum
970 285 1251 340 exprimunt3

175 353 283 406 Qui,
303 354 407 396 dum
427 354 695 409 quadrantes
715 365 901 409 aggeras
921 353 1203 408 patrimonio,

174 420 353 465 Coelum
371 423 535 477 fatigas
554 421 733 464 sordido
753 421 975 478 perjurio;
1117 433 1120 436 ’

175 487 268 541 Qui
289 489 572 532 circumcidis
589 502 761 532 omnem
779 489 1027 544 impensam
1044 488 1204 542 funeri,
1566 489 1640 535 225.

175 557 370 601 Libitina
388 571 443 601 ne
465 557 570 613 quid
592 558 650 600 de
668 561 744 601 tuo
763 558 898 601 faciat
917 557 1045 601 lucri.

173 685 323 719 tibiarum
336 687 517 724 excruciat,·
539 690 576 719 et
591 686 641 719 cui
662 686 767 728 pretia
791 686 927 719 ciborum
943 686 1069 719 eliciunt
1087 686 1242 727 gemitus:
1265 686 1331 728 qui,
1345 687 1420 719 dum
1441 687 1536 720 addis
1557 697 1632 729 qua-

173 730 301 761 drantes
316 730 384 762 tuis
399 729 498 770 bonis,
519 730 643 762 lacessis
653 730 738 762 Deos
755 733 809 762 tur
830 729 843 760 i
863 729 1022 771 perjurio.-
1044 730 1098 771 qui
1111 730 1225 762 recidis
1238 739 1342 762 omnes
1355 733 1473 763 summ
1492 730 1635 775 funeris,

173 782 212 805 ne
226 772 370 806 Libitina
391 773 529 806 lucretur
543 773 664 816 aliquid
677 773 716 806 de
730 776 783 805 tuo
814 781 935 806 unere.
1623 775 1625 777 ’

787 859 805 871 ⁴
809 858 865 871 ‘O‘
868 858 1020 872 OOO‘O‘OO

174 916 207 946 3.
235 917 374 946 15.-22
397 914 465 947 Ms.
489 914 571 946 Per.
593 915 826 955 gemitum—23
850 915 1004 957 Cori-igit
1023 924 1156 956 aggeres
1181 913 1309 947 Scheff.
1334 913 1468 948 scilicet
1484 911 1526 946 ab
1540 913 1639 956 agge-⁴

173 967 246 990 rare
261 957 447 990 deductum
463 957 647 996 credeban
682 958 742 990 sed
766 958 850 990 nihil
875 968 974 1000 opus,
995 968 1071 991 cum
1098 958 1316 999 absaggerere
1339 966 1436 1000 aeque
1460 957 1638 990 commode

173 1000 285 1041 possit
306 1000 443 1033 deduci.
488 1000 608 1033 Seuec.
636 1001 771 1034 Consul.
799 1001 842 1033 ad
866 1001 968 1034 Helv.
993 1010 1031 1034 x.
1055 1001 1065 1020 ‘
1083 1000 1166 1043 quid
1188 1010 1271 1042 opes
1294 1000 1416 1042 opibus
1439 999 1603 1051 aggeritis
1613 1000 1638 1033 2’

174 1045 247 1076 dum
262 1053 343 1076 vero
367 1043 436 1085 hic,
452 1053 514 1085 pro
529 1043 711 1077 dnmmodo
733 1045 894 1086 positum,
917 1044 1172 1086 subjunctivum
1195 1044 1358 1086 postulat.
1404 1043 1451 1076 Et
1465 1047 1515 1075 ita
1527 1049 1640 1084 mge-

175 1096 247 1119 rere
262 1091 418 1127 utuntur,
435 1090 473 1118 ut
488 1096 567 1119 mox
582 1086 651 1119 fab.
668 1096 779 1120 xxm.
801 1089 811 1106 ‘
827 1098 892 1130 ego
917 1097 1057 1130 granum
1079 1087 1114 1120 in
1136 1087 1294 1129 hyemem
1316 1085 1490 1128 congero,’
1505 1085 1552 1119 de
1567 1093 1644 1130 quo

174 1128 282 1161 verbo
300 1139 332 1161 v.
348 1129 531 1162 Drakenb.
553 1130 595 1162 ad
617 1130 676 1162 Sil.
691 1139 725 1163 v.
741 1133 817 1163 266.
861 1131 919 1163 Sic
947 1131 1069 1164 eodem
1092 1139 1195 1162 sensu
1220 1131 1362 1163 Petron.
1386 1139 1464 1172 cap.
1478 1131 1534 1162 84.
1555 1130 1566 1148 ‘
1583 1134 1642 1163 ex-

175 1178 292 1204 truere
307 1171 469 1212 divitias,'
485 1177 523 1205 et
543 1173 630 1206 Hor.
645 1172 716 1205 Od.
732 1183 772 1207 u.
788 1177 821 1206 3.
840 1177 893 1206 19.
916 1174 927 1191 ‘
943 1178 979 1206 et
994 1174 1164 1207 extructis
1187 1174 1222 1206 in
1247 1173 1352 1205 altum
1372 1171 1516 1205 Divitiis
1530 1172 1642 1214 poue-

176 1221 232 1247 tur
248 1216 383 1248 haeres!
406 1216 525 1248 Burm-
570 1215 640 1248 Ms.
658 1216 739 1249 Per.
754 1218 927 1259 quadrante
941 1226 1058 1257 augeas
1070 1216 1280 1258 patrimonia:
1305 1214 1527 1257 interpolavit
1548 1215 1640 1248 enim

174 1255 340 1291 Perottus
366 1259 481 1291 multis
504 1259 588 1291 locis
611 1263 744 1291 textum
769 1259 1007 1292 Phaedri.—24
1038 1259 1185 1292 Videtur
1205 1259 1280 1291 haec
1302 1258 1432 1291 locutio
1457 1255 1641 1291 offendisse

175 1301 372 1339 Heinsium,
393 1302 451 1344 qui
477 1302 608 1341 Cenum,
631 1303 686 1334 vel
711 1303 826 1345 Alvum
839 1302 970 1343 fatigas
992 1303 1119 1335 sordida
1136 1302 1269 1344 penuria
1293 1300 1508 1352 corrigebat:
1543 1303 1643 1336 certe

175 1345 282 1376 eoelum
300 1343 449 1386 fatigare
467 1345 623 1386 precibus,
647 1349 683 1377 et
705 1345 881 1386 similibus,
904 1350 998 1378 recte
1013 1346 1168 1387 dicimus,
1182 1350 1220 1377 et
1243 1345 1292 1377 ita
1313 1344 1435 1377 millies
1453 1344 1642 1387 loquuntur

176 1388 375 1429 scriptores.
420 1388 507 1420 Vide
525 1392 652 1430 praeter
667 1388 752 1421 alios
768 1388 961 1422 Broukhus.
983 1389 1027 1421 ad
1047 1389 1208 1430 Propert.
1224 1397 1264 1421 ιι.
1278 1391 1330 1420 16.
1345 1390 1378 1420 3.
1394 1387 1454 1420 sed
1471 1387 1642 1430 quomodo

174 1430 312 1473 perjurio
338 1435 454 1463 nostro
471 1429 620 1472 fatigare
646 1432 810 1473 possimus
830 1432 952 1473 coelum,
977 1441 1043 1464 non
1068 1431 1170 1464 facile
1196 1431 1333 1463 videtur
1351 1430 1550 1473 explicatu:
1575 1430 1641 1463 nisi

176 1482 342 1515 ponamus
357 1473 531 1516 perjurum
549 1474 640 1506 hunc
655 1475 823 1507 hominem
838 1479 930 1516 saepe
946 1485 966 1506 a
981 1475 1059 1507 Diis
1073 1474 1246 1517 punitum,
1259 1483 1324 1507 nee
1348 1477 1464 1506 tamen
1480 1473 1642 1506 emenda-

176 1521 249 1549 tum
266 1526 329 1558 per
343 1526 482 1559 poenas3
507 1521 545 1550 ut
560 1517 609 1549 ita
624 1518 720 1560 quasi
737 1517 863 1560 fatiget
877 1518 985 1561 Deos,
1000 1518 1058 1576 qui
1080 1518 1182 1551 toties
1196 1521 1364 1560 coguntur
1379 1516 1413 1550 iu
1429 1525 1533 1551 unum
1547 1515 1644 1565 {linui

176 1568 296 1601 poenas
312 1569 501 1600 exercere;
526 1559 696 1603 quomodo
718 1562 728 1578 ‘
742 1560 836 1594 Juno
852 1559 1014 1603 fatigata,
1052 1560 1215 1594 Herculis
1242 1569 1404 1601 noverca,
1424 1559 1582 1602 dicitur,
1608 1558 1645 1593 ιιῖ

174 1602 319 1644 frustra,
336 1607 374 1636 ut
391 1603 532 1645 periret,
547 1607 601 1636 tot
616 1603 751 1636 labores
773 1604 839 1646 ipsi
854 1604 1028 1646 imposuit,
1052 1604 1096 1636 ab
1121 1603 1248 1636 Ovidio
1263 1602 1342 1636 Art.
1363 1603 1481 1636 Amat.
1506 1612 1547 1636 11.
1565 1606 1589 1636 2
1609 1606 1643 1638 ⁷.

177 1650 215 1678 et
237 1655 306 1678 non
325 1646 507 1678 admodum
529 1646 684 1679 dissimili
705 1647 804 1679 modo
826 1647 1030 1690 Tarquinius
1056 1646 1185 1680 dicitur
1205 1648 1215 1665 ‘
1233 1645 1396 1689 fatigasse
1417 1645 1609 1689 saevitiam,'
1623 1657 1645 1680 a

176 1689 280 1721 Floro
296 1698 322 1721 1.
335 1692 368 1721 7.
384 1693 420 1722 et
434 1690 511 1722 Val.
536 1690 631 1723 Max.
645 1699 704 1722 ιιι.
718 1692 750 1722 3.
767 1694 840 1723 ext.
858 1694 889 1723 5.
914 1693 923 1709 ‘
936 1690 1084 1732 fatigare
1107 1694 1276 1723 tortorum
1299 1692 1439 1722 manus.’
1481 1688 1646 1722 Nondum

178 1736 294 1764 tamen
309 1732 391 1764 mihi
408 1733 444 1764 in
462 1733 526 1765 hoc
542 1733 619 1765 loco
635 1733 737 1774 plene
755 1732 954 1774 satisfacio;
986 1733 1144 1766 sordidum
1159 1733 1250 1766 enim
1266 1732 1454 1775 perJurium
1469 1732 1646 1775 negotium

177 1774 333 1807 facessit.
359 1773 554 1808 Schefl'erus
569 1775 689 1818 (etiam
706 1776 794 1808 Rob.
812 1775 989 1819 Prevost.)
1004 1776 1158 1818 explicat
1173 1776 1220 1808 ob
1235 1785 1306 1808 rem
1323 1775 1437 1812 vilem,
1448 1774 1646 1816 minimam}

178 1822 275 1850 recte
291 1817 441 1861 quidem,
463 1818 525 1850 sed
548 1828 591 1850 an
614 1818 771 1851 similiter
787 1819 845 1851 alii
861 1828 1008 1862 unquam
1035 1819 1163 1852 locuti?
1187 1829 1229 1851 an
1244 1828 1311 1851 non
1329 1818 1454 1859 potius,
1469 1819 1540 1860 qui,
1555 1828 1645 1851 mer-

179 1860 264 1893 cede
278 1862 403 1903 exigua
418 1866 577 1904 accepta,
592 1862 749 1903 pejerare
772 1872 841 1894 non
864 1861 1070 1895 formidant:
1104 1862 1222 1905 quales
1246 1861 1356 1904 tangit
1370 1861 1549 1895 Juvenalis
1570 1862 1645 1895 Sat.

178 1913 258 1936 xlv.
275 1906 350 1937 217.
373 1905 383 1923 ‘
401 1905 521 1937 Falsus
537 1905 605 1937 erit
622 1905 732 1946 testis,
747 1905 875 1938 vendet
895 1906 1047 1948 perjuria
1062 1915 1190 1946 summa
1210 1904 1366 1946 Exigua,'
1381 1904 1439 1937 ubi
1454 1905 1646 1947 avaritiam,

179 1947 252 1980 sive
268 1947 398 1990 sordes,
410 1952 506 1980 recte
521 1948 729 1981 Scholiastes
742 1949 854 1981 notari
868 1948 983 1982 docet.
1027 1947 1083 1981 An
1097 1948 1273 1991 periurium
1287 1948 1447 1980 sordidum
1472 1957 1539 1991 qno
1556 1947 1646 1980 vilis-

179 1991 283 2023 simos
300 2000 434 2034 quoque
458 1991 610 2024 homines
634 1990 779 2024 fallunt?
802 1996 840 2025 ut
865 1993 875 2011 ‘
891 1992 1038 2025 sordidae
1065 1994 1195 2033 preces‘
1218 1991 1308 2033 apud
1331 1990 1417 2023 Tac.
1468 2001 1525 2024 nn.
1549 2001 1579 2024 1.
1594 1994 1647 2026 15.

179 2034 295 2066 Burm.
341 2035 530 2075 Suspectus
548 2034 654 2076 possit
669 2044 743 2067 esse
769 2035 865 2068 locus
886 2036 955 2076 hic,
970 2044 1046 2067 cum
1070 2035 1211 2077 impium
1235 2034 1352 2076 potius
1375 2034 1420 2066 sit
1443 2034 1647 2076 perjurium.

180 2077 247 2109 Sed
265 2077 500 2118 videtui-illud
517 2078 721 2120 intelligere,
733 2077 826 2121 quod
843 2079 889 2111 sit
905 2079 950 2111 ob
965 2089 1036 2111 rem
1052 2078 1166 2119 vilem,
1181 2078 1304 2119 levem,
1315 2077 1567 2121 sordidamque,
1580 2077 1602 2111 i.
1618 2087 1648 2110 e.

181 2121 371 2156 avaritiam.
415 2121 535 2157 Solent
561 2131 686 2163 nempe
710 2122 819 2161 avari,
842 2121 946 2154 etiam
969 2121 1118 2154 minimae
1135 2121 1324 2164 pecnniolae
1346 2130 1462 2162 causa,
1482 2120 1648 2164 pejerare.

179 2161 338 2197 Juvenal.
355 2163 426 2196 sat.
445 2173 520 2197 xxv.
537 2167 613 2198 217.
630 2164 674 2197 de
690 2174 792 2197 avaro
803 2165 966 2208 loquens:
991 2166 1000 2184 ‘
1016 2165 1134 2197 Falsus
1150 2164 1218 2197 erit
1233 2164 1343 2206 testis,
1357 2164 1484 2197 vendet
1499 2165 1648 2206 perjuria

182 2213 311 2238 summa
327 2207 485 2247 Exigua!
529 2208 588 2240 Sic
615 2207 685 2246 alii,
701 2212 743 2239 ut
766 2218 832 2240 non
859 2213 990 2251 putem,
1014 2207 1143 2251 aliquid
1165 2208 1221 2240 hic
1250 2207 1463 2242 mutandum.
1485 2207 1650 2250 scheffl—

181 2253 220 2281 25
248 2250 376 2282 Funeri.
400 2251 455 2284 Sic
473 2251 608 2292 reposui
622 2260 641 2283 e
666 2250 750 2284 Cod.
766 2251 917 2285 Perotti.
945 2253 1012 2285 Ms.
1026 2251 1119 2284 Pitli.
1134 2251 1234 2286 Rem.
1260 2255 1296 2284 et
1318 2250 1397 2284 iibri
1419 2248 1649 2294 editisuneris,

844 2361 877 2394 N
882 2361 986 2394 01*AE

225 2440 268 2469 22
294 2436 501 2478 opsoniorum
527 2436 632 2478 pretia
656 2436 707 2468 cui
735 2436 889 2477 gemitum
945 2437 990 2469 tis
1006 2446 1187 2479 percamne
1204 2437 1328 2480 rapinis
1341 2437 1364 2470 ?’

182 2490 380 2533 exprimunt]
417 2490 504 2523 Inde
539 2489 766 2524 facetissimus
795 2490 890 2522 avari
986 2490 1029 2520 23
1055 2488 1270 2530 Quadranees]
1292 2487 1473 2522 Quadrans
1487 2491 1541 2520 est
1552 2498 1650 2530 quar-

184 2542 382 2583 aegrotantis
406 2551 484 2574 cum
510 2541 646 2574 medico
673 2541 890 2583 dialogismus
945 2543 982 2571 ta
996 2548 1075 2581 pars
1098 2539 1251 2579 denarii;
1274 2539 1478 2581 poniturque
1491 2539 1650 2572 hoc-loco

186 2604 242 2636 ap.
258 2592 382 2625 Horat.
417 2592 537 2626 ‘Med.
558 2593 608 2625 'ru
634 2593 770 2625 cessas?
801 2592 890 2634 Age.
945 2598 1009 2631 pro
1035 2589 1179 2621 nummis
1208 2589 1369 2630 minimis,
1394 2589 1516 2632 quibus
1547 2599 1650 2632 agge-

185 2646 266 2677 dum
301 2654 395 2677 sume
425 2643 489 2677 hoc
518 2644 736 2687 ptisanarium
766 2654 891 2687 oryzae.
944 2639 1061 2673 rendis
1077 2640 1172 2672 avari
1188 2649 1259 2672 rem
1276 2650 1369 2672 suam
1386 2639 1610 2683 amplificant.

185 2696 317 2737 AEgrot.
353 2696 484 2730 Quanti
514 2696 641 2733 emtae?
684 2696 736 2729 M.
766 2697 890 2729 Parvo.
987 2695 1030 2725 26
1050 2691 1212 2732 Libitina]
1235 2692 1313 2724 Dea
1324 2690 1537 2734 funerum‚in
1553 2693 1649 2736 cujus

186 2745 238 2778 ΒΕ.
261 2746 390 2780 Quanti
416 2747 522 2788 ergo?
566 2748 616 2780 M.
637 2747 730 2780 Octo
746 2748 891 2781 assibus.
945 2743 1075 2785 templo
1086 2743 1321 2775 vendebantur
1331 2743 1579 2777 etlocabantur
1589 2753 1649 2777 ne·

187 2798 237 2831 AE.
261 2798 355 2830 Eheu
369 2799 375 2830 !
400 2798 490 2832 Quid
507 2798 612 2832 refert
627 2799 745 2832 morbo
762 2809 803 2832 an
819 2797 891 2832 fur-
943 2794 1092 2829 cessaria
1107 2793 1267 2846 adfunus
1283 2793 1531 2827 instruendum.
