1806 3236
245 206 305 249 34
656 217 862 250 ,lumem
896 217 958 249 nr
989 216 1303 254 'rlzs'rmomA

477 343 604 388 Idem
624 345 682 388 de
698 345 836 389 variis
857 345 1042 412 Linguae
1064 345 1240 388 Latinae
1261 340 1481 391 aetatibus.
1546 356 1548 359 ·

250 474 256 479 .
306 440 541 496 Subrugati
572 440 774 485 Atlantes
806 442 899 493 alii,
927 445 972 485 et
1003 442 1093 498 ipsi
1123 441 1261 485 fortes
1296 441 1483 496 fidique,
1502 440 1581 498 qni
1601 441 1714 486 autfi-

248 523 380 566 quam
400 508 584 564 gloriam
604 510 668 553 ita
687 510 951 562 sustinuere,
971 513 1019 552 ut
1050 510 1096 552 in
1116 509 1208 553 illis
1228 510 1297 553 vel
1315 509 1438 560 nihil,
1461 509 1532 552 vel
1556 522 1713 566 pamm

247 582 327 622 aut
344 578 669 633 peregrinitatis
703 581 778 621 aut
796 579 931 622 invisi
960 579 1068 621 senii
1097 579 1394 622 internoscas:
1424 577 1715 622 Patercuhun

247 645 449 701 designo,
472 645 686 697 Curtium,
709 645 905 698 Celsum,
927 645 1184 698 Phaedrum,
1200 648 1283 690 &c.

325 770 491 814 Daniel
509 770 727 825 Georgius
748 769 994 814 Morhofius
1012 770 1058 812 in
1075 770 1188 812 libro
1209 769 1264 812 de
1284 769 1449 813 Patav.
1469 769 1648 814 Liviam

871 852 976 894 pag.
996 836 1095 881 158.

248 952 255 956 -
307 923 525 967 Phaedrus
547 922 738 978 Augusti
756 924 827 966 vel
845 923 1015 965 Tiberii
1035 923 1237 975 libertus,
1254 925 1379 978 gente
1399 921 1570 974 '1⁸h1ax,
1585 922 1718 970 ΛΕΜ,

247 993 295 1048 pi
317 991 516 1035 Fabulas
537 991 708 1035 Latinis
724 991 956 1035 versiculis
967 991 1202 1047 descripsit
1222 991 1337 1034 adeo
1354 991 1512 1071 nitidis
1529 993 1576 1034 et
1591 990 1718 1035 lima-

248 1060 323 1113 tis,
342 1064 390 1103 ut
406 1060 467 1103 nil
485 1060 731 1103 Romanius
752 1059 844 1103 dici
862 1060 1085 1116 scribique
1106 1060 1268 1116 possit.

561 1177 687 1220 Idem
708 1177 982 1233 Polyhistor.
1003 1181 1117 1233 part.
1140 1189 1192 1220 11.
1210 1191 1314 1235 pag.
1329 1178 1401 1221 61.

309 1261 383 1305 Ne
415 1262 592 1305 fabulas
627 1262 810 1317 quidem
837 1263 975 1318 ipsas⁴
990 1262 1064 1306 hic
1097 1263 1360 1319 excipimus,
1398 1267 1555 1320 estque
1587 1275 1645 1308 eo
1671 1263 1720 1307 in

250 1344 407 1386 genere
426 1330 536 1374 nihil
554 1331 736 1374 Phaedri
752 1331 918 1374 fabulis
937 1332 1196 1387 elegantius.

350 1453 380 1496 J
385 1466 514 1496 oann.
535 1452 658 1496 Petr.
677 1453 822 1497 Titius
844 1454 1184 1498 Manuduction.
1205 1455 1264 1498 ad
1279 1457 1617 1512 excerpendum.

311 1538 424 1581 Esse
446 1551 553 1581 sane
572 1537 754 1581 Phaedri
776 1539 975 1582 Fabulas
994 1541 1182 1583 maximi
1211 1541 1357 1596 pretii,
1377 1542 1450 1585 vel
1482 1554 1544 1585 ex
1570 1555 1626 1586 eo
1654 1542 1721 1585 in-

253 1607 390 1662 telligi
410 1609 579 1682 potest,
601 1607 726 1661 quod
747 1611 839 1651 tam
867 1609 995 1651 multi
1025 1609 1140 1652 tanti
1166 1609 1359 1653 nominis
1388 1610 1471 1654 viri
1482 1597 1722 1683 illustrare

253 1688 334 1719 eas
356 1674 577 1730 superiori
598 1679 646 1717 et
664 1678 814 1719 nostra
834 1680 968 1719 aetate
989 1677 1155 1731 dignati
1173 1682 1289 1721 sunt.

373 1794 533 1839 Christ.
554 1794 902 1851 Wagenselius
890 1813 938 1841 m
958 1770 1074 1843 Pera
1091 1800 1304 1843 librorum
1323 1800 1354 1844 J
1356 1801 1608 1845 uvenilium.

256 1903 261 1907 ·
315 1882 450 1925 Haesi
469 1881 667 1925 nonnihil
695 1884 945 1938 ambiguus,
977 1898 1067 1940 quo
1098 1885 1292 1928 maxime
1322 1887 1508 1942 antiquo
1536 1891 1583 1930 et
1601 1887 1723 1942 inge-

254 1963 345 1995 nuo
364 1951 477 1994 libro
498 1950 662 1993 Filium
682 1965 867 2007 puerum
888 1953 1125 1996 Latinitati
1143 1954 1373 1996 initiarem.
1418 1954 1620 2010 Cumque
1640 1969 1723 1999 nec

257 2019 469 2063 severitas
488 2019 788 2074 Epistolarum
809 2019 1052 2070 Ciceronis,
1072 2035 1152 2063 nec
1179 2022 1294 2064 alius
1312 2021 1482 2065 Auctor
1499 2023 1723 2078 prolixus,

257 2101 310 2131 ac
332 2088 379 2130 in
401 2100 546 2129 rerum
566 2088 886 2143 verborumque
921 2090 1254 2145 amplitudinem
1284 2090 1482 2141 diffusus,
1503 2090 1726 2134 videretur
1757 2091 1762 2098 ’

256 2156 429 2199 tantillo
461 2155 615 2210 captui
645 2158 891 2208 convenire,
924 2156 1198 2208 Quintiliani
1230 2158 1420 2200 consilio
1443 2158 1595 2200 locum
1616 2158 1725 2201 dan-

259 2224 363 2266 dum
382 2235 480 2265 esse
496 2236 673 2265 mecum
705 2225 859 2276 statui,
882 2226 960 2280 qui
994 2225 1117 2268 aetati
1148 2226 1342 2268 nondum
1373 2225 1614 2268 Rhetorem
1649 2239 1725 2269 ca-

258 2291 412 2347 pienti,
443 2291 607 2345 AEsopi
638 2291 842 2343 fabellas,
883 2305 1086 2335 sermone
1121 2306 1249 2347 puro,
1284 2298 1332 2335 et
1361 2293 1472 2335 nihil
1505 2307 1555 2336 se
1587 2307 1726 2350 supra

258 2358 440 2402 modum
459 2358 712 2409 extollente,
732 2371 920 2411 narrare,
942 2372 996 2402 ac
1026 2360 1347 2403 nutricularum
1365 2359 1532 2404 fabulis
1560 2362 1726 2405 substi-

258 2431 382 2471 tuere
414 2426 590 2469 suadet.
661 2425 962 2478 Quamobrem
993 2423 1254 2480 Phaedrum,
1281 2442 1371 2484 quo
1401 2443 1530 2472 nemo
1563 2430 1728 2487 AEsopi

259 2494 494 2552 Apologos
516 2495 658 2548 magis
681 2495 790 2537 scite
824 2496 1053 2551 magisque
1072 2496 1232 2539 diserte
1254 2497 1456 2540 elocutus
1486 2502 1569 2551 est,
1603 2498 1726 2553 Prae-

261 2569 486 2621 ceptorem
502 2563 594 2605 filio
613 2577 851 2619 exponere,
886 2568 930 2607 et
963 2565 1249 2619 elegantiores
1277 2567 1586 2621 expressiones
1611 2567 1727 2610 edis-

262 2631 428 2676 cendas
450 2633 721 2674 committere
737 2632 869 2688 jussi.
929 2633 1074 2675 Simul
1111 2634 1396 2676 occasionem
1425 2648 1599 2690 semper
1619 2648 1725 2690 cap-

261 2700 428 2750 tabam‚
449 2700 653 2743 monendi
673 2713 873 2756 puerum,
896 2699 1005 2756 quid
1023 2701 1223 2756 AEsopus
1242 2715 1321 2757 per
1346 2701 1532 2744 fabellas
1561 2702 1726 2758 quoesi-

264 2768 390 2820 verit,
431 2772 477 2811 et
492 2772 498 2781 “
514 2772 722 2825 quantum
761 2769 818 2811 ad
853 2782 1023 2812 errores
1062 2769 1310 2813 mortalium
1346 2769 1624 2824 corrigendos
1657 2783 1725 2813 eae
