1806 3236
247 250 334 293 524

247 356 309 390 nb.
325 364 391 388 vn.
405 356 460 389 26.
505 357 618 391 Quem
643 354 756 387 locum
770 353 958 387 liberaliter

247 417 312 450 pro
325 406 476 440 lectione
502 407 568 439 ista
588 406 640 439 Cl.
668 405 862 438 Gronovius
878 405 956 438 sub-

246 458 458 492 ministravit
471 458 564 491 mihi.
601 457 721 498 Corpus
730 457 883 498 honeste,
894 467 957 499 pro

247 510 340 542 <virili
355 509 530 551 obscoeno,
553 512 763 542 annotarunt
777 518 822 540 ex
834 508 957 541 Petro-

246 561 305 593 nio
322 561 391 593 alii.
436 561 530 594 Hinc
546 561 556 580 ‘
569 561 700 593 Curare
715 570 818 604 quam
835 570 957 603 corpo-

247 611 394 652 raliter}
419 611 512 654 apud
525 612 668 644 Petron.
681 611 717 643 in
737 611 839 653 Frag.
852 612 954 653 Trag-

246 673 326 706 cap.
341 667 396 696 61.
420 662 529 703 Schef.
572 663 630 695 Ita
645 662 773 695 Horat.
791 662 863 695 Sat.
879 671 906 694 1.
922 665 955 695 2.

245 717 301 747 48.
317 717 328 734 ⁴
339 714 450 748 Dedit
464 715 518 747 hic
533 723 595 757 pro
606 723 752 756 corpore
765 723 918 747 nummos
932 713 956 746 ι’

247 765 308 798 ubi
321 765 434 798 Acro:
457 765 468 784 ‘
486 765 651 807 Corpore,
666 764 701 796 id
716 767 782 806 est,
794 764 956 797 obscoena

246 820 348 858 parte
372 815 550 859 ampuriae
595 816 643 848 Et
667 815 719 847 ita
744 815 887 848 Graecos
908 815 956 848 δέ-

245 880 306 909 μας
333 878 517 911 usurpasse
542 868 645 900 docet
671 867 818 901 Casaub.
840 867 956 902 Anim.

244 920 280 953 in
294 920 501 954 Athenaeum
515 929 541 953 1.
555 923 588 952 5.
627 919 795 951 Firmicus
818 919 880 952 lib.
905 929 956 954 Vl.

245 973 300 1003 21.
323 971 431 1004 etiam
459 970 503 1003 de
529 968 735 1002 feminarum
761 973 862 1011 parte
883 969 955 1004 Ob-

245 1031 363 1054 scoena
377 1021 517 1054 videtur
541 1030 667 1063 capere
681 1032 691 1054 ι
715 1022 725 1039 ‘
742 1021 777 1053 Si
793 1031 874 1054 vero
888 1021 956 1054 sint

244 1073 282 1106 in
298 1074 444 1117 tropico,
455 1074 545 1107 sicut
560 1074 717 1115 diximus,
731 1073 830 1115 signo
841 1075 956 1117 positi,

245 1125 381 1158 faciunt
409 1126 567 1158 naturale
589 1125 742 1157 mulieris
764 1135 890 1167 corpus
905 1126 956 1158 in-

245 1181 411 1219 corrupto
429 1176 525 1209 aditu
541 1175 771 1218 glutinatum!
786 1176 855 1208 Sed
869 1178 954 1211 Rut-

246 1238 319 1271 ger.
344 1230 427 1261 Var.
442 1238 498 1262 111.
513 1231 544 1261 8.
560 1238 680 1269 corpus,
709 1232 746 1260 ut
772 1228 954 1271 glossema,

245 1279 364 1322 ejicit:
390 1274 428 1311 ut
441 1279 586 1312 naturale
598 1278 657 1318 sit,
682 1278 871 1310 membrum
891 1289 952 1320 pu-

246 1329 420 1362 dendum:
459 1329 549 1361 sicut
577 1328 587 1346 ‘
603 1328 796 1361 Naturalia'
823 1328 953 1362 Justin.

244 1389 272 1414 1.
287 1383 320 1413 4.
334 1380 378 1413 de
393 1379 519 1423 quibus
533 1379 603 1412 vid.
622 1379 775 1411 Gronov.
802 1379 847 1411 ad
865 1379 953 1413 Ptin.

244 1441 326 1466 xvt.
343 1435 397 1465 33.
435 1433 492 1464 De
505 1440 633 1472 corpore
649 1430 717 1464 vid.
740 1429 784 1463 ad
808 1431 953 1464 Petron.

246 1489 337 1517 exn.
350 1487 387 1516 et
402 1492 522 1516 cxxx.
545 1483 662 1515 Burm.

288 1533 578 1576 Amissicorpms]
616 1533 675 1565 Sic
699 1532 838 1574 Ulpian.
862 1532 883 1565 1.
901 1541 953 1566 ιν.

246 1583 292 1619 D.
308 1585 352 1618 ad
366 1586 391 1619 l.
409 1585 547 1618 Cornel.
572 1584 614 1616 de
630 1584 679 1616 sic
693 1583 839 1615 amittere
852 1582 954 1615 virili-

243 1641 354 1670 tatem.
399 1636 537 1669 Amissa
551 1634 713 1667 dicuntur
727 1643 770 1666 ea
788 1643 865 1676 quae
881 1643 954 1666 cor-

245 1692 349 1730 rupta
373 1687 475 1720 alicui
496 1686 726 1729 reliquuntur,
740 1684 849 1717 scissa
863 1683 954 1717 forte

244 1738 301 1770 vel
316 1737 441 1770 fracta.
472 1736 615 1778 Ulpiau.
641 1735 664 1768 l.
680 1743 728 1766 ιν.
746 1734 790 1767 D.
815 1734 848 1767 vi
875 1734 953 1768 bon.

245 1797 322 1829 rap.
346 1787 427 1828 Rig.

292 1838 457 1881 Corporis]
479 1837 565 1871 Pari
589 1835 840 1879 significatione
864 1835 954 1868 dixit

245 1889 452 1923 Petronius:
476 1889 486 1907 ‘
504 1888 631 1922 Curavi
644 1887 841 1929 diligentius
857 1887 953 1919 noxi-

247 1940 437 1973 osissimum
452 1942 602 1982 corpus.'
637 1938 715 1979 Rig.

287 1995 310 2024 4
333 1992 387 2024 En
398 1991 462 2032 ait]
483 1992 589 2033 Lege,
608 1990 709 2031 Quin,
733 1989 794 2031 ait,
818 1990 875 2022 hoc
897 1989 953 2022 uni

245 2046 304 2086 est,
319 2053 375 2076 cur
388 2043 524 2075 laborem
544 2042 677 2075 valdius.
720 2041 880 2074 Laborare
893 2042 953 2074 ali-

245 2095 297 2128 cui
319 2096 366 2127 rei
390 2096 511 2128 Senee.
537 2094 580 2126 de
607 2094 681 2125 vita
694 2092 808 2125 beata.
852 2092 958 2125 Labo«

243 2154 318 2178 rare
326 2146 368 2178 ad
382 2146 517 2187 aliquam
531 2154 597 2176 rem
612 2143 727 2176 Cicer.
751 2143 867 2176 Heius.

295 2197 400 2229 Unum
433 2195 495 2237 est]
537 2195 730 2236 Singulae,
755 2194 952 2228 maximum.

246 2239 375 2281 verum
389 2248 527 2279 mallem
544 2255 605 2288 pro
632 2246 692 2286 En,
712 2245 803 2287 quod
820 2254 953 2287 praece·

246 2299 313 2339 dit,
341 2299 472 2340 legere,
501 2298 558 2339 Et,
586 2296 653 2328 hoc
680 2295 802 2328 se'nsu:
836 2296 953 2328 Etiam

246 2349 313 2383 hoc
326 2354 378 2382 est
394 2359 497 2382 unum
524 2358 567 2381 ex
591 2347 646 2388 iis,
669 2346 714 2379 ob
737 2356 814 2389 quae
840 2350 953 2379 tanto-

248 2409 332 2442 pere
345 2404 461 2434 tecum
477 2397 660 2432 contendo.
684 2396 791 2436 Sches.

289 2451 457 2493 Laborem]
484 2451 601 2494 Nepos
615 2449 698 2482 Vita
722 2448 844 2489 Pelop.
866 2457 897 2481 c.
922 2451 954 2481 3.

247 2502 258 2522 ‘
270 2503 500 2545 Magistratus
522 2511 563 2534 ne
586 2509 741 2543 quaerere
755 2499 893 2542 quidem
910 2499 954 2532 de

249 2557 348 2586 tanta
363 2563 401 2586 re
415 2551 604 2585 laboravit!
632 2549 739 2590 Schef.

291 2609 311 2638 5
334 2603 551 2646 Integritatis]
567 2600 771 2642 Integritatis
789 2599 953 2642 ἄρσε-νόη-

719 259 863 292 No‘rAE
895 259 1163 294 VARIORUM
1197 262 1250 294 ΙΝ

1006 355 1057 388 cis
1079 355 1221 389 retinnit
1245 365 1358 390 senno
1383 360 1512 391 noster.
1555 346 1712 392 Dies-m
1779 348 1782 351 ’

1007 406 1098 438 enim
1128 416 1253 450 equum
1281 408 1464 450 integrum,
1488 408 1547 451 qui
1571 418 1645 442 uon
1663 409 1712 444 uit

1006 456 1158 498 ἐκτομίας.
1180 458 1295 491 Faber.
1339 457 1524 501 Ambigue.
1546 459 1641 493 Nam
1662 460 1713 494 ἡυ-

1006 509 1141 549 tegritas
1164 513 1203 542 et
1228 508 1273 542 de
1296 508 1400 550 fama,
1426 514 1464 543 et
1489 509 1534 542 de
1556 519 1714 553 corpore,

1008 559 1186 602 accipitur.
1229 559 1408 593 Posterius
1430 561 1568 594 occulte
1584 561 1714 604 innuit,

1007 610 1103 652 prius
1117 610 1203 643 dicit
1229 610 1362 652 palam:
1386 611 1479 646 Quia
1504 620 1574 645 no·
1600 611 1714 647 habeo

1008 670 1073 703 per
1096 671 1195 704 quem
1212 661 1360 704 probare
1383 671 1522 704 pompm
1534 672 1648 707 metm
1662 663 1714 697 in-

1007 713 1215 755 nocentiam,
1228 713 1355 746 iccirco
1369 713 1486 747 laboro
1502 714 1662 757 'veum
1674 718 1714 748 et

1005 763 1131 805 majori
1154 764 1350 797 constantia
1363 764 1604 808 tecumlitigo.
1646 766 1713 800 8·-

1008 813 1087 846 dem
1123 819 1178 847 est
1203 814 1407 857 ambiguitas
1434 815 1471 848 in
1498 826 1584 849 voco
1605 820 1713 853 Meo.

1006 864 1122 898 Schef.
1145 867 1239 908 Lege
1254 860 1460 907 Integric'on.
1487 866 1713 903 Hor-tfu-

1008 925 1052 958 pe
1081 917 1263 959 Diespiter
1291 918 1425 951 incesto
1460 915 1595 952 addidit
1625 919 1713 953 iute-

1007 969 1128 1010 grum.’
1151 969 1267 1002 Heius.
1310 969 1460 1011 Proprie
1483 969 1528 1002 de
1551 979 1619 1003 non
1637 980 1711 1004 eu-

1006 1023 1108 1062 tuto,
1122 1021 1181 1063 qui
1207 1024 1259 1052 est
1280 1019 1415 1063 integro
1429 1029 1587 1063 corpore.
1631 1022 1711 1056 Quo

1004 1079 1105 1103 sensu
1131 1071 1304 1104 eunuchos
1325 1076 1427 1105 vocat
1452 1072 1576 1106 Horat.
1597 1072 1670 1106 oo.
1683 1082 1710 1107 ι.

1004 1125 1059 1156 37.
1081 1123 1378 1156 ‘Contaminatum
1399 1131 1536 1165 gregem
1557 1123 1711 1166 turpium

1004 1172 1179 1206 virorum?
1224 1173 1314 1205 Nam
1338 1173 1348 1191 ‘
1361 1172 1602 1205 Contaminata
1622 1173 1712 1206 inte-

1005 1223 1074 1264 gris
1099 1222 1302 1264 comparari'
1331 1222 1415 1255 dicit
1444 1223 1554 1256 Cicer.
1587 1223 1711 1266 Topic-

1005 1276 1058 1305 18.
1075 1277 1110 1306 et
1124 1273 1299 1305 contamino
1314 1283 1334 1305 a
1349 1273 1474 1306 Graeco
1494 1271 1596 1314 τέμνω
1609 1274 1711 1307 multi

1003 1323 1195 1363 deducunt,
1211 1323 1302 1355 unde
1319 1324 1354 1355 iu
1371 1323 1485 1357 Gloss.
1507 1323 1519 1341 ⁴
1535 1323 1710 1357 conturni-

1003 1378 1076 1414 nat‚
1087 1373 1280 1414 συγκόπει.’
1301 1374 1435 1407 Ethinc
1442 1375 1583 1407 Terent.
1597 1374 1709 1408 Andr.

1003 1426 1090 1467 prol.
1106 1428 1115 1444 ‘
1128 1425 1364 1459 Contaminari
1385 1435 1453 1458 non
1469 1425 1596 1459 decere
1609 1425 1707 1459 fabu-

1003 1474 1077 1517 las,'
1106 1476 1165 1508 sed
1191 1476 1345 1517 integras
1370 1485 1444 1508 esse
1467 1476 1654 1509 vertendas
1665 1487 1710 1510 ex

1003 1526 1152 1568 Graecis,
1166 1536 1234 1559 non
1255 1527 1336 1559 hinc
1350 1531 1388 1559 et
1402 1526 1496 1560 illinc
1509 1537 1586 1560 esse
1599 1531 1711 1561 trans—

1003 1577 1164 1611 ferendas
1194 1582 1325 1620 partes,
1350 1581 1388 1610 et
1415 1578 1465 1611 ita
1492 1577 1709 1612 mutilandus.

1003 1628 1120 1661 Burm.

1046 1678 1283 1720 Integritatem,
1308 1678 1379 1721 θα]
1414 1677 1571 1720 Ancipiti
1588 1687 1708 1712 *sensu

1003 1730 1077 1763 haec
1092 1731 1328 1772 intelligenda,
1357 1733 1394 1762 et
1409 1729 1528 1762 sedulo
1542 1729 1709 1772 legendus

1002 1781 1208 1822 Xenophon.
1224 1779 1299 1822 Κύρ.
1313 1781 1402 1813 nato.
1417 1789 1500 1813 vul.
1528 1779 1607 1821 Rig.

1048 1831 1171 1872 Testes]
1192 1830 1362 1873 Μάρτυρες.
1386 1829 1649 1872 Idem.²'0pxeu‚
1662 1830 1706 1863 tc-

1002 1882 1101 1921 δυμοι.
1125 1880 1291 1924 Ἐραπικὸν
1305 1880 1417 1922 ζεῦγος
1433 1878 1619 1922 ὅκα-Γέρων
1638 1891 1705 1923 npe-

1001 1931 1157 1973 μάμενονε
1182 1932 1321 1964 Lucian.
1335 1931 1492 1964 Amorib.
1516 1932 1617 1972 Εἰς.-

1044 1985 1066 2016 6
1088 1983 1151 2015 Sed
1163 1981 1254 2024 quid]
1275 1981 1373 2014 Idem
1399 1982 1458 2014 iile
1473 1981 1567 2024 apud
1585 1971 1705 2014 Plaut‘.

1003 2035 1102 2077 Capt.
1118 2043 1175 2066 111.
1191 2036 1225 2066 4.
1252 2033 1387 2074 Pergin'
1401 2041 1523 2065 neroum
1535 2041 1585 2065 ne
1596 2040 1707 2074 expro-

1003 2086 1077 2118 bare
1112 2094 1188 2126 esse,
1210 2084 1247 2117 id
1270 2086 1352 2126 quoa
1372 2084 1405 2116 oi
1425 2083 1534 2116 hostili
1558 2081 1707 2125 obtigit?

1003 2137 1093 2171 Nev.
1136 2137 1218 2170 Non
1241 2140 1326 2178 puto
1351 2135 1426 2169 haec
1447 2134 1644 2168 verbaess'o
1659 2135 1710 2168 lo-

1004 2188 1141 2231 quentis
1158 2187 1314 2228 Eunuchi,
1339 2186 1401 2219 sed
1421 2186 1573 2219 auctori·
1585 2186 1708 2226 nostri,

1002 2248 1102 2270 usum
1131 2238 1256 2270 fabulae
1286 2238 1350 2270 hac
1381 2236 1552 2279 epichreni
1581 2235 1706 2279 depro-

1004 2288 1140 2321 mentis.
1162 2286 1268 2327 Schts.

1045 2338 1225 2380 Delictum]
1259 2337 1334 2371 Lib.
1359 2346 1402 2370 11.
1438 2337 1529 2379 Epii.
1558 2337 1704 2369 ‘Donec

1001 2390 1174 2424 fortunam
1187 2390 1339 2423 criminis
1354 2388 1486 2431 pudeat
1499 2387 1573 2420 sni)
1599 2387 1704 2420 Ovio.

1003 2444 1091 2475 Met.
1107 2451 1163 2475 ιιι.
1178 2444 1210 2475 2.
1235 2442 1246 2460 ‘
1261 2442 1421 2473 Fortunae
1433 2439 1564 2472 crimen
1581 2439 1618 2470 in
1632 2438 1707 2481 ilio,

1005 2494 1081 2527 Nec
1116 2493 1227 2525 scelus
1263 2489 1440 2524 invenies?
1484 2489 1552 2522 11ae
1582 2489 1705 2522 locuti-

1003 2554 1100 2586 ones,
1119 2553 1186 2576 nec
1210 2542 1403 2585 perspicuae
1425 2540 1521 2581 satis,
1540 2549 1605 2572 nec
1619 2541 1705 2574 satis

1003 2601 1128 2638 cautae,
1156 2604 1224 2638 quo
1250 2593 1377 2626 rectius
1401 2592 1640 2633 intelligantur
1664 2602 1705 2624 ac

246 2669 311 2690 τος.
355 2654 544 2688 Adeundus
571 2653 724 2694 Scaliger·
748 2651 766 2682 δ
790 2649 954 2691 θαυμάσιος
997 2647 1212 2689 judicentur,
1241 2643 1395 2687 proderit
1429 2642 1599 2674 evolvisse
1627 2642 1706 2675 Me·

248 2708 292 2740 ad
319 2706 486 2740 Phauica.
530 2705 693 2737 Ceterum
718 2705 826 2735 testes
852 2703 952 2744 vulgo

249 2758 411 2791 dicuntur
425 2766 490 2799 per
501 2755 679 2787 honestam
695 2751 851 2793 ἕλλειψιντ
878 2761 953 2794 per·

248 2814 353 2851 petuo
368 2808 458 2840 enim
473 2804 746 2847 intelligendum,
768 2802 952 2845 integrita-

248 2860 304 2903 tis,
320 2863 391 2901 aut,
406 2857 590 2892 virilitatis.
634 2855 742 2889 Usum
769 2854 864 2896 huJus
895 2863 951 2887 vo-

1002 2696 1217 2730 lanchthonis
1245 2694 1410 2738 Physices
1435 2693 1493 2726 lib.
1508 2702 1552 2726 11.
1567 2693 1611 2732 de
1625 2702 1706 2725 cau·-

1002 2748 1048 2781 sis
1062 2757 1124 2790 per
1150 2745 1324 2779 accidens.
1367 2744 1475 2777 Boecl.
1502 2743 1579 2776 lud.
1599 2744 1704 2776 Com.

1001 2809 1078 2832 voc.
1094 2799 1248 2831 Fortuna.
1285 2796 1384 2828 Grot.
1400 2795 1443 2827 de
1456 2795 1500 2827 V.
1523 2795 1564 2827 R.
1580 2797 1703 2837 p.-190.

1001 2850 1043 2885 P.
1058 2848 1253 2883 Mex.Var.
1276 2847 1373 2881 Lect.
1400 2854 1443 2879 11.
1475 2849 1529 2880 38.
1566 2845 1700 2880 Prason.
