1806 3236
311 246 514 280 PHAEDm
550 243 997 277 FAB.<AESOP1ARUM
1035 243 1130 275 mn.
1162 242 1228 274 lv.
1261 244 1408 275 PROL.

1512 232 1600 276 559

120 347 178 385 11,
193 341 302 377 “ln
315 335 435 374 invitis
457 340 680 381 membranis,
704 341 835 374 tacitus
884 338 1071 382 postremis
1086 338 1210 380 literis,
1235 343 1276 372 ut
1297 338 1385 380 dixi,
1409 337 1484 372 fato
1499 338 1603 372 simffi

122 406 183 432 0-
194 398 345 441 φησι·
358 394 515 428 liternlas
530 395 567 427 in
583 394 748 427 secundae
763 394 834 427 edi·

886 402 965 425 cum
992 389 1182 434 superioris
1206 391 1369 424 versiculi
1390 391 1521 424 ultimis
1543 391 1603 425 de-

119 446 226 483 fini·
240 455 311 480 m
324 450 530 479 contextum
545 446 734 488 reciperet.
758 445 836 478 Nec
885 443 1047 486 perditis.
1090 441 1210 486 Atque
1225 443 1312 485 haec,
1322 442 1459 477 erudite
1474 444 1601 486 lector,

123 499 240 543 plnres
253 495 332 531 fero
356 497 479 530 litem
495 494 599 530 versu
615 496 773 539 proxime
785 506 838 529 se·
856 517 863 537 0
889 495 1140 540 qualiacunque
1156 495 1208 528 tui
1224 495 1316 528 facio
1323 495 1461 538 judicii.
1486 496 1574 529 Gud.

118 546 244 594 'triremi
267 548 412 592 periisse
438 552 543 591 puto:
566 549 719 581 Videtur
746 548 837 581 enim

930 546 1162 590 5'Divinub1't]
1184 546 1328 588 Optime
1355 547 1469 580 Paris.
1504 546 1604 579 Prio-

119 603 316 635 e'xtremam
338 600 517 643 utriusque
543 600 706 633 versiculi
730 600 836 643 parti·
885 609 944 631 res
981 597 1159 640 damnabit,
1199 598 1294 631 nullo
1328 598 1456 631 idoneo
1485 607 1602 631 sensu.

125 651 238 686 culam
250 659 318 684 una
329 650 522 693 eademque
533 650 652 684 clades
663 649 838 692 afflixisse,

116 697 336 736 *manis
356 701 393 734 id
409 701 477 734 loci
491 711 575 734 casu
589 702 751 745 quodam,
765 701 839 735 sive

121 751 326 796 perforatis,
338 753 411 786 sive
432 753 536 786 aliter
549 753 735 795 corruptis,
749 751 841 785 fora-

119 804 220 837 nine
236 803 375 847 quidem
389 803 538 846 exigno3
562 803 624 836 sed
639 803 700 845 ita,
716 808 755 836 ut
771 813 841 836 am·

123 855 279 888 bimae:
292 858 442 898 utroque
461 861 563 887 ‘versu
578 858 728 897 quatuor
745 854 843 886 circi-

123 912 184 940 ·ter
218 911 413 950 postremas
448 906 606 939 literulas
643 906 843 939 abstulerit.

126 957 194 992 Isti
206 967 328 992 versus
341 958 394 991 ita
409 957 524 991 mutili
533 958 568 991 in
581 958 770 991 veterrimo
785 967 845 990 co-

123 1009 209 1043 ·dice
223 1009 266 1042 iis
280 1009 496 1052 compendiis
516 1013 598 1042 sunt
613 1009 749 1051 scripti,
763 1018 842 1052 quae

123 1066 213 1094 tnnc
228 1061 409 1103 temporis,
423 1071 445 1094 a
457 1060 583 1105 quinto
598 1060 642 1094 ad
666 1060 844 1093 decimum

127 1112 206 1146 fere
220 1112 378 1146 seculum
389 1112 640 1154 Christianum,
657 1111 792 1154 vulgari
807 1111 843 1144 in

130 1173 193 1197 usu
205 1167 323 1196 erant:
346 1162 433 1196 licet
448 1163 514 1196 illis
529 1164 708 1197 literarum
724 1162 844 1196 formis

124 1215 164 1248 in
178 1212 420 1258 typographia
433 1211 567 1248 'nostris
581 1223 774 1255 careamus,
799 1222 845 1246 ex

122 1269 363 1314 ’sequentibus
394 1275 526 1310 tamen,
565 1267 601 1300 in
634 1266 763 1300 talibus
789 1275 847 1298 an-

125 1320 304 1365 tiquitatis
350 1319 582 1353 monumentis
629 1319 685 1352 vel
723 1318 848 1350 leviter

131 1375 282 1412 versato,
321 1370 501 1404 scribendi
530 1370 590 1403 illa
618 1370 708 1402 ratio
743 1368 847 1402 facile

130 1423 336 1466 apparebit:
377 1421 849 1455 CONSILIUM'I'ACITO·

127 1474 367 1508 Gonni-:Da
375 1473 482 1507 MNA
489 1473 690 1515 VI....s·upple
700 1484 711 1506 .·
733 1482 847 1505 meum

131 1523 849 1562 NAMSIQUISTAMSETIAMESTU-

133 1575 422 1618 blial-...umbe
459 1585 557 1618 gens.
614 1573 848 1618 Sequentibus

129 1626 290 1660 barbaris
301 1630 409 1670 utque
423 1625 676 1659 obscurissimis
701 1625 769 1658 illis
784 1635 848 1658 sae-

134 1678 327 1720 calumum
351 1677 523 1722 ejusmodi
552 1677 758 1720 compendia
779 1676 848 1710 fre-

129 1729 298 1773 quent-ari
321 1729 515 1772 desiissent,
537 1730 641 1763 immo
662 1729 722 1762 vix
750 1733 848 1762 recte

134 1781 282 1824 amplius
306 1781 603 1824 intelligerentur,
630 1780 723 1814 unde
743 1785 797 1814 tot
812 1785 849 1813 et

128 1837 235 1866 tanta
246 1851 250 1854 ⁴
261 1833 300 1866 in
325 1834 478 1876 optimos
515 1838 676 1867 auctores
710 1833 850 1867 invecta

131 1880 638 1928 monetradeprebendnntnn
661 1885 850 1918 Phaedrmn

130 1945 181 1970 ἐκ
209 1936 272 1969 tell
297 1937 422 1970 codiee
455 1937 696 1981 descripturus
727 1938 851 1970 Mona-

128 1989 308 2029 chunnos
332 1989 410 2021 loco
432 1997 547 2031 neque
568 1987 851 2031 compendiosam

134 2039 521 2082 scriptun-enricum,
543 2048 660 2082 neque
675 2038 851 2072 defectum

132 2090 233 2124 illum
250 2090 542 2131 animadvertens,
563 2091 688 2123 misere
718 2090 852 2124 haerens

140 2141 184 2174 ad
200 2141 321 2174 ultima
335 2142 408 2184 illa,
421 2142 495 2175 sive
513 2142 662 2184 VDILI,
685 2141 758 2174 sive
777 2142 851 2175 TV—

139 2192 257 2235 Dal,
279 2196 447 2226 revocata
463 2192 621 2235 proxime
636 2191 852 2235 praecedenti

137 2245 252 2285 litera,
275 2254 342 2288 pro
359 2244 529 2278 TVDILI
550 2243 773 2277 scribendum
790 2254 852 2287 pu·

133 2295 231 2329 tavit
247 2295 437 2334 TITVLL·
455 2305 535 2338 qnae
551 2295 671 2337 inepta
685 2295 793 2328 lectio
809 2305 852 2328 ex

138 2357 209 2381 nno
224 2347 347 2381 codice
360 2347 396 2381 in
408 2347 526 2390 alium,
541 2348 593 2381 ita
607 2352 646 2381 ut
661 2347 740 2381 fieri
754 2348 855 2391 solet,

135 2397 246 2431 facile
258 2402 456 2441 propagata
471 2403 526 2432 est
540 2409 551 2439 3
564 2398 720 2432 debebat
736 2403 853 2432 autem

141 2448 245 2482 miser
269 2449 330 2481 ille
359 2458 426 2481 non
454 2458 556 2482 unam
582 2453 717 2483 tantum
748 2449 855 2492 illam,

135 2500 204 2534 sed
217 2501 304 2534 duas
317 2501 504 2544 proximas,
518 2501 651 2543 literas,
675 2501 733 2535 ST
755 2511 855 2535 revo-

142 2562 253 2594 casse,
279 2557 316 2586 et
346 2553 396 2586 sic
421 2552 539 2586 statim
568 2553 718 2595 genuina
744 2554 855 2594 lectio

136 2603 297 2638 -STUDI
308 2603 505 2646 prodiisset,
518 2605 614 2648 cnjus
628 2604 723 2638 vocis
734 2605 857 2638 ultima

138 2655 274 2698 syllaba
285 2655 344 2689 DI
357 2655 504 2698 primam
516 2656 691 2698 sequentis
703 2656 747 2690 ob
764 2656 856 2689 sirni-

138 2705 328 2741 litndinem
354 2709 392 2740 et
415 2706 659 2749 compendium
682 2706 857 2741 scribendi

143 2756 271 2790 iterum
286 2757 476 2800 absorpsit;
491 2768 559 2802 qua
571 2758 747 2801 geminata
755 2769 857 2802 spon-

148 2812 184 2839 te
201 2816 263 2839 sua
278 2817 314 2840 se
329 2808 495 2850 ostendit,
515 2819 594 2852 quae
612 2810 759 2851 latebat,
774 2820 857 2844 vera

72 2869 82 2874 “
147 2858 251 2892 lectio
293 2859 448 2894 STUDI.
483 2861 675 2905 DILIgens,
711 2866 857 2906 quatuor

889 649 1016 683 Freins.

931 703 954 733 6
981 701 1026 734 Ue
1039 700 1131 734 illum
1144 700 1263 743 ipsum]
1299 701 1386 744 Leg.
1406 701 1452 735 Ut
1462 700 1542 734 illud
1556 701 1606 743 ip·

889 762 958 785 sum
970 752 1161 795 cupimus-0.
1205 752 1275 784 Res
1301 752 1509 794 probatione
1536 762 1606 785 non

891 810 985 848 eget.
1009 804 1124 838 Faber.
1147 803 1253 846 Quid,
1267 804 1296 837 si
1309 805 1400 838 illum
1415 803 1607 838 referamus

891 856 935 889 ad
948 855 1134 898 artificem,
1160 855 1264 898 ipsum
1275 855 1319 888 ad
1332 856 1494 898 quidnam,
1517 856 1609 898 cupi·

891 917 944 939 nm
974 906 1020 939 ad
1046 906 1252 940 Phaedrum?
1271 906 1339 940 hoc
1369 916 1496 940 sensu:
1528 907 1608 942 Quo

893 952 1001 1000 pacto
1017 957 1202 999 divinabit,
1229 958 1396 1002 quidnam
1423 958 1609 998 omiserim,

890 1009 984 1051 ideo,
999 1009 1084 1053 quia
1108 1010 1249 1052 cupiam
1264 1009 1434 1044 artificem
1449 1010 1546 1043 illurn
1559 1009 1608 1043 fa-

890 1071 958 1094 mae
973 1061 1115 1094 tradere
1130 1061 1256 1104 ipsum,
1264 1061 1356 1106 quod
1372 1061 1492 1095 omisi?
1504 1061 1611 1102 Schef.

934 1115 957 1145 7
981 1112 1049 1146 Sua
1063 1114 1188 1157 cuique]
1203 1113 1274 1146 Hic
1286 1113 1463 1147 excidisse
1475 1123 1611 1147 versum

892 1174 1000 1198 nuum
1013 1169 1076 1198 aut
1101 1165 1250 1199 alterum
1273 1166 1535 1209 praecedentem
1551 1176 1612 1200 ex-

892 1217 1020 1251 istimo.
1047 1217 1174 1251 Meurs.

939 1271 961 1302 8
986 1269 1143 1312 Colorque
1164 1269 1269 1312 prior]
1305 1270 1421 1313 Lege:
1459 1269 1613 1314 Colorque

892 1315 1053 1364 proprius.
1081 1321 1174 1355 Gud.

943 1372 1101 1416 Colorque
1113 1371 1258 1415 propior]
1280 1372 1320 1405 F.
1336 1372 1502 1415 proprius.-
1524 1382 1615 1415 prae·

898 1423 1007 1457 cessit
1021 1423 1127 1466 enim,
1140 1424 1210 1456 Sua
1224 1423 1390 1465 cogitatio.
1434 1423 1537 1466 Saepe
1553 1433 1614 1457 au-

898 1478 971 1508 tem
996 1485 1073 1508 suus
1102 1478 1139 1508 et
1165 1475 1316 1518 proprius
1341 1474 1378 1508 ἐκ
1404 1473 1615 1517 παραλλήλου

893 1525 998 1568 jungi
1013 1525 1138 1558 solent.
1163 1525 1251 1559 Ritt.

945 1576 1099 1618 Colorque
1117 1576 1223 1619 prior]
1256 1577 1304 1609 Et
1330 1576 1436 1610 metri
1465 1576 1554 1609 ratio
1578 1579 1618 1610 et

900 1635 1021 1659 sensus
1047 1627 1123 1669 ipse
1151 1627 1237 1660 satis
1263 1627 1429 1670 produnt,
1458 1637 1615 1662 errorem

899 1690 978 1713 esse
989 1680 1025 1713 in
1051 1690 1168 1715 versu.
1212 1682 1272 1714 De
1298 1686 1412 1715 metro
1433 1677 1530 1715 clara
1558 1691 1616 1716 res

900 1737 974 1773 est3
998 1731 1041 1765 de
1058 1741 1161 1766 sensu
1175 1743 1245 1766 non
1260 1733 1384 1767 minus.
1417 1733 1514 1768 Quid
1524 1734 1618 1771 euim

899 1783 964 1817 hoc
976 1784 1028 1816 sit
1043 1784 1180 1826 Latine,
1205 1784 1314 1827 cuique
1327 1785 1413 1818 color
1430 1785 1524 1828 prior
1542 1789 1590 1819 ese
1601 1784 1620 1820 ’.ἲ

900 1836 1007 1869 Certe
1023 1835 1119 1878 nihil,
1143 1835 1208 1868 nisi
1232 1835 1365 1878 ἀφασία.
1410 1837 1538 1880 Itaque
1569 1837 1618 1870 le·

900 1886 1053 1929 gendum
1064 1891 1119 1920 est
1132 1892 1168 1920 et
1184 1887 1230 1920 ob
1253 1897 1406 1931 sensum,
1433 1895 1470 1922 et
1485 1889 1531 1922 ob
1547 1898 1618 1923 me·

900 1938 947 1971 tri
986 1938 1248 1981 necessitatem,
1304 1939 1457 1982 Colorque
1493 1941 1618 1982 privas,

901 1988 994 2032 quod
1009 1999 1090 2022 mox
1116 1990 1313 2032 explicabo,
1328 1991 1388 2023 ubi
1404 1990 1539 2024 fontem
1566 2001 1619 2025 er-

901 2040 989 2072 roris
1006 2040 1207 2073 ostendero.
1253 2042 1462 2085 Fraterculi,
1477 2043 1536 2087 qui
1551 2053 1612 2087 pa-

902 2095 993 2124 trum
1007 2095 1204 2137 nostrorum
1217 2093 1396 2135 memoria,
1425 2098 1614 2138 antequam

898 2143 1200 2184 *typographorum
1216 2153 1271 2176 ars
1284 2144 1473 2187 prodisset,
1503 2145 1613 2179 libros

903 2197 1058 2236 quaestus
1071 2203 1174 2226 causa
1190 2193 1449 2238 describebant,
1460 2195 1530 2230 dici
1547 2206 1616 2229 non

902 2248 1034 2288 potest,
1046 2254 1146 2288 quam
1158 2245 1201 2277 im
1207 2245 1430 2289 periti,quam
1441 2246 1533 2280 foede
1543 2247 1620 2280 bar-

902 2296 979 2329 bari
994 2295 1142 2330 fuerint:
1158 2297 1242 2330 mihi
1261 2307 1396 2342 quoqne
1413 2299 1480 2342 ipsi
1497 2299 1553 2332 vix
1569 2303 1621 2333 at-

905 2359 973 2392 que
989 2359 1083 2392 aegre
1108 2349 1194 2383 fides
1210 2350 1326 2392 fieret,
1348 2351 1413 2384 nisi
1433 2351 1620 2396 aliquando

902 2402 994 2435 Mss.
1013 2401 1153 2435 codices
1174 2402 1345 2444 legissem,
1365 2406 1402 2435 et
1418 2413 1510 2436 nunc
1524 2404 1620 2447 lege-

905 2463 990 2487 rem.
1026 2453 1095 2488 Qui
1108 2453 1216 2496 igitur
1237 2453 1425 2487 Phaedrum
1447 2455 1622 2489 describe-

906 2506 1004 2547 bant,
1011 2515 1087 2539 cum
1098 2516 1167 2539 non
1180 2506 1429 2549 intelligerent,
1437 2507 1518 2551 quid
1527 2511 1623 2541 esset

910 2558 1005 2590 Color
1015 2558 1127 2600 pris-us
1141 2557 1271 2601 (neque
1283 2558 1373 2591 enim
1381 2559 1446 2592 hoc
1459 2559 1493 2592 in
1509 2559 1624 2593 Medi-

908 2608 1113 2651 tationibus,
1127 2609 1364 2652 sermonibus,
1394 2610 1555 2644 Homiliis
1570 2611 1620 2644 le·

908 2659 1052 2704 gerant)
1067 2666 1310 2704 reposuerunt,
1324 2662 1416 2704 prius
1427 2672 1490 2705 pro
1498 2663 1622 2706 prinus.

909 2711 980 2744 Alii
1006 2717 1135 2754 autem,
1166 2713 1226 2756 qui
1261 2713 1326 2747 sibi
1353 2713 1529 2747 doctiores
1559 2714 1623 2748 visi

909 2767 1003 2804 snnt,
1034 2762 1171 2806 (quidni
1188 2763 1278 2796 enim
1292 2762 1322 2807 ?)
1356 2763 1432 2797 illos
1458 2774 1621 2798 correxe-

909 2817 1004 2855 runt,
1034 2819 1083 2855 et,
1109 2818 1291 2847 structurae
1308 2815 1432 2848 saltem
1450 2815 1620 2849 rationem

907 2863 1103 2898 habendam
1135 2865 1387 2908 existitnantes,
1435 2866 1620 2911 rescripse-
