1806 3236
196 235 282 279 228
476 242 675 275 rnAEnm
711 238 1025 272 FABULARUM
1062 236 1368 273 AEsormnum

199 342 300 385 Nec
319 344 389 383 est
407 339 602 389 difficile,
622 348 784 393 poenas
805 336 954 391 culpae
975 335 1211 390 imponere.

197 409 303 452 Non
322 412 423 451 veto
442 407 618 457 dimitti,
638 418 795 448 verum
816 404 1000 446 cruciari
1016 404 1149 454 fame,
1597 399 1665 444 302

196 476 271 519 Ne
289 480 483 519 ventrem
506 473 729 516 continere
749 484 840 514 non
859 471 1034 527 possint
1053 483 1196 513 suum.

196 543 256 586 Et
273 544 359 585 hoc
378 541 525 583 feretis
545 553 627 595 pro
641 539 816 595 judicio
837 538 1085 594 praemium.

195 610 271 653 Illi
291 614 452 662 autem,
471 608 547 662 qui
566 607 780 649 miserunt
802 619 884 649 vos
904 610 997 648 tam
1017 605 1182 658 sutiles,

197 677 442 732 Nunquam
463 675 676 734 carebunt¹
690 673 884 715 hominis
905 674 1180 716 contumelia.
1598 734 1605 739 ὓ

197 745 274 787 Ita
293 757 410 786 nunc
431 743 601 797 legatos
619 745 860 797 expectant
878 745 923 784 et
940 743 1125 797 posteri.
1601 743 1662 786 35
1681 744 1688 750 ‘

197 812 380 856 Novum
402 811 547 854 venire
567 811 646 866 qui
668 810 806 862 videt,
827 809 974 852 culum
996 809 1166 854 olfacit.
1663 824 1667 826 ’

194 953 300 984 regem
315 942 450 975 retinere
464 943 596 983 legatos,
615 952 672 975 nec
697 946 744 975 est
767 952 928 985 operosum
954 943 1117 985 proemium
1138 954 1198 985 pro
1221 944 1344 977 meritis
1367 944 1535 978 ascribere.
1579 945 1662 978 Hoeo

192 988 299 1028 itaque
313 986 376 1018 erit
388 995 490 1028 poma.
540 986 610 1017 Non
622 985 770 1027 prohibeo
784 986 918 1023 remitti,
939 988 994 1019 sed
1003 987 1114 1028 jubeo
1128 988 1268 1029 torqueri
1279 987 1380 1028 same,
1395 992 1429 1020 ut
1443 988 1562 1029 possint
1577 989 1663 1021 colai·

194 1031 264 1062 bere
278 1031 393 1062 alvum.
437 1028 502 1064 Qui
516 1038 588 1060 vero
612 1038 665 1060 vos
687 1029 871 1068 delegarunt
896 1032 963 1061 tam
978 1029 1114 1071 fluidos,
1134 1041 1167 1062 se
1189 1031 1326 1072 eripient
1347 1041 1505 1072 nunquam
1529 1040 1570 1064 ex
1591 1041 1667 1064 con*

193 1073 331 1105 tumeliis
344 1071 531 1103 mortalium.
575 1071 630 1104 Ita
644 1081 724 1103 nunc
738 1071 848 1105 Canes
869 1073 1090 1113 praestolontes
1112 1073 1293 1106 novissimos
1314 1075 1446 1116 legatos,
1469 1084 1540 1108 cum
1553 1074 1670 1110 vident.

195 1125 315 1149 canem
329 1115 461 1156 aliquem
473 1113 655 1156 venientem,
669 1115 839 1147 odorantur
851 1124 957 1148 anum.

809 1199 827 1211 O
832 1199 1046 1213 ‘'W“

193 1253 583 1330 affixzsstssffffsszz‘ssr
604 1253 1452 1340 ῗὲΐέἱῗῗΓξὶὀἔξὲῖἔεὲἕῖἶῗψξὲιῗὲἳῖῗέἶξέᾛ
1466 1257 1661 1343 ἳ“ἔ“ἰ’ὸῖ

195 1340 314 1372 Editio
329 1343 528 1382 stereotypa
548 1339 667 1372 Didoti
692 1321 808 1381 ltabgt,
834 1342 909 1374 Non
931 1342 1006 1383 cito,
1023 1342 1280 1384 post-Gadium.
1325 1343 1363 1376 Si
1377 1342 1507 1377 dimisit
1518 1344 1567 1378 'Ju
1593 1345 1665 1378 iter

194 1383 342 1424 legatos,
354 1392 417 1415 cur
432 1392 500 1415 non
517 1382 717 1415 redierunt?
747 1393 810 1416 cur
825 1385 954 1425 posteri
969 1385 1079 1417 adhuc
1095 1389 1282 1427 expectant
1296 1386 1379 1419 eos?
1412 1386 1500 1420 Haec
1515 1387 1550 1419 di
1611 1387 1667 1420 ul-

195 1430 250 1458 tas
266 1426 498 1458 Bur-mannum
513 1425 607 1467 cogit
621 1426 737 1467 legere
751 1436 760 1458 ε
791 1426 852 1459 Vos
865 1431 934 1460 veto
947 1428 1068 1460 dimitti
1076 1439 1089 1467 ;
1111 1428 1167 1460 hoc
1179 1438 1286 1461 verum
1300 1429 1437 1462 cruciari
1443 1428 1545 1469 smne.
1588 1430 1667 1463 Per·

194 1478 250 1500 voe
263 1469 484 1510 posteriores,
500 1477 563 1509 per
576 1468 630 1500 nos
645 1469 776 1509 priores
797 1470 932 1512 legatos
945 1470 1129 1511 significari
1142 1475 1254 1513 putat.
1298 1472 1349 1504 Ut
1363 1472 1542 1514 sequentia
1556 1473 1662 1506 etiam

195 1511 347 1553 opinioni
361 1521 432 1543 suae
447 1510 623 1552 conciliet,
638 1511 819 1544 rescribit:
847 1513 902 1545 Ila
916 1523 998 1546 nune
1011 1515 1132 1554 legatos
1144 1517 1288 1556 expectat
1303 1514 1358 1556 qui
1369 1518 1520 1556 posteros,
1535 1515 1666 1548 Novum

194 1554 301 1586 venire
314 1563 384 1586 cum
395 1553 492 1593 videt,
507 1555 608 1585 culum
629 1553 750 1593 olfacit.
795 1554 946 1588 Posteros
957 1555 1025 1599 (ita
1049 1556 1153 1598 Mss.)
1167 1558 1300 1599 legatos
1326 1557 1591 1600 interpretatur,
1603 1559 1667 1602 qui-

195 1597 403 1638 posteriores
417 1596 510 1628 missi
524 1595 674 1629 fuerant.
718 1596 787 1630 Sed
801 1607 866 1630 nec
878 1598 928 1631 ita
943 1599 1079 1632 sublata
1093 1604 1148 1632 est
1161 1600 1270 1633 omnis
1283 1599 1478 1634 difficultas.
1511 1601 1602 1634 Nam
1617 1602 1666 1635 de

195 1639 444 1681 posterioribus
466 1639 588 1681 legatis
614 1640 761 1681 qnaestio
775 1645 852 1673 erat
867 1641 901 1673 in
917 1643 1065 1675 concilio
1090 1642 1258 1676 Deorum:
1292 1653 1351 1675 eos
1367 1652 1449 1676 vero
1463 1643 1665 1678 non·dimit-.

194 1687 283 1723 tere,
301 1683 393 1724 regis
412 1691 482 1714 non
497 1692 572 1714 esse
595 1682 734 1715 dixerat
747 1683 896 1725 Jupiter.
940 1686 1019 1717 Non
1043 1690 1161 1727 potest
1176 1687 1284 1727 igitur
1298 1685 1383 1729 fingi
1395 1695 1454 1720 eos
1465 1686 1663 1722 retinuisse.

195 1725 312 1759 Quare
327 1725 433 1758 satius
447 1729 517 1765 est,
532 1725 686 1757 dimissos
698 1725 835 1767 quidem
859 1726 976 1760 dicere
991 1729 1134 1770 legatos,
1149 1738 1218 1761 non
1233 1729 1365 1771 priores
1379 1734 1526 1770 tantum,
1545 1730 1608 1763 sed
1623 1735 1663 1764 et

194 1767 427 1809 posteriores3
448 1767 586 1799 eosdem
601 1777 684 1799 vero
696 1777 716 1799 a
739 1769 882 1802 canibus
899 1770 1009 1804 adhuc
1024 1771 1215 1813 expectari,
1233 1772 1323 1814 quod
1339 1772 1548 1815 aliquamdiu
1562 1779 1661 1806 certe

193 1810 323 1843 retenti
334 1809 485 1851 fuerant,
498 1814 535 1842 et
548 1810 676 1842 dimissi
688 1810 837 1853 quidem,
849 1811 923 1853 sed,
934 1813 1032 1846 simul
1048 1813 1152 1846 etiam
1163 1815 1272 1847 notati
1290 1816 1500 1858 gravissime,
1511 1815 1662 1849 reditum

193 1858 263 1886 non
278 1857 549 1894 maturaverant,
564 1862 641 1886 cum
655 1862 768 1886 escam
783 1854 819 1886 in
832 1859 986 1888 stercore
997 1860 1247 1898 scrutarentur,
1259 1862 1297 1890 et
1311 1858 1490 1899 legationis
1505 1868 1575 1891 suae
1591 1865 1666 1893 tam·

195 1901 333 1938 turpem
349 1897 553 1938 tristemque
568 1896 699 1928 exitum
723 1896 767 1928 ad
788 1907 866 1930 suos
890 1898 1022 1931 referre
1044 1909 1113 1932 non
1135 1900 1313 1933 auderent.
1339 1901 1527 1942 Heusinger.
1569 1902 1661 1935 Vide

195 1942 374 1972 mom—32
396 1939 467 1971 Pro
483 1940 623 1980 vulgato
638 1939 703 1971 Sed
718 1941 855 1981 reposui
880 1941 937 1974 Et.
980 1942 1039 1974 Ita
1053 1942 1188 1976 Desbil.
1205 1943 1327 1985 edidit,
1341 1941 1459 1986 sicque
1472 1944 1661 1978 Tzschuck.

194 1982 264 2024 legi
281 1992 377 2023 posse
392 1985 522 2014 censet.
543 1982 818 2015 MeursAValch.
831 1984 948 2016 Bentl.
965 1985 1023 2027 qui
1037 1985 1162 2019 Jovem
1177 1985 1232 2018 hic
1247 1996 1315 2019 non
1329 1987 1476 2028 legatos,
1486 1987 1547 2020 sed
1557 1987 1662 2020 colle·

193 2026 288 2065 gium
303 2026 459 2057 Deorum
471 2024 594 2066 alloqui
610 2029 746 2067 putant,
756 2026 823 2068 legi
831 2026 970 2069 jubent,
982 2027 1045 2061 Sed
1055 2029 1112 2062 hoc
1118 2028 1230 2068 ferent
1243 2029 1277 2061 hi
1287 2029 1474 2071 prejudicio
1482 2029 1665 2072 proeminm.

194 2069 266 2101 Pro
282 2067 400 2108 feretis
414 2068 531 2100 Ursin.
548 2067 654 2100 habet
661 2068 809 2107 senetur,-
845 2069 986 2104 Lallem.
1014 2071 1054 2103 Id
1066 2072 1247 2111 vosferetis
1268 2082 1326 2114 pro
1338 2073 1462 2112 judicio
1481 2074 1664 2115 promia-n.

194 2112 254 2143 Ita
269 2112 348 2143 olim
361 2110 560 2152 conjecerat
576 2110 765 2153 Ouvering.
781 2122 814 2145 v.
829 2112 872 2146 P.
887 2122 946 2145 111.
968 2113 1107 2146 Phaedri
1123 2125 1159 2157 p.
1175 2118 1249 2148 175.
1272 2115 1432 2157 Guyetus
1444 2116 1548 2148 scribi
1563 2117 1637 2149 vult
1648 2127 1664 2150 e

194 2154 250 2186 Sic
265 2154 321 2186 hoc
329 2153 445 2193 feretis
455 2153 673 2194 perjudicium
686 2155 863 2195 praemium.
892 2156 1111 2199 conjiciebat
1124 2167 1259 2225 quoque
1269 2168 1337 2199 proe
1343 2158 1561 2202 judica—38
1589 2159 1662 2192 Vos.

195 2197 287 2229 Gud.
304 2197 427 2228 Heius.
452 2197 567 2229 Bentl.
582 2196 702 2230 Didot.
726 2197 887 2240 [Autem]
910 2199 1062 2232 hoa—84
1085 2201 1244 2233 Hominis.
1266 2201 1324 2234 Ita
1336 2240 1339 2242 v
1349 2201 1428 2234 libri
1453 2202 1598 2244 scripti3
1621 2206 1658 2235 at

195 2238 322 2272 Scheff.
346 2239 490 2281 conjicit
510 2239 681 2280 hominum,
708 2240 826 2272 Heius.
849 2242 932 2273 omni
940 2252 953 2280 ;
976 2242 1049 2275 sine
1070 2244 1279 2276 necessitate
1300 2248 1456 2287 uterque.
1488 2245 1662 2288 [hominum

196 2282 401 2315 contumeliis.
434 2282 641 2324 Both.]-—36
664 2293 713 2324 sq.
742 2283 835 2316 Libri
862 2285 983 2327 scripti
1006 2291 1041 2317 et
1065 2287 1197 2327 priores
1221 2286 1413 2330 Editiones,
1433 2292 1474 2321 ut
1496 2288 1660 2322 Rittersh.

195 2326 322 2357 Nevel.
339 2326 384 2357 al.
400 2325 551 2358 habent:
585 2325 639 2357 Ita
652 2335 733 2358 nuno
754 2326 876 2367 legatos
896 2331 1111 2369 exspectantes
1120 2332 1272 2371 posteros,
1286 2330 1412 2363 Novum
1425 2331 1532 2364 venire
1544 2338 1616 2364 cm
1627 2341 1660 2364 υ.

192 2378 221 2400 c.
238 2378 267 2400 o.
314 2367 384 2400 Sed
399 2368 529 2400 Mean.
545 2371 583 2400 et
596 2368 764 2409 Bongars.
786 2375 1030 2403 correxerunt:
1055 2372 1110 2403 Ita
1124 2382 1205 2404 nunc
1231 2373 1350 2413 legatos
1364 2376 1578 2416 exspectantes
1587 2384 1660 2416 pos-

194 2411 270 2451 teri,
287 2410 334 2443 N.
349 2421 377 2443 v.
392 2421 460 2443 cum
474 2411 592 2451 vident,
606 2410 709 2444 culum
722 2410 883 2450 olfaciunt.
905 2412 963 2445 Ita
974 2413 1084 2446 edidit
1098 2415 1213 2447 Ursin.
1229 2416 1294 2448 nisi
1310 2416 1402 2459 quod
1418 2426 1469 2449 vs.
1483 2419 1538 2450 ³6.
1552 2417 1660 2460 legat,

200 2453 315 2486 Venire
324 2463 393 2486 cum
405 2454 512 2486 vident
526 2463 648 2496 novum,
663 2453 814 2493 olfaciunt
826 2456 937 2488 culum.
981 2456 1112 2489 Nostra
1122 2457 1228 2491 lectio
1243 2459 1392 2500 Rigaltio
1407 2458 1564 2501 debetur,
1577 2469 1658 2503 quae

194 2496 311 2529 multis
327 2496 471 2539 placuit.
515 2496 630 2530 Bentl.
653 2497 708 2530 Ita
722 2507 801 2530 nunc
822 2498 941 2539 legatos
955 2499 1083 2542 quisque
1093 2505 1275 2543 exspectans
1291 2501 1450 2544 porterum
1466 2503 1592 2536 Novum
1605 2512 1656 2536 ve-

855 2599 1001 2633 NOTAE

238 2677 281 2707 32
304 2676 349 2707 Et
369 2675 425 2707 hoc
447 2674 566 2715 feretis
590 2685 649 2718 pro
668 2674 790 2716 jndicio
817 2685 899 2717 proe-
953 2681 1025 2710 tum
1063 2678 1108 2711 ad
1143 2679 1383 2713 illustrandum
1411 2681 1502 2715 hune
1538 2658 1659 2717 locnin’

194 2725 306 2765 mium]
329 2725 397 2758 Hic
409 2735 527 2765 versus
538 2726 788 2767 ”Onlessitufin
800 2725 898 2759 Phae-
951 2732 1101 2766 Phaedri.
1145 2733 1282 2768 Idcirco
1300 2735 1394 2768 illum
1418 2744 1485 2768 non
1509 2740 1654 2779 praeter-·

195 2775 257 2806 dro
273 2775 434 2808 editionis
451 2777 605 2819 Rigaltii.
643 2777 722 2810 Sive
738 2778 782 2809 sit
798 2777 897 2810 Phae-
949 2784 1110 2818 misimus.

195 2825 260 2868 dri,
277 2826 347 2858 sive
364 2827 512 2870 alterius,
531 2827 664 2861 confert
680 2831 794 2862 tamen
809 2829 895 2861 mul-
