1806 3236
751 207 951 240 FABULA
982 198 1053 242 33.
1556 201 1644 245 307

165 298 366 352 Pastum,
386 300 704 357 imprudentem
720 304 893 348 monuit
913 305 1126 359 Haedum,
1146 319 1201 350 ne
1221 307 1388 352 ostium

164 365 392 423 Aperiret,
413 370 580 415 multas
596 372 720 427 quod
741 373 877 417 sciret
898 375 1076 418 stabula
1092 374 1212 418 feras

165 441 410 486 Circumire
428 457 653 500 pecorum.
714 447 777 490 Ut
792 448 915 500 abiit,
937 449 1117 493 advenit
1134 449 1310 507 Lupus,

147 507 450 555 ‹Assimulans
466 526 628 556 vocem
646 516 816 568 matris,
838 520 881 559 et
892 516 1023 572 jubet
1040 517 1160 561 fores
1610 521 1640 562 5

164 577 262 620 Sibi
281 581 491 624 reserari:
521 585 571 625 ut
590 582 771 627 Haedus
791 585 978 637 audivit,
1001 586 1134 642 Lupo

163 645 253 689 Per
269 647 428 691 rimam
446 654 661 704 spectans
680 652 848 708 inquit:
881 652 1033 697 Audio
1053 667 1212 698 sonum

163 712 343 766 MatriS‚
363 716 442 758 sed
462 717 603 761 fallax
623 723 755 775 atque
774 720 984 764 inimicus
1003 734 1052 764 es
1070 722 1178 765 mihi
1196 736 1208 777 3

163 779 258 824 Sub
274 795 389 826 voce
408 786 561 828 matris
581 795 782 831 nostrum
802 790 967 843 quaeris
987 790 1249 845 sanguinem

160 847 339 903 Potare,
358 855 403 895 et
421 856 572 897 nostra
592 867 722 898 carne
743 856 913 899 satiari.
974 856 1105 901 Vale.
1225 907 1233 910 ³
1583 861 1638 904 10

219 919 341 963 Laus
357 933 519 976 magna
537 923 668 975 natis,
690 923 878 980 obsequi
900 925 1172 979 parentibus.

824 1055 969 1089 NOTAE

201 1127 224 1158 2
246 1124 496 1169 rapu-adenem]
518 1127 673 1169 Ignarum
684 1129 755 1162 alii.
798 1129 870 1162 Sed
924 1131 984 1165 Ita
997 1132 1128 1167 Justin.
1144 1132 1202 1168 lib.
1219 1140 1254 1168 v.
1269 1136 1303 1168 7.
1326 1133 1610 1178 ‘imm-udentia:

157 1174 370 1218 imeae-ees
393 1187 498 1212 rerum
518 1183 626 1214 aetate
649 1180 762 1214 teneri
775 1186 869 1215 nunt.

663 1560 882 1602 FABULA
928 1563 1129 1605 XXXIII.

489 1703 756 1750 PAUPER.
796 1708 879 1752 ΕΤ
924 1709 1180 1755 SERPEN
1183 1711 1232 1756 S.

155 1836 390 1882 SERPBNS
411 1839 460 1882 in
477 1840 653 1885 aedibus
673 1842 910 1899 cujusdam
930 1844 1151 1902 Pauperis

152 1904 320 1949 Venire
341 1919 516 1963 semper
535 1909 590 1951 ad
610 1923 806 1954 mensam
827 1918 1139 1966 consueverat,

153 1971 214 2016 Et
233 1973 335 2017 inde
352 1977 484 2018 micis
510 1978 786 2032 pascebatur
803 1980 998 2035 largiter.

153 2039 298 2083 Dives
317 2045 424 2096 post
441 2044 577 2098 paulo
595 2044 759 2099 factus,
777 2047 910 2091 irasci
929 2049 1088 2104 incipit

154 2106 373 2163 Set-penti,
391 2113 435 2153 et
453 2111 655 2156 vulnerat
674 2126 856 2158 secure:
885 2119 1087 2172 tempore
1603 2122 1633 2163 5

153 2173 231 2218 Ad
248 2177 482 2232 pristinam
501 2180 761 2236 interposito
781 2188 1023 2239 egestatem
1043 2184 1170 2228 redit.

153 2243 245 2287 Pro
265 2248 386 2288 sorte
404 2247 532 2291 varia
551 2247 786 2305 Serpentis
804 2255 1044 2310 postquam
1063 2254 1186 2298 videt

155 2310 397 2356 Fortunam
415 2315 576 2358 mutari
595 2329 740 2370 suam,
760 2319 922 2363 blande
941 2321 1068 2377 petit,

153 2378 366 2435 Ignoscat
384 2386 434 2426 ut
450 2384 681 2440 peccanti3
712 2387 785 2430 cui
806 2387 999 2445 Serpens
1019 2390 1110 2434 ait:

151 2446 219 2490 Te
237 2449 480 2503 poenitebit
500 2452 695 2505 sceleris,
714 2467 859 2510 usque
879 2456 984 2500 dum
1001 2471 1104 2502 mea
1568 2462 1626 2505 10

152 2513 353 2561 Cicatn‘x
373 2518 529 2563 clausa
547 2519 707 2575 fuerit;
737 2525 786 2566 at
805 2527 957 2567 tamen
976 2525 1148 2582 optima

153 2583 268 2628 Fide
287 2599 360 2630 me
380 2588 572 2643 posthac
590 2590 683 2634 noli
702 2592 896 2636 amicum
915 2594 1107 2638 eredere.

818 2714 960 2748 NOTAE

326 2781 446 2818 Habet
480 2785 633 2822 fabulam
658 2787 782 2823 Rimic.
805 2789 864 2823 lib.
882 2798 940 2824 ιιι.
955 2789 1027 2825 sab.
1045 2794 1097 2826 10.
1111 2795 1149 2826 et
1160 2790 1274 2828 Anon.
1290 2792 1357 2827 fab.
1372 2797 1427 2828 6⁵.
