1806 3236
665 211 668 215 ’
693 209 759 245 ns
790 209 1022 245 mmmm.
1533 200 1594 248 35

109 308 304 364 faciant3
333 312 386 353 ut
406 308 474 353 sic
491 313 659 354 mature
677 310 861 355 virtutis
884 315 929 354 et
954 309 1193 366 probitatis
1212 309 1455 366 praeceptis
1477 314 1595 353 tene-

110 391 206 423 ram
227 382 419 422 mentem
438 378 695 423 imbuerem.

189 513 444 572 christoph.
464 514 685 558 Cellarius
703 515 751 557 in
771 513 904 557 Curis
923 513 1242 570 posterioribus
1263 512 1319 556 de
1340 513 1511 557 Barba-

719 583 885 636 rismis,
907 585 987 626 &c.

167 661 407 720 Phaedrus,
422 666 622 723 Augusti
644 668 864 721 Libertus,
886 667 1072 711 Tiberio
1092 681 1231 724 remp.
1249 668 1594 721 administrante,

112 737 265 794 Sejani
286 737 409 789 odi0,
429 737 609 780 fortuna
628 738 823 781 adversa
844 738 1142 790 conflictatus,
1163 738 1344 794 scripsit
1377 738 1596 794 politissi-

108 819 210 851 mas
226 805 430 850 Fabulas
446 810 543 849 tum
560 807 716 850 ultioni
731 807 815 859 sui,
831 811 927 849 tum
943 807 1078 850 etiam
1094 807 1270 859 solatio,
1287 806 1410 862 quod
1428 809 1596 850 utrum-

110 889 198 932 que
218 889 277 918 ex
296 875 523 932 prooemio
545 875 645 919 Lib.
669 887 743 918 111.
763 880 966 933 apparet.
1027 875 1234 931 Scioppii
1262 875 1498 932 judicium,
1517 877 1597 933 qui

109 942 270 987 Infam.
289 958 395 1000 pag.
414 944 486 988 69.
521 946 567 987 in
599 944 796 988 Phaedro
828 946 984 988 nescio
1005 944 1114 1001 quid
1146 944 1326 987 barbari
1347 944 1598 988 subodora-

108 1015 195 1064 tur,
214 1025 302 1056 non
321 1012 464 1068 magis
484 1026 532 1056 se
553 1012 698 1056 doctis
719 997 944 1069 probavit,
967 1026 1103 1069 quam
1123 1013 1261 1065 illius,
1284 1013 1362 1070 qui
1387 1013 1434 1056 in
1463 1014 1597 1057 Livio

108 1078 399 1139 deprehendit
427 1081 800 1126 Patavinitatem.
861 1078 1123 1139 Principem
1150 1095 1254 1137 ergo
1277 1082 1459 1125 locum
1446 1094 1491 1124 m
1509 1082 1597 1126 hoc

108 1150 280 1213 sarculo
299 1153 344 1194 et
363 1151 619 1208 proximum
648 1149 806 1195 Poetis
826 1149 1084 1207 Augusteis,
1103 1164 1195 1194 non
1222 1154 1394 1195 tantum
1423 1156 1596 1208 tempo-

107 1218 376 1274 amatione,
397 1234 488 1278 quo
507 1221 641 1281 vixit,
663 1221 744 1264 sed
766 1221 899 1264 etiam
920 1220 1027 1277 styli
1049 1223 1221 1273 ornatu,
1250 1234 1387 1276 quem
1408 1219 1596 1264 Fab'ulis

107 1288 344 1345 expressit,
359 1288 459 1346 ⁸iure
476 1289 568 1346 ipsi
587 1290 838 1346 meritoque
856 1289 1150 1345 assignamus.

280 1410 358 1456 Jo.
379 1410 592 1456 Albertus
613 1412 854 1456 Fabricius
873 1413 919 1457 in
940 1411 1226 1457 Bibliotheca
1245 1412 1423 1457 Latina.

166 1501 386 1547 Phaedrus
405 1478 577 1560 Thrax,
605 1503 798 1559 Augusti
828 1503 1119 1561 Imperatoris
1155 1503 1378 1566 Libertus,
1406 1504 1492 1564 sub
1518 1504 1598 1547 Ti-

106 1570 233 1615 berio
265 1572 542 1628 Imperatore
574 1573 780 1616 versibus
815 1572 1006 1616 senariis
1045 1571 1332 1616 suavissimis
1367 1573 1597 1628 expressit

106 1637 247 1684 libros
266 1641 463 1698 quinque
485 1640 760 1685 Fabularum
779 1641 1083 1698 AEsopiarum.

189 1773 362 1820 Paulus
381 1773 662 1820 Golomesius
682 1777 729 1820 in
746 1775 1228 1820 Animadversionibus
1247 1775 1306 1819 ad
1326 1775 1518 1832 Gyraldi

510 1845 822 1889 Dia1.v11.de
844 1845 1008 1902 poetis,
1030 1860 1077 1901 p.
1096 1845 1196 1888 402.

109 1911 478 2024 ᾶῐιξθῐβίεείωυε
492 1913 569 1957 ille
604 1913 881 1958 Fabularum
912 1915 1207 1971 AEsopiarum
1237 1913 1434 1957 imitator
1463 1912 1597 1957 Phae-

389 2105 648 2150 Phaedrus
635 2120 736 2163 ipse
757 2106 812 2149 de
832 2120 880 2149 se
899 2106 977 2150 lib.
999 2117 1046 2149 v.
1063 2105 1159 2149 fab.
1179 2106 1220 2150 6.
1241 2105 1317 2150 42.

226 2220 343 2229 -—
365 2197 532 2242 chartis
551 2211 711 2241 nomen
729 2198 954 2242 victurum
973 2199 1101 2251 meis,

226 2265 401 2310 Latinis
422 2265 528 2310 dum
546 2267 749 2310 manebit
764 2268 958 2323 pretium
977 2267 1130 2311 literis.

207 2398 458 2454 Particulo,
479 2401 665 2458 aliique,
688 2402 745 2446 de
785 2404 949 2459 quibus
970 2403 1192 2449 Phaedrus
1213 2405 1333 2449 Prol.
1367 2404 1444 2448 lib.
1464 2416 1508 2447 v.

164 2486 355 2553 Yestras
374 2487 421 2531 in
441 2489 622 2532 chartas
643 2490 780 2533 verba
799 2489 1050 2534 transfertis
1070 2504 1186 2534 mea.

430 2614 654 2669 Martialis
675 2637 749 2668 111.
780 2626 915 2683 Epig.
937 2627 1009 2670 20.
1040 2626 1095 2670 de
1116 2626 1274 2670 Canio.

169 2712 243 2758 An
263 2714 498 2759 aemulatur
515 2715 708 2772 improbi
722 2715 857 2772 jocos
879 2716 1092 2761 Phaedri‘?
