1806 3236
424 198 628 234 rnAEmu
661 197 774 231 ΕΑΒ.
805 197 1112 231 AEsomARuM
1146 197 1247 231 ms.
1279 187 1430 233 111.,2.

1577 188 1663 232 487

742 462 1005 508 FABULA
1047 462 1115 507 II.

221 611 245 643 2
261 608 424 642 Panthera
437 608 634 652 imprudens]
672 607 755 641 vid.
773 607 898 642 Came·

180 666 251 695 rur.
267 671 304 704 p.
322 664 399 695 195.
423 661 505 702 Rig.

225 712 427 758 Inprudens]
463 712 680 756 Improvidn,
695 721 766 746 non
783 711 896 755 provi-

179 765 267 799 dens
282 769 321 799 et
341 765 603 807 circumspecta.
631 763 740 802 Schef.

224 820 245 850 ³
271 815 442 858 Agrmes]
477 815 534 849 Ita
550 815 664 849 solent
677 825 744 858 pro
758 814 896 848 rusticis

180 877 313 911 ponere
327 867 442 911 poetae
462 872 502 901 et
517 867 687 901 historici.
725 867 807 901 Vid.
820 867 896 899 Liv.

180 926 331 953 xxxvu.
341 922 396 953 29.
418 919 530 953 Tacit.
541 918 633 952 Ann.
645 928 697 952 ιν.
707 921 765 953 45.
790 918 895 952 Ovid.

180 971 271 1004 Met.
286 980 339 1004 vr.
354 973 431 1005 122.
443 975 481 1004 et
494 973 572 1004 349.
588 975 625 1004 et
641 970 714 1005 alii.

224 1021 428 1064 congerunt]
471 1021 554 1055 scil.
580 1021 616 1054 in
654 1031 744 1064 eam,
774 1020 896 1054 verbe-

178 1078 307 1108 rantes.
349 1073 409 1107 Its
417 1073 553 1107 Seneca
561 1072 597 1105 in
607 1072 725 1115 OEdip.
737 1081 789 1106 nr.
801 1081 850 1106 sc.
862 1075 895 1105 8.

176 1126 189 1144 ⁴
204 1125 404 1168 congerite,
425 1124 531 1168 cives,
555 1130 640 1157 sexa
665 1124 702 1157 in
729 1123 894 1157 infestum

175 1175 310 1220 “pat''
337 1175 450 1216 &hess

219 1231 242 1262 4
263 1228 335 1262 Aut
348 1226 496 1270 onerant]
534 1227 586 1261 Ut
604 1226 719 1260 'versui
734 1227 894 1261 consule-

175 1284 245 1323 tur,
258 1280 394 1314 mallem
411 1279 468 1313 1113
488 1283 641 1313 mant.-
661 1286 742 1312 nam
765 1279 816 1312 ita
831 1280 894 1312 ali·

173 1333 312 1377 qnando
340 1336 478 1366 veteres
498 1335 577 1374 post
601 1334 611 1351 ⁸
625 1328 749 1373 Alios,'
769 1332 780 1350 ‘
796 1331 891 1365 Hos'

174 1384 232 1418 vel
263 1384 276 1402 ‘
297 1381 400 1418 mos’
438 1381 639 1426 subjiciunt.
701 1381 771 1415 Alii
807 1392 891 1416 vero

174 1437 380 1482 bisynabum
394 1436 524 1480 facere,
534 1447 603 1470 non
616 1437 746 1480 placet.
773 1437 891 1470 Burm.

217 1488 292 1522 Alii
324 1491 456 1522 numni
488 1488 591 1530 macie,
623 1488 752 1530 quidam
782 1491 894 1521 eontra

173 1539 327 1583 adserui]
344 1541 397 1574 Ut
407 1545 527 1574 versus
537 1543 690 1581 constet,
701 1539 892 1582 requiritur

175 1591 212 1624 in
239 1591 352 1634 prima
375 1590 458 1625 sede
493 1605 622 1625 „„„„„
668 1592 728 1624 imi
745 1594 824 1631 ihre,-
847 1601 892 1624 ex

173 1642 240 1676 hoe
276 1645 395 1676 nutem
430 1641 508 1677 loco
544 1643 692 1687 probare
730 1644 806 1676 vult
837 1643 892 1675 vir

173 1694 312 1736 doctns’,
327 1695 446 1729 nescio
466 1705 534 1740 qua
547 1700 725 1739 permotus
745 1695 892 1738 ratione,

171 1743 359 1779 secundam
374 1746 410 1780 in
423 1749 535 1780 cmm
550 1746 690 1789 corripi.
716 1747 802 1779 Gud.

217 1797 378 1841 Onna-t]
406 1798 554 1842 Petunt,
579 1799 740 1832 multant.
767 1799 887 1833 Plaut.

171 1848 329 1892 Amphit.
342 1854 414 1884 act.
426 1860 453 1883 ι.
465 1861 514 1884 sc.
529 1853 562 1884 1.
586 1850 597 1869 ‘
610 1849 818 1883 Onerandus
834 1855 890 1884 est

171 1902 298 1944 pugnis
314 1900 448 1945 probel
473 1902 586 1934 Porro
601 1901 715 1935 locum
731 1902 822 1934 hunc
838 1902 889 1936 sic

172 1956 338 1995 oportere
353 1952 481 1995 accipi,
494 1951 600 1985 docet
622 1961 786 1996 sequens,
799 1962 888 1986 nemo

170 2003 312 2036 lederet.
341 2002 459 2037 Schef.
630 2007 632 2009 ·

217 2053 356 2096 Contra]
387 2055 442 2086 Ex
456 2054 523 2087 hoc
546 2054 625 2087 loco
645 2054 793 2096 probare
812 2055 888 2088 vult

170 2103 225 2137 vir
239 2104 376 2146 doctus,
386 2105 506 2137 nescio
518 2115 587 2148 qua
599 2109 776 2148 permotus
788 2115 888 2138 caus-

171 2163 223 2196 sa,
245 2155 281 2187 in
304 2158 415 2188 contra
437 2156 592 2188 nltimam
615 2156 721 2189 etiam
744 2157 885 2200 corripi.

171 2206 308 2240 Praecla.
341 2207 400 2240 Ita
415 2212 452 2240 et
467 2207 633 2240 Manilius
647 2217 691 2241 11.
701 2211 778 2241 253.
805 2209 886 2242 Cou-

170 2258 352 2298 1rajac‘m.
396 2258 478 2291 Vid.
493 2259 596 2291 Voss.
613 2259 690 2292 Art.
709 2258 826 2292 Graiu·
843 2270 886 2294 11.

169 2311 225 2343 24.
247 2308 309 2342 sed
323 2309 379 2343 hic
394 2308 493 2342 nihili
515 2314 571 2343 est
592 2310 652 2343 illa
674 2310 884 2345 observatio.

169 2360 287 2394 lenm.

213 2416 235 2445 5
247 2411 426 2454 Peritum]
457 2411 539 2446 Vid.
558 2413 601 2446 ad
617 2414 763 2448 Petron.
778 2423 883 2449 cxix.

212 2467 236 2496 6
247 2463 445 2505 Sustinent]
474 2464 640 2498 Servaret
653 2466 782 2507 vitam
805 2473 884 2500 nam

168 2515 324 2548 matinen
338 2520 406 2557 est,
429 2519 566 2558 tenere,
585 2527 629 2550 ne
653 2517 790 2551 scilicet
816 2519 884 2552 dis·

166 2566 286 2600 cedat.
335 2567 476 2600 Livius:
521 2568 531 2586 ‘
561 2568 695 2602 Milites
724 2568 884 2603 fluviatili

168 2619 267 2662 pisce
282 2623 320 2653 et
334 2619 451 2653 herbis
466 2621 748 2656 sustinebantur!
774 2622 884 2664 Schef.

167 2671 250 2705 vid.
267 2672 311 2705 ad
329 2671 436 2705 Ovid.
453 2673 566 2716 Epist.
581 2683 607 2708 1.
625 2677 699 2709 114.

211 2722 391 2757 &cineret
414 2725 579 2768 spiritum]
624 2725 725 2760 Infra
742 2726 803 2761 lib.
831 2737 884 2761 ιν.

169 2777 179 2794 ‘
203 2775 282 2810 Quo
307 2780 556 2819 paupertatem
585 2778 774 2812 sustineret
798 2777 882 2812 faci-

170 2824 259 2859 lius!
283 2826 364 2868 Εἰς.

991 608 1012 638 8
1025 605 1128 643 Quasi
1140 604 1315 647 inventuri]
1328 604 1473 638 Terent.
1488 604 1580 639 And.
1594 614 1618 638 r.
1635 608 1666 639 1.

949 659 1024 690 121.
1061 658 1072 675 ‘
1089 656 1148 689 Ita
1161 659 1235 689 tum
1247 656 1391 689 discedo
1407 656 1451 689 ab
1466 656 1540 697 illo,
1552 660 1592 689 nt
1605 657 1667 699 qui

948 718 987 742 se
1009 708 1118 741 filiam
1141 712 1248 750 neget
1273 707 1458 742 daturum?
1502 707 1666 741 Notanda

947 760 1094 794 Latialis
1108 759 1276 793 sermonis
1292 759 1504 803 proprietas.
1529 760 1666 794 Praulo.

990 817 1012 846 9
1037 812 1181 856 Refecit]
1208 812 1307 845 Pane
1323 812 1459 845 scilicet
1481 814 1520 844 et
1534 811 1665 855 quiete.

946 864 1004 898 Sic
1016 865 1027 883 ‘
1041 864 1204 898 Reficere
1215 865 1380 907 jumenta
1390 863 1401 878 '
1424 863 1515 897 dixit
1525 863 1665 907 Nep.in

946 917 1112 950 Eum.1x.
1137 915 1246 960 Schef.

989 968 1135 1010 Refecit]
1164 968 1233 1002 Ms.
1247 968 1365 1012 reficit.
1396 967 1490 1001 Gud.

991 1023 1033 1053 10
1061 1020 1165 1054 Veloci
1188 1019 1289 1061 saltu]
1327 1020 1387 1052 Sic
1404 1019 1530 1052 Horat.
1547 1017 1664 1061 Epo-1.

946 1074 1039 1104 xvir.
1063 1071 1075 1090 ‘
1089 1071 1259 1104 Toxicum
1275 1070 1451 1104 velocius:
1479 1069 1597 1102 Heius.

988 1120 1108 1164 Fovea]
1150 1123 1237 1164 Pro,
1267 1131 1289 1155 a
1311 1121 1426 1155 fovea.
1472 1122 1665 1164 Eleganter

944 1178 1061 1207 autem
1086 1174 1212 1216 liberae,
1242 1174 1324 1217 quia
1350 1173 1398 1206 ibi
1425 1177 1502 1206 erat
1530 1176 1663 1216 capta;

943 1229 1027 1261 saltu
1037 1228 1152 1261 liberat
1167 1228 1290 1271 [sese]‚
1311 1227 1334 1260 i.
1350 1237 1383 1261 e.
1399 1227 1527 1261 exsilit.
1551 1227 1664 1268 Schef.

944 1280 1004 1314 Sic
1026 1280 1217 1314 ‘Liberat-e
1240 1289 1358 1312 ensem
1382 1277 1530 1322 vagina‚’
1553 1279 1662 1313 ovid.

944 1333 1092 1366 Met.v1.
1104 1336 1181 1366 551.
1196 1331 1287 1365 Vide
1299 1331 1343 1364 ad
1354 1330 1496 1364 Petron.
1508 1334 1662 1364 cxxxvi.

987 1386 1094 1418 Fovea
1103 1395 1135 1418 se
1144 1384 1273 1426 liberae]
1286 1382 1518 1417 Latinissime.
1535 1383 1662 1417 Cicero

943 1435 988 1469 de
1023 1437 1108 1470 Nat.
1147 1436 1198 1468 D.
1238 1436 1297 1469 lib.
1321 1445 1362 1468 11.
1415 1435 1425 1453 ‘
1442 1435 1529 1468 Cum
1552 1444 1662 1468 cavea

942 1487 1081 1520 liberati
1103 1486 1215 1530 pulli.²
1254 1486 1456 1520 Macrobius
1474 1487 1616 1520 Saturn.
1633 1496 1661 1520 ι.

942 1547 1021 1580 cap.
1038 1541 1092 1571 16.
1125 1538 1136 1556 ‘
1153 1538 1190 1571 Si
1207 1538 1269 1571 bos
1291 1538 1327 1570 in
1354 1548 1497 1580 specum
1513 1538 1661 1571 decidis-

943 1593 1010 1631 set,
1038 1599 1184 1633 eumque
1213 1590 1464 1632 paterfamilias
1495 1590 1659 1623 adhibitis

940 1641 1057 1684 operis
1072 1640 1282 1675 liberasset.²
1314 1641 1402 1674 Gud.

985 1695 1025 1726 11
1051 1694 1094 1726 Ιη
1120 1693 1237 1736 cubile]
1275 1694 1354 1727 Hoc
1381 1698 1449 1737 est,
1472 1693 1658 1727 latibulum

939 1742 1102 1778 ferarum.
1137 1745 1233 1778 Hinc
1246 1746 1483 1788 metaphorice
1504 1756 1526 1778 a
1540 1756 1579 1779 re
1602 1755 1660 1779 ve·

938 1797 1074 1829 natoria
1086 1796 1097 1815 ⁴
1106 1797 1243 1831 Cubilia
1251 1807 1434 1830 causarum
1444 1797 1454 1813 '
1467 1798 1566 1831 dicta
1576 1802 1659 1831 sunt

940 1848 1115 1891 Ciceroni,
1153 1854 1192 1882 et
1227 1849 1412 1883 Ammiano
1449 1850 1657 1884 Marcellino

939 1899 999 1933 lib.
1024 1909 1114 1933 xxx.
1165 1901 1175 1919 ‘
1191 1900 1351 1943 Vestigia
1376 1902 1533 1944 sagacius
1559 1902 1656 1935 colli-

939 1950 1066 1992 gendo,
1080 1956 1120 1984 ut
1134 1952 1297 1993 Spartani
1313 1962 1417 1985 canes
1438 1957 1500 1986 aut
1520 1953 1658 1995 Cretes,

940 2002 983 2034 ad
1007 2002 1082 2044 ipsa
1104 2003 1235 2036 cubilia
1248 2005 1431 2046 pervenire
1451 2008 1656 2038 causarum.'

939 2052 1012 2085 Rit-

985 2103 1115 2136 Com-ito
1137 2104 1259 2146 gradu]
1295 2104 1464 2148 Apuleius
1480 2106 1581 2143 Asin.
1598 2116 1652 2141 rx.

938 2154 948 2172 ‘
966 2154 1114 2187 Concito
1131 2155 1241 2197 gradu
1256 2155 1422 2190 festinat!
1447 2158 1554 2198 Schefi

984 2207 1022 2238 12
1045 2206 1214 2247 Provolat]
1253 2207 1368 2240 Cubili
1389 2218 1439 2242 sc.
1465 2210 1577 2243 Notat
1599 2210 1653 2243 hic

935 2256 1104 2300 impetum
1120 2258 1163 2290 ob
1178 2258 1236 2290 irae
1252 2257 1417 2293 furorem.
1455 2261 1566 2301 Schcf.

981 2312 1022 2343 14
1045 2310 1152 2352 Iraeo]
1176 2311 1420 2352 Lege,iterato.
1443 2314 1501 2346 Sic
1515 2313 1587 2349 fab.
1597 2318 1652 2349 88.

935 2363 946 2381 ‘
959 2362 1115 2395 Iteratur
1130 2362 1238 2394 illud!
1264 2363 1381 2396 Heins.

980 2417 1020 2447 15
1057 2414 1128 2447 Sibi
1152 2415 1311 2457 timentes]
1358 2415 1527 2459 Apuleius
1553 2418 1651 2454 Asin.

934 2466 991 2499 lib.
1024 2475 1088 2499 vn.
1136 2467 1146 2484 ‘
1176 2467 1250 2499 Sibi
1278 2468 1422 2512 quisque
1453 2474 1652 2507 metuentes

935 2517 1227 2551 delitescebant?
1266 2525 1302 2552 et
1328 2520 1391 2554 lib.
1416 2529 1441 2554 1.

935 2574 1094 2603 metuens
1109 2571 1214 2604 mihil
1241 2571 1346 2611 Schcf.

979 2625 1022 2655 16
1045 2622 1145 2654 Haud
1172 2625 1334 2666 recusant]
1373 2625 1472 2659 Haud
1496 2637 1651 2673 recusare,

934 2683 1002 2706 non
1015 2679 1083 2716 est,
1093 2675 1197 2715 velle,
1209 2675 1272 2707 sed
1286 2685 1387 2719 aequo
1400 2679 1512 2712 animo
1524 2679 1651 2724 subire,

934 2725 1073 2768 majoris
1089 2725 1169 2758 boni
1185 2727 1309 2768 gratia.
1355 2729 1494 2764 Cornel.
1508 2731 1601 2775 Nep.
1614 2733 1649 2766 in

934 2778 1059 2819 Epem.
1090 2787 1165 2819 cap.
1198 2781 1230 2811 8.
1275 2780 1285 2797 ⁴
1310 2779 1435 2823 Neque
1460 2783 1648 2825 recusavit,

934 2839 1001 2872 quo
1014 2829 1218 2873 minuslegis
1225 2840 1362 2875 poensm
1369 2833 1526 2869 subiret.'
1542 2835 1651 2877 Schef.

1479 2523 1489 2540 ‘
1513 2524 1652 2558 Eximie
