1806 3236
227 192 295 237 ⁹78?
516 202 717 237 nummu
750 202 1064 237 naumann
1094 201 1394 238 assummum

284 299 428 344 Ovem
444 301 627 356 rogabat
647 300 820 343 Cervus
838 275 1038 343 modium
1057 300 1204 353 tritici,

226 438 318 472 tiam.
364 438 482 471 Cervus
491 437 618 480 petebat
631 437 670 470 ab
687 439 755 471 Ove
776 438 911 484 modium
925 437 1084 479 frumenti
1098 448 1213 481 sponsu
1231 437 1316 480 lupi:
1345 438 1398 470 sed
1412 436 1493 480 '‘a’'
1508 435 1691 480 m

1017 536 1078 548 m

227 607 297 639 qua
310 597 408 630 verbi
422 597 682 639 significatione,
709 599 802 640 apud
826 599 1039 641 Ciceronem,
1062 595 1277 641 Terentium,
1294 599 1378 631 alios
1400 608 1467 630 non
1484 595 1559 632 raro
1575 597 1691 641 obvia,

228 641 443 673 Burmannus
459 641 575 672 laudat
601 640 721 672 Heius.
739 641 781 673 ad
790 664 801 682 ς
810 641 914 676 Ovid.
929 642 973 677 A.
988 642 1031 676 A.
1046 652 1074 676 ι.
1098 653 1149 675 νβ.
1169 645 1245 675 687.
1259 647 1296 675 et
1313 642 1447 674 Victor.
1464 641 1507 673 ad
1523 641 1596 674 Cic.
1610 639 1689 674 Att.

226 692 263 716 v.
280 683 345 724 Ep.
364 686 396 715 1.
441 683 543 715 Hunc
557 684 588 714 in
605 693 701 729 usum
717 684 841 716 adduci
858 695 992 728 quoque
1008 686 1094 717 solet
1122 695 1166 718 ex
1191 687 1289 719 Tusc.
1305 686 1438 718 Quaest.
1459 693 1516 716 ιιι.
1532 685 1542 702 ‘
1561 683 1692 726 aliquid

226 725 402 758 videamus
422 725 512 765 cibi,’
543 726 600 757 ubi
623 726 656 757 in
683 727 932 759 recentioribus
956 727 1174 760 Editionibus
1206 732 1259 760 est
1283 729 1507 768 provideamus.
1551 726 1619 759 Sed
1645 725 1690 759 de

227 768 380 801 lectionis
397 769 541 809 vulgatae
566 769 710 800 veritate
726 770 851 801 merito
868 770 930 801 viri
946 770 1042 802 docti
1057 770 1228 802 dubitant.
1272 779 1379 801 nomen
1393 770 1494 801 locare
1509 769 1572 801 hoc
1587 777 1699 802 sensu

225 810 410 843 insolitum.
454 811 634 852 Sponsoris
650 811 739 843 enim
755 812 872 853 potius
897 816 965 853 est,
980 822 1080 855 quam
1105 812 1176 844 veri
1191 812 1368 844 debitoris.
1412 812 1480 843 Vix
1497 811 1580 844 alias
1594 810 1691 847 iuveq

226 854 320 886 nitur
336 853 379 885 de
394 853 548 885 debitore
562 864 572 893 ;
596 858 649 886 est
661 854 749 886 enim
763 864 826 896 pro
835 854 902 887 alio
914 864 1035 887 nomen
1047 865 1143 887 suum
1160 855 1336 897 profiteri;
1357 853 1482 886 deinde
1496 853 1692 887 malavidere

226 899 322 929 recte
337 901 545 937 suspectum,
561 906 625 928 nec
642 897 723 929 satis
740 897 900 929 Latinum
921 897 1032 930 videri
1060 902 1185 940 potest.
1230 898 1345 935 Quare
1370 898 1479 929 tutius
1505 895 1691 930 videbatur

228 938 366 980 Kohlio,
390 940 501 970 locum
525 939 575 971 ita
598 938 793 980 explicare:
828 950 899 972 cum
921 939 1091 980 fraudator
1117 942 1199 972 locat
1224 938 1452 983 (commodat)
1472 945 1691 972 mensuum

223 981 354 1023 (alteri,
379 986 533 1013 mutuum
560 982 686 1023 aliquid
715 982 883 1024 sumturo)
915 992 1029 1024 sponsu
1050 983 1186 1025 improbo
1218 983 1416 1025 (sponsione
1442 981 1693 1024 fraudulenta)

225 1034 287 1056 non
315 1033 380 1056 rem
405 1025 565 1065 expedire,
596 1024 764 1065 (debitum
794 1035 815 1058 a
843 1025 1002 1057 debitore
1026 1035 1094 1058 non
1124 1026 1271 1058 solutum
1297 1025 1493 1067 dependere
1518 1023 1691 1066 fidemque

228 1076 325 1099 suam
340 1065 515 1108 liberare,)
535 1069 590 1098 sed
614 1068 695 1099 mula
714 1068 820 1099 videre
843 1069 965 1109 expetit
997 1069 1057 1111 (ex
1082 1069 1234 1108 alterius,
1260 1068 1457 1108 creditoris,
1477 1066 1692 1100 incommodo

226 1118 324 1142 suum
347 1119 548 1150 comparare
573 1110 628 1141 vel
653 1110 877 1151 commodum,
904 1112 957 1142 vel
984 1111 1145 1152 gaudium
1172 1110 1314 1152 studet).
1359 1110 1469 1144 Quam
1484 1110 1694 1152 interpreta-

226 1151 355 1184 tionem
375 1152 524 1184 illustrat
540 1153 653 1185 verbis
669 1153 742 1186 Cic.
768 1153 917 1185 in‘Verr.
933 1163 983 1185 ιν.
1006 1157 1060 1186 42.
1082 1156 1092 1172 ‘
1110 1163 1230 1185 nomen
1248 1163 1344 1185 suum
1357 1152 1460 1185 alicui
1475 1151 1692 1185 commodare

227 1194 270 1226 ad
296 1194 555 1227 translationem
582 1195 754 1235 criminis‚'
786 1195 893 1235 (eines
918 1196 1048 1228 andern
1076 1196 1299 1228 Verbrechen
1331 1195 1395 1229 auf
1415 1195 1487 1228 sicli
1516 1193 1694 1270 nehmff.

226 1237 342 1276 Etiam
358 1237 411 1270 cl.
426 1238 616 1271 Tzschuck.
634 1239 806 1279 vulgatam
831 1238 1015 1270 lectionem
1038 1238 1121 1270 ferri
1136 1248 1238 1280 posse
1262 1243 1373 1280 putat,
1385 1238 1412 1269 si
1427 1235 1624 1279 itaex'pliee
1645 1239 1647 1241 ’
1664 1244 1695 1279 r,
1718 1269 1719 1272 ,

227 1285 267 1312 ut
282 1279 460 1312 fraudator
475 1281 520 1313 sit
534 1290 601 1313 non
617 1281 768 1321 debitor,
783 1290 917 1322 cervus,
930 1281 991 1314 sed
1015 1291 1170 1323 sponsor,
1191 1283 1212 1315 i.
1235 1291 1268 1314 e.
1284 1283 1398 1323 lupus,
1412 1281 1471 1324 qui
1483 1279 1694 1326 cervolum}

226 1323 289 1355 bat
301 1332 424 1355 nomen
441 1333 538 1355 suum
564 1324 720 1365 improba
746 1324 941 1365 sponsione.
985 1325 1217 1358 Tzschuckius
1244 1324 1407 1365 conjicit:
1441 1323 1624 1356 Fraudator
1636 1332 1694 1361 neq

225 1375 297 1398 naen
309 1375 379 1397 cum
392 1369 482 1398 vocat
495 1376 638 1407 sponsum
664 1366 849 1408 improbum,
870 1367 932 1407 ita,
948 1372 987 1398 ut
1003 1367 1174 1409 improbum
1198 1367 1422 1409 conjungatur
1437 1375 1515 1398 cum
1529 1368 1630 1408 ucat,
1654 1368 1693 1399 et

225 1418 628 1494 ’fffflssuioffim'i'iiffl
641 1409 708 1483 ⁸3¹
729 1409 1033 1485 &⁰2⁰⁰:32ffl5‘2131
1043 1409 1694 1494 ”2³¹{23ffi't1‘3‘z‘510‘522204'2‘21ffi

510 1475 519 1491 '
633 1474 642 1484 Ι
704 1476 712 1485 n
758 1475 766 1484 Ι
811 1475 820 1485 0
917 1476 925 1485 0
1038 1476 1046 1485 ο
1087 1476 1096 1485 0
1165 1475 1173 1484 0

226 1494 370 1533 mederi,
385 1498 423 1526 ut
440 1495 589 1530 retineat
605 1495 792 1536 vulgatam,
808 1495 874 1527 nisi
900 1495 990 1538 quod
1017 1505 1066 1527 vs.
1083 1499 1114 1528 2.
1131 1495 1164 1526 in
1180 1494 1248 1527 fine
1265 1495 1359 1536 legat
1373 1495 1513 1536 expedit,
1527 1493 1621 1536 quod
1636 1497 1693 1527 est

226 1537 263 1568 in
278 1536 362 1569 Cod.
380 1537 471 1569 Pith.
489 1547 551 1578 pro
567 1539 700 1577 expetit,
714 1537 779 1569 hoc
796 1547 920 1570 sensu:
950 1537 1052 1571 Wenn
1067 1539 1118 1570 ein
1141 1538 1303 1577 Betriiger
1319 1538 1401 1570 Geld
1415 1536 1600 1576 aufnehmen
1613 1536 1693 1578 nom,

226 1580 289 1611 und
304 1580 391 1611 einen
406 1579 657 1620 betriigerischen
673 1579 806 1620 Biirgen
819 1581 916 1620 stelit,
930 1582 1014 1612 daun
1024 1581 1109 1612 wiire
1124 1590 1156 1611 es
1169 1581 1241 1612 sehr
1253 1581 1385 1621 unlaug,
1398 1579 1466 1612 sein
1493 1578 1694 1618 (ἳσῌήἰψ

226 1622 358 1659 zahlen3
379 1623 458 1662 klug
468 1623 616 1654 vielmehr
640 1622 684 1654 ist
696 1633 740 1662 es,
755 1624 814 1654 den
837 1623 962 1663 Betrug
975 1633 1013 1655 zu
1027 1624 1165 1662 mer-ken,
1178 1623 1246 1655 sich
1257 1633 1312 1655 vor
1329 1622 1474 1655 Schuden
1487 1622 1553 1655 und
1569 1620 1693 1661 Gefahr

226 1674 265 1696 zu
279 1665 383 1697 lamma.
427 1666 450 1698 J
455 1675 507 1696 am
523 1666 604 1696 olim
632 1665 765 1697 Gudius
782 1675 830 1698 vs.
857 1669 888 1698 2.
904 1667 947 1698 ad
974 1666 1182 1698 creditorem
1210 1665 1380 1706 trahebat,
1410 1665 1530 1707 legens
1554 1663 1694 1706 expedit,

227 1716 290 1748 pro
305 1708 437 1748 expetit,
452 1708 547 1749 quasi
564 1707 727 1740 creditori
742 1717 810 1740 non
825 1709 911 1740 utile
926 1713 1030 1748 esset,
1045 1708 1209 1750 expedire
1235 1708 1429 1749 pecuniam,
1441 1708 1462 1740 i.
1477 1716 1508 1740 e.
1522 1706 1607 1739 dare
1621 1715 1695 1740 mu-

227 1754 322 1781 tuam
337 1749 539 1791 fraudatori,
552 1760 716 1790 sponsore
732 1751 901 1792 improbo.
944 1750 1014 1782 Sed
1030 1760 1096 1782 non
1114 1751 1185 1783 sine
1201 1760 1306 1782 causa
1321 1747 1447 1782 accedo
1468 1749 1550 1782 viris
1566 1748 1692 1790 doctis,

226 1793 425 1824 Burmanno
440 1798 476 1824 et
491 1793 622 1824 Beckio
642 1793 686 1826 V.
701 1794 741 1825 C.
757 1793 831 1835 (De
846 1793 1036 1835 Interpret.
1064 1793 1144 1825 Vet.
1161 1803 1195 1835 p.
1213 1792 1283 1833 86.)
1315 1785 1437 1834 quibus
1463 1792 1626 1834 displicet
1641 1789 1692 1824 iu-

227 1838 328 1876 grata
353 1836 411 1867 illa
436 1835 533 1867 verbi
551 1836 677 1876 expedit
703 1835 879 1876 repetitio.
923 1835 1144 1876 Ineleganter
1170 1834 1326 1876 profecto
1351 1835 1494 1867 dixisset
1509 1833 1692 1876 Phaedrus,

225 1887 292 1910 rem
305 1878 451 1919 expedire
465 1887 534 1910 non
549 1879 676 1919 expedit
685 1889 698 1916 ,·
732 1877 798 1910 etsi
823 1877 938 1910 Gudio
959 1878 994 1910 in
1015 1878 1135 1910 nativa
1156 1877 1254 1920 hujus
1269 1877 1366 1910 verbi
1381 1876 1628 1919 significatione
1641 1877 1694 1910 lu-

227 1920 311 1952 sisse
335 1921 529 1953 videbatur.
572 1921 713 1953 Placuit
733 1924 848 1952 tamen
873 1921 950 1952 haec
976 1921 1080 1953 lectio
1107 1920 1314 1962 Bipontinis,
1330 1920 1387 1962 qui
1413 1922 1501 1952 hunc
1517 1920 1627 1952 locum
1643 1919 1693 1953 ita

227 1963 442 1996 constituunt
455 1974 463 1996 :
488 1964 668 1996 Fraudator
681 1963 818 1995 homines
837 1973 906 1995 cum
919 1963 1023 1995 aditet
1035 1973 1178 2004 sponsore
1191 1962 1343 2004 improbo,
1358 1963 1435 1996 Non
1447 1972 1514 1995 rem
1532 1961 1694 2004 eoepedir'e,

225 2006 281 2039 sed
296 2006 378 2038 mula
391 2006 496 2038 videre
509 2006 646 2047 expedit.
691 2005 753 2038 Cui
781 2006 922 2038 lectioni
947 2006 1013 2038 etsi
1037 2005 1156 2038 favent
1186 2005 1265 2038 libri
1288 2005 1423 2047 scripti,
1445 2005 1551 2038 verba
1566 2009 1695 2046 tamen,

227 2047 364 2081 hontines
378 2059 445 2081 cum
458 2049 575 2088 aditat,
588 2057 724 2081 sensum
740 2048 937 2080 duriuscule
952 2052 989 2081 et
1018 2048 1228 2089 subobscure
1252 2048 1447 2089 exprimere
1468 2047 1551 2080 mihi
1575 2045 1693 2079 viden-

228 2096 297 2124 tur.
342 2092 432 2123 Mihi
455 2091 594 2134 quidem
618 2091 819 2133 conjectura
844 2090 1045 2132 Burmanni,
1071 2101 1171 2133 quam
1201 2091 1334 2132 recepi,
1370 2090 1524 2131 inprimis
1552 2089 1692 2132 placet5

229 2142 304 2166 cum
318 2135 401 2166 satis
422 2144 530 2176 prope
545 2134 588 2165 ad
605 2135 722 2174 primae
738 2134 920 2175 scripturae
947 2133 1093 2175 vestigia
1109 2133 1264 2174 accedat,
1279 2138 1316 2165 et
1331 2133 1397 2165 ista
1412 2133 1561 2166 lectione
1576 2141 1693 2165 sensus

229 2176 369 2214 Phaedri
389 2181 548 2209 constare
571 2177 739 2209 videatur.
785 2177 939 2208 Eandem
965 2176 1145 2217 adoptavit
1171 2176 1360 2216 Bentleius,
1390 2180 1426 2208 et
1456 2172 1693 2216 Heusingerus

229 2228 304 2251 eam
321 2219 460 2260 reliquis
473 2219 679 2252 Criticorum
695 2217 837 2260 praefert
853 2219 1074 2260 conjecturis.
1119 2219 1174 2251 Sic
1200 2218 1271 2250 fere
1294 2219 1544 2259 Desbillonius,
1558 2217 1624 2267 ‚qui
1638 2219 1694 2254 ref?

230 2260 347 2302 cepit:
373 2262 551 2293 Fraudator
571 2262 707 2293 homines
723 2271 792 2293 cum
812 2262 941 2293 advocat
962 2270 1104 2302 sponsum
1125 2261 1289 2302 improbos,
1303 2260 1376 2293 Non
1391 2271 1455 2292 rem
1471 2261 1626 2303 experiare,
1638 2259 1694 2294 ud

230 2305 313 2335 mela
325 2305 431 2336 videre
451 2304 584 2346 expetit.
628 2305 758 2336 Contra
777 2304 966 2336 Brotierius
981 2303 1113 2335 edidit:
1138 2303 1317 2335 Fraudator
1330 2302 1468 2335 homines
1480 2312 1550 2334 cum
1563 2302 1695 2335 aduocat

229 2342 743 2422 3ssffi.2”i¹{'§⁶i1⁰izt·‘·÷m‘{5“
758 2347 870 2420 'i‘ieie’
892 2341 1585 2431 *35⁰²nstitui?&gewiziffhiffiffss
1610 2344 1692 2421 ἔξιῗῗ

233 2433 328 2464 ι’Ῑδδ.
343 2441 385 2464 ιι.
399 2399 479 2464 281³.v
487 2399 664 2473 colhpgl'ot.
675 2399 811 2470 Burgi.)
826 2398 895 2473 legi
909 2431 951 2472 ju
978 2434 1027 2470 et,
1041 2431 1120 2462 male
1133 2430 1245 2462 ridere.
1290 2431 1376 2464 Quoe
1391 2430 1494 2463 lectio
1515 2429 1692 2472 ingeniosa

232 2483 300 2507 non
307 2475 484 2516 displicet.
503 2474 661 2507 Graevius
672 2484 691 2506 e
704 2473 843 2506 Schedis
862 2475 953 2506 Dan.
970 2472 1153 2515 legendum
1168 2473 1362 2506 existimat:
1378 2473 1461 2505 mala
1474 2474 1549 2506 dare
1557 2471 1690 2515 expetit.

897 2586 1035 2621 NOTAE

234 2670 333 2717 [mala
360 2673 479 2715 videre]
508 2674 643 2716 expetit]
687 2674 810 2706 Sensus
836 2673 937 2706 istius
992 2671 1082 2704 enim
1106 2674 1181 2704 est:
1220 2671 1299 2703 Non
1327 2670 1462 2702 sincere
1490 2678 1605 2711 agere,
1629 2667 1691 2702 sed

234 2734 353 2756 versus
377 2729 430 2757 est
453 2725 699 2765 subobscurus;
730 2723 822 2756 aliud
848 2724 938 2756 enim
993 2722 1129 2766 aliquod
1144 2721 1360 2755 architectari
1374 2721 1500 2753 malum
1514 2720 1599 2754 vult.

235 2774 406 2824 significat
420 2785 520 2819 quam
546 2776 652 2817 verba
666 2778 800 2808 sonant.
842 2774 937 2807 Talis
