1806 3236
235 228 321 271 530

698 239 838 273 NOTAE
870 239 1136 273 vAmoRUM
1170 241 1223 273 IN

743 541 1000 587 FABULA
1047 542 1190 586 XIV.

276 689 427 722 Videtur
460 690 548 723 hanc
577 690 729 723 fabulam
762 690 940 732 scripsisse

234 740 403 773 Phaedrus
431 741 465 773 in
494 740 732 774 defensionem
758 742 843 774 Divi
867 740 940 774 Au-

236 791 341 832 gusti,
368 791 505 833 patroni
534 792 600 832 sni,
626 797 748 824 contra
777 791 939 835 quosdam

235 845 390 874 austeros
405 851 586 882 censores3
620 841 731 875 refert
750 843 841 875 enim
854 842 940 875 Sue-

234 891 348 924 tonius
371 891 406 924 in
432 892 506 934 ejus
531 893 603 925 vita
626 903 703 934 cap.
717 896 773 926 88.
797 894 807 912 ‘
825 892 941 926 Animi

234 942 373 975 laxandi
394 953 516 976 caussa
537 944 641 977 modo
666 944 866 986 piscabatur
884 944 942 976 ha-

235 1002 303 1035 mo,
317 993 418 1027 modo
434 995 513 1027 talis
534 999 595 1027 aut
615 996 770 1028 ocellatis
784 995 942 1028 nucibus-

235 1053 302 1086 que
318 1044 459 1078 ludebat
473 1055 549 1078 cum
566 1045 703 1087 pueris.²
728 1046 814 1079 Gud.

279 1098 298 1127 1
323 1095 498 1128 Puerorum
519 1097 554 1129 in
573 1096 666 1129 turba
680 1098 835 1130 ludentem
857 1097 943 1130 nuci-

236 1146 307 1189 bus]
351 1147 446 1180 Nota
468 1156 523 1179 res
549 1151 615 1189 est,
635 1157 759 1190 pueros
784 1147 943 1181 lusitasse

236 1197 393 1231 nucibus.
448 1198 539 1231 Vide
562 1199 742 1232 Erasmum
766 1199 802 1231 in
823 1199 943 1241 Expli-

235 1249 372 1280 catione
397 1249 571 1291 proverbii
598 1249 776 1282 Persiani:
801 1250 812 1269 ‘
827 1250 943 1283 Nuces

235 1299 430 1342 relinquere
443 1299 466 1338 ;'
502 1299 589 1332 Chil.
612 1309 638 1331 1.
665 1299 766 1332 Ceut.
791 1304 825 1332 5.
855 1300 943 1332 Pro-

236 1349 334 1382 verb.
349 1353 403 1382 35.
448 1350 586 1382 Deinde
601 1360 702 1392 quam
714 1350 813 1382 multi
828 1350 943 1383 claris-

237 1399 314 1432 simi
328 1400 394 1432 viri
416 1399 461 1432 ad
483 1401 578 1433 lusus
602 1410 682 1433 cum
705 1400 835 1443 pueris,
858 1410 943 1443 quos

237 1461 335 1485 caros
348 1451 534 1491 habebant,
548 1461 623 1484 sese
638 1451 851 1492 demiserint,
863 1451 943 1484 vide

237 1501 330 1544 apud
347 1503 491 1535 Petrum
509 1502 658 1535 Fabrum
674 1502 711 1534 in
736 1500 943 1544 praefatione

237 1551 443 1595 Agonistici.
496 1552 610 1584 Valde
627 1552 780 1584 suaviter
795 1552 946 1593 Symma-

238 1606 322 1639 chus
338 1606 404 1647 Ep.
417 1604 479 1637 lib.
492 1614 545 1637 ιν.
560 1607 614 1637 20.
636 1605 647 1623 ‘
665 1603 943 1646 Repuerascere’

237 1655 382 1699 (inquit)
403 1656 413 1674 ‘
431 1666 492 1688 nos
514 1657 628 1698 pietas
650 1655 768 1697 jubet,
790 1658 829 1688 ut
850 1655 946 1688 litte-

239 1717 354 1740 rarum
370 1707 584 1740 dulcedinem
609 1706 728 1738 liberis
753 1706 880 1738 nostris
900 1705 945 1738 la-

238 1758 301 1791 bor
325 1758 553 1799 participatus
576 1755 754 1789 insinuet:
796 1756 886 1788 Vide
908 1760 946 1788 et

238 1806 429 1840 Ausonium
444 1806 667 1847 Protreptico
690 1806 734 1838 ad
760 1805 946 1847 Nepotem.

239 1858 302 1890 Est
315 1862 431 1890 autem
456 1857 513 1889 hic
535 1856 785 1889 observandum
808 1857 946 1898 elegans

239 1909 435 1950 exemplum
447 1908 560 1940 Chriae
576 1907 772 1940 dramaticae
783 1907 838 1940 vel
850 1917 947 1949 prag-

238 1959 373 1992 maticae
389 1970 398 1992 ε
433 1959 487 1991 cui
504 1958 622 1991 similis
638 1961 694 1990 est
713 1957 773 1990 illa
795 1957 947 1999 Lycurgi

240 2010 464 2052 producentis
489 2010 524 2042 in
550 2008 661 2042 forum
676 2009 762 2041 duos
778 2018 892 2049 canes,
907 2012 947 2041 ut

240 2061 374 2094 civibus
402 2061 472 2093 suis
497 2061 764 2102 demonstraret,
784 2053 946 2101 quantam

239 2111 308 2144 vim
335 2111 481 2144 haberet
510 2111 671 2144 educatio
699 2110 733 2142 in
763 2113 946 2152 utramque

240 2167 385 2205 partem.
410 2163 497 2195 Riet.

285 2213 438 2254 Quidam]
459 2212 596 2250 Quidum
610 2211 750 2252 Atticus,
763 2215 831 2252 est,
843 2210 948 2244 Athe-

240 2264 366 2296 niensis
382 2263 542 2306 quidam:
566 2263 615 2295 sic
632 2266 748 2295 autem
764 2262 946 2305 loqueban-

242 2319 298 2348 tur
323 2315 367 2349 de
389 2314 528 2355 ignotis.
572 2313 710 2346 Cornel.
726 2313 762 2345 in
784 2313 890 2345 Paus.
915 2322 948 2346 c.

240 2369 273 2400 4.
295 2366 313 2383 θ
321 2365 467 2398 Interim
491 2364 628 2406 Argilus
651 2363 801 2406 quidam,
816 2363 947 2396 adoles-

240 2415 420 2450 centulus.'
444 2415 551 2455 Schef.

283 2467 456 2500 Ludentem
470 2463 633 2507 AEsopum]
678 2462 837 2496 Julianus
857 2463 946 2505 Imp.

242 2517 458 2550 Caesaribus:
487 2516 570 2556 Ἐγὼ
588 2513 622 2547 δὲ
641 2513 727 2555 ᾤμην
740 2512 798 2551 τὴν
814 2513 947 2554 παιδιὰν,

241 2567 346 2600 ἄνεσίν
359 2580 396 2599 τε
411 2566 486 2600 εἷναι
496 2569 553 2606 τῆς
564 2567 679 2609 ψυχῆς,
701 2563 753 2597 καὶ
775 2563 948 2597 ἀνάπαυσιν

241 2620 302 2651 τῶν
316 2618 492 2661 φροντίδων.
536 2618 594 2651 Sic
620 2616 752 2649 Plinius
775 2615 799 2646 l.
815 2624 947 2648 xxxvl.

242 2673 295 2703 12.
330 2670 492 2711 AEsopum
526 2670 536 2686 ‘
553 2667 758 2701 Fabularum
795 2666 947 2698 Philoso-

242 2720 357 2762 phum'
381 2720 546 2761 appeliat.
591 2719 669 2760 Rr’g.

285 2773 307 2803 2
324 2770 483 2811 Nucibus]
505 2769 644 2801 Solenni
658 2766 736 2800 ludo
752 2775 946 2808 puerorum.

242 2820 330 2852 Vide
359 2823 487 2862 praeter
514 2820 691 2852 Erasmum
716 2816 945 2850 Rittershusio

990 687 1180 730 laudatum,
1200 687 1394 721 Casaubon.
1418 687 1462 721 ad
1486 686 1645 722 Per-iun
1660 697 1696 730 p.

990 742 1047 773 51.
1072 739 1180 779 solues.
1554 767 1557 770 ,

1034 790 1185 833 Restitit]
1223 788 1400 829 Substitit,
1412 794 1451 823 ut
1464 790 1577 824 solent
1588 789 1695 825 odni-

992 848 1111 877 rantes
1137 854 1208 877 rem
1233 843 1418 878 insolitam.
1475 842 1580 876 Ovid.
1604 843 1694 878 met.

990 905 1042 928 v1.
1055 898 1132 929 826.
1153 896 1164 915 ‘
1182 894 1341 936 Restitit,
1355 899 1393 928 et
1407 894 1544 937 pavido,
1564 894 1696 928 Faveas

990 946 1086 988 mibi,
1101 956 1276 979 murmure
1288 945 1397 979 dixit!
1418 945 1524 986 Sdsef.

1033 999 1053 1029 8
1079 997 1237 1040 Delirum]
1259 998 1326 1030 Ms.
1341 997 1490 1030 delei-iun.
1511 997 1605 1032 oud.

1033 1047 1150 1090 Sinml]
1186 1049 1269 1090 Pro,
1279 1048 1435 1089 simulac,
1449 1046 1698 1090 quamprimum

991 1099 1111 1132 sensit.
1156 1098 1303 1132 Notavit
1310 1099 1479 1132 Rittersh.
1490 1095 1527 1131 e't
1537 1098 1698 1142 frequens

993 1148 1154 1182 Ciceroni
1169 1159 1209 1182 ac
1225 1149 1372 1182 Horatio
1396 1158 1472 1182 esse
1493 1150 1596 1183 dixit.
1639 1149 1699 1183 lta

992 1198 1125 1232 Noster
1137 1210 1241 1242 supra
1254 1210 1331 1242 cap.
1350 1203 1404 1233 10.
1425 1199 1436 1218 ‘
1449 1200 1607 1233 Lucum
1617 1200 1701 1233 alla·

993 1253 1030 1282 ta
1045 1250 1144 1283 simul
1158 1251 1296 1292 aspexit
1309 1249 1443 1282 filium?
1463 1249 1570 1288 Scluat.

1033 1299 1152 1342 Simul]
1182 1301 1268 1342 Pro,
1282 1300 1443 1334 simulac:
1474 1306 1515 1334 ut
1523 1300 1616 1334 iufra
1638 1301 1697 1334 lib.

992 1360 1048 1384 111.
1062 1350 1133 1385 fab.
1148 1354 1201 1386 16.
1225 1352 1284 1385 lib.
1297 1361 1351 1385 iv.
1369 1350 1442 1386 fab.
1456 1355 1489 1386 Β.
1502 1356 1540 1385 et
1555 1355 1609 1386 14.
1635 1352 1697 1385 lib.

991 1411 1027 1434 v.
1052 1400 1122 1434 fab.
1142 1406 1176 1435 5.
1202 1406 1240 1435 et
1264 1405 1297 1436 ⁷.
1322 1403 1483 1445 exemplo
1507 1402 1699 1445 Ciceronis,

993 1451 1143 1493 Horatii,
1156 1452 1314 1485 aliorum.
1335 1452 1422 1486 Rau.

1035 1505 1056 1535 4
1079 1502 1228 1544 Derisor]
1251 1503 1349 1535 Bono
1364 1511 1530 1544 sensn,ac
1545 1502 1581 1535 in
1595 1503 1700 1536 laude

993 1553 1135 1594 ponitur
1149 1562 1213 1595 pro
1228 1562 1282 1594 eo,
1295 1552 1354 1595 qui
1377 1551 1490 1584 ridere
1512 1552 1699 1588 stultitiam

992 1602 1168 1636 hominum
1194 1603 1295 1645 solet,
1319 1602 1420 1645 plura
1448 1601 1514 1635 sibi
1542 1602 1698 1636 tribuen—

993 1653 1093 1694 tium,
1107 1663 1208 1696 quam
1221 1662 1343 1686 revera
1357 1652 1558 1694 possideam
1579 1657 1702 1686 eontra

993 1713 1077 1737 vero
1091 1704 1136 1737 de
1150 1714 1187 1737 se
1203 1705 1295 1736 intra
1308 1702 1447 1736 modum
1461 1702 1625 1745 loquitur,
1639 1703 1700 1736 bo-

993 1763 1105 1797 naque
1126 1755 1192 1787 sibi
1218 1754 1350 1787 tributa
1372 1753 1562 1786 dissimulat
1577 1753 1702 1796 potius,

994 1814 1096 1846 quam
1120 1807 1285 1836 ostentat.
1328 1802 1449 1836 Qualis
1469 1801 1641 1844 quondan
1664 1807 1702 1835 et

993 1854 1156 1888 Socrates
1169 1854 1259 1895 fuit3
1282 1853 1360 1886 vide
1374 1852 1518 1886 Cmaub.
1534 1852 1580 1885 ad
1590 1852 1702 1886 Theo·

994 1905 1070 1947 phr.
1100 1906 1261 1939 Chai-act.
1295 1914 1330 1946 p.
1359 1907 1436 1938 100.
1479 1902 1584 1943 Ssshef-
1642 1903 1701 1937 Ita

995 1957 1006 1974 ‘
1022 1955 1221 1989 derisorem'
1251 1956 1429 1988 socrat-em
1454 1957 1556 1986 vocat
1574 1953 1702 1988 Seme.

995 2006 1038 2040 de
1050 2006 1203 2040 Benefic.
1219 2016 1253 2039 v.
1263 2010 1296 2040 6.
1326 2006 1511 2039 Rationem
1522 2005 1603 2039 vide
1609 2005 1701 2047 apud

995 2057 1154 2091 Perizon.
1181 2057 1226 2090 ad
1250 2056 1374 2089 AElian.
1397 2057 1483 2089 Var.
1510 2056 1605 2091 Hist.
1623 2065 1702 2090 xvv.

997 2111 1050 2142 15.
1095 2108 1199 2150 Lapis
1219 2107 1313 2150 apud
1338 2106 1493 2140 Fabrett.
1520 2115 1598 2148 cap.
1611 2109 1644 2140 8.
1667 2116 1702 2148 p.

996 2161 1071 2193 148.
1093 2167 1124 2192 1..
1140 2166 1263 2191 ruso.
1285 2165 1472 2191 uuvmuo
1496 2165 1562 2192 en
1579 2165 1623 2190 m*
1638 2165 1702 2190 nn·

996 2217 1134 2242 lusom.
1177 2207 1360 2241 Dem'sorem
1374 2206 1537 2247 ἑλεγτικὸν
1548 2208 1702 2249 explieat

996 2261 1122 2302 Cuper.
1139 2260 1230 2293 Obs.
1247 2269 1299 2294 ιν.
1312 2270 1344 2294 c.
1358 2262 1390 2293 4.
1405 2260 1509 2303 quiin
1531 2259 1701 2292 indicibus

995 2311 1085 2343 male
1108 2311 1234 2352 garruli
1246 2311 1430 2352 epitheton
1444 2310 1496 2343 illi
1510 2309 1615 2344 tribul
1639 2320 1701 2342 -no-

995 2366 1062 2404 tat,
1076 2361 1170 2404 quod
1185 2365 1301 2395 tamen
1315 2361 1432 2394 necin
1447 2361 1561 2394 indice
1581 2361 1701 2393 vuem-

996 2412 1128 2452 shemii,
1140 2421 1203 2444 nec
1218 2411 1253 2444 in
1266 2415 1391 2444 nostroe
1410 2411 1572 2444 editionis
1582 2419 1703 2444 ωακ-

996 2463 1052 2506 rit,
1064 2462 1126 2496 sed
1140 2463 1175 2495 in
1188 2461 1372 2495 Schefferi:
1404 2461 1464 2494 ubi
1477 2462 1600 2494 omissa
1624 2470 1701 2502 par-

997 2513 1104 2546 ticula
1116 2515 1170 2545 et:
1202 2512 1452 2544 Freinshemius
1474 2510 1567 2543 enim
1591 2514 1701 2551 reete,

996 2564 1130 2605 AEsopus
1153 2567 1182 2595 et
1208 2563 1368 2603 garrulus,
1394 2566 1434 2594 nt
1464 2561 1475 2579 ‘
1490 2561 1636 2603 AEsopus
1660 2566 1700 2594 et

997 2612 1161 2653 Atticus,’
1184 2615 1249 2645 διο.
1294 2613 1407 2644 Burm-

1039 2664 1174 2696 Derisor
1198 2663 1304 2704 potius
1326 2672 1418 2704 quant
1441 2663 1627 2695 deridendus
1653 2673 1701 2695 se-

995 2714 1072 2755 nex]
1094 2714 1152 2746 Sic
1167 2723 1270 2755 supra
1285 2713 1345 2745 lib.
1362 2711 1506 2745 111..fab.
1519 2716 1549 2746 8.
1571 2715 1582 2732 ⁴
1596 2713 1700 2746 Naris

994 2768 1164 2797 emunctae
1200 2773 1318 2804 senex,
1357 2764 1492 2796 Natura
1529 2773 1699 2806 nunquam

996 2815 1103 2848 verba
1127 2815 1182 2847 cui
1207 2814 1323 2857 potuit
1344 2813 1449 2847 dare)
1493 2813 1626 2847 Derim
1647 2818 1700 2845 est
