1806 3236
258 212 347 256 626

259 330 336 362 pro,
349 330 415 352 non
430 319 530 352 decet
545 328 634 358 eum,
650 327 717 350 non
739 317 841 351 modo
862 326 965 360 prop·

256 377 316 405 ter
335 371 392 413 jus
409 371 574 413 gentium,
598 369 640 401 de
663 379 729 412 quo
744 369 800 402 hic
818 369 965 403 Ritters-

259 421 385 463 husius,
401 421 462 453 sed
479 425 515 453 et
538 419 662 452 famam
678 430 786 462 suam,
800 420 966 462 magnitu-

260 473 456 515 dinemque,
481 477 644 514 tanquam
668 481 736 504 non
763 475 880 514 posset
902 482 964 513 pu-

258 526 334 557 nire
360 524 396 556 iu
422 524 498 567 ipso
522 523 660 556 domino
685 523 755 556 tale
779 522 963 556 ldelictum.

258 575 364 614 Scluff.

303 628 379 659 Non
392 630 439 659 est
454 627 577 667 legatos
597 625 685 666 regis
706 635 767 658 non
790 623 965 665 dimittere]

258 678 430 710 Nimirum
446 687 488 710 ne
504 677 564 719 jus
579 676 732 717 gentium
747 675 828 717 ipsis
842 674 963 708 deten-

256 730 302 761 tis
319 729 489 761 violetur:
513 737 580 771 quo
588 728 669 769 jure
681 727 729 759 illi
742 726 853 759 sancti
864 730 901 759 et
915 726 965 759 in-

258 779 436 811 violabiles
459 783 552 811 suut.
595 777 685 810 Vide
702 777 838 810 Livium
853 777 913 810 lib.
927 787 963 812 v.

257 835 295 862 et
312 830 448 872 passim.
471 829 572 862 Unde
588 829 677 862 Cato
693 828 784 871 apud
800 829 961 861 Festum:

254 880 265 900 ‘
281 879 533 922 Caduceatori‚’
555 880 681 923 inquit,
708 880 718 898 ‘
736 889 836 912 nemo
862 880 963 912 homo

255 934 384 967 nocet!
427 934 474 966 Et
497 934 615 966 Caesar
640 933 716 966 Bel.
737 933 814 966 Gal.
830 933 889 966 lib.
904 943 963 967 ιιι.

254 986 263 1004 ‘
281 986 457 1020 Quantum
472 985 508 1017 in
523 994 560 1017 se
580 983 715 1017 facinus
736 984 965 1026 admisissent,

255 1037 519 1079 intelligebant:
554 1037 718 1078 Legatos,
732 1034 824 1078 quod
839 1045 963 1068 nomen

255 1088 348 1130 apud
364 1098 481 1120 omnes
496 1087 652 1120 nationes
674 1091 832 1119 sanctum
855 1087 964 1119 invio-

256 1139 430 1181 latumque
447 1148 583 1180 semper
599 1137 732 1178 fuisset,
746 1142 900 1170 retentos
919 1137 964 1170 ab

255 1201 292 1222 se
314 1195 351 1223 et
378 1191 413 1222 in
441 1190 575 1223 vincula
599 1188 796 1231 conjectos-⁹
840 1188 963 1221 Cicero

255 1242 299 1275 de
335 1241 497 1283 Aruspic.
530 1240 721 1282 responsis:
769 1240 778 1258 ‘
797 1239 963 1273 Oratores

256 1297 378 1325 contra
404 1293 462 1334 jus
487 1291 607 1334 fasque
638 1289 862 1323 interfectos!
916 1291 963 1323 Et

256 1352 356 1375 mox:
382 1343 392 1361 ‘
409 1343 468 1375 Sic
483 1342 573 1374 enim
590 1342 723 1374 sentio:
751 1341 808 1384 jus
829 1341 961 1383 legato·

256 1405 329 1427 rum
344 1404 421 1427 cum
435 1394 608 1426 hominum
619 1393 781 1434 praesidio
794 1393 961 1425 munitum

255 1446 314 1486 sit,
329 1450 403 1478 tum
419 1445 524 1478 etiam
539 1444 656 1476 divino
670 1444 751 1486 jure
767 1453 842 1476 esse
857 1443 961 1475 valla-

257 1496 352 1529 tum?
376 1496 508 1529 Statius
521 1495 687 1537 Papinius
698 1494 846 1537 denique
854 1495 962 1528 Theb.

255 1547 317 1580 lib.
334 1557 375 1580 ιι.
389 1548 542 1589 legatum
559 1546 732 1588 appellat:
769 1546 780 1564 ‘
795 1545 962 1578 Sanctum

256 1598 400 1639 Populis
416 1607 479 1640 per
496 1597 611 1630 secula
624 1596 770 1629 nomen!
795 1596 882 1629 Ritt.

299 1653 343 1682 29
366 1650 435 1682 Nec
450 1653 496 1682 est
511 1648 651 1692 difficile]
698 1648 804 1690 Lege,
826 1649 895 1680 Nec
913 1658 963 1681 res

255 1700 405 1743 difficilis.
430 1700 552 1732 Heius.

299 1751 374 1783 *30
399 1752 525 1783 Fer-etis
536 1749 737 1793 prejudicio]
763 1750 876 1791 Lego:
899 1749 964 1783 Sed

255 1804 312 1836 hoc
327 1803 438 1843 serent
459 1803 497 1835 ii.
543 1801 743 1844 Alloquitur
757 1801 849 1834 enim
864 1801 964 1843 Jupi-

256 1859 310 1887 ter
326 1864 394 1886 non
410 1854 559 1895 legatos,
583 1852 642 1885 sed
670 1852 851 1894 collegium
871 1853 962 1884 Deo-

256 1915 342 1947 rum,
357 1905 415 1947 qui
431 1913 559 1938 omne&
573 1904 763 1936 clamarunt
789 1902 963 1935 vindican-

256 1957 334 1989 dam
351 1956 534 1998 injuriam:
566 1964 646 1988 nam
661 1963 751 1987 ecee
770 1953 814 1986 de
841 1953 963 1995 legatis

255 2008 372 2040 statim
400 2007 551 2049 loquitur
587 2006 622 2038 in
656 2005 759 2038 tertia
793 2014 961 2047 persona:

256 2062 265 2077 ‘
285 2059 338 2090 Ne
363 2063 518 2090 ventrem
544 2057 721 2090 continere
746 2066 815 2089 non
832 2057 964 2099 possint

255 2109 375 2142 suum.’
420 2109 545 2151 Itaque
571 2118 649 2141 mox
677 2108 859 2151 legendum
882 2119 963 2152 quo-

257 2172 344 2204 que:
378 2162 388 2180 ‘
405 2161 463 2194 lui
486 2165 600 2193 antem
630 2161 687 2203 qui
714 2161 878 2194 miserunt
903 2162 963 2194 hos

256 2217 327 2244 tam
343 2211 484 2245 futiles!
523 2212 646 2244 Mem.
692 2211 742 2244 At
757 2212 840 2244 nihil
856 2217 964 2255 vetat,

254 2263 417 2305 aliquem,
433 2262 625 2304 praesertim
641 2263 911 2304 commotiorem,
925 2268 963 2296 et

256 2314 314 2356 qui
342 2318 485 2355 propter
519 2312 726 2355 dignitatem
748 2314 859 2346 soleat
887 2314 961 2347 sine

254 2364 505 2406 reprehensore
538 2363 645 2406 loqui,
674 2363 776 2396 modo
810 2365 855 2396 ad
887 2365 962 2408 hos,

254 2416 357 2447 modo
387 2415 431 2446 ad
466 2415 541 2447 illos
578 2414 727 2456 dirigere
756 2424 959 2449 sermonem.

256 2467 426 2508 Exemplo
451 2466 498 2498 sit
527 2466 619 2498 Dido
635 2466 727 2508 apud
745 2465 865 2508 virgil.
883 2467 960 2500 AEn.

255 2527 306 2550 ιν.
329 2520 406 2550 865.
428 2522 464 2549 et
479 2527 576 2560 seqq.
612 2518 755 2550 Freimh.
798 2517 868 2549 Pro
884 2528 959 2550 sen-

253 2569 378 2609 tentia,
392 2573 429 2601 et
446 2578 548 2610 poena
570 2568 604 2600 in
627 2579 688 2601 vos
702 2568 825 2601 merito
841 2568 959 2601 decer-

254 2619 380 2652 nenda.
425 2619 542 2651 Vertit
556 2629 591 2651 se
607 2619 704 2662 quasi
727 2630 748 2651 a
769 2619 838 2651 suis
860 2619 959 2661 Jupi-

257 2675 310 2702 ter
337 2671 381 2702 ad
409 2680 512 2703 canes
542 2671 688 2712 legatos,
711 2676 749 2704 et
773 2671 844 2703 ait:
888 2671 958 2703 Vos

255 2723 392 2763 quidem
423 2721 543 2754 feretis
570 2722 631 2754 hoc
659 2722 849 2764 praemium,
875 2722 958 2754 licet

254 2772 425 2814 supplicio
440 2778 474 2804 et
500 2783 610 2815 poenae
635 2773 832 2816 adjudicare
854 2772 958 2805 debe-

255 2832 338 2856 rem.
371 2823 479 2863 Sches.
524 2825 641 2866 Forte,
665 2825 730 2858 Sed
754 2825 809 2857 hoe
828 2827 958 2867 paretur

727 222 870 254 NOTAE
902 221 1171 261 yAmoRUM
1205 224 1258 256 ΙΝ

1015 326 1074 359 pro
1109 318 1235 360 delicto,
1265 318 1318 351 vel
1354 318 1506 359 vind-’etz
1540 318 1720 360 mhi-ni.

1017 368 1138 403 Heius.

1060 419 1249 462 Proemium]
1291 420 1362 454 Per
1376 420 1524 454 ironiam
1537 420 1589 454 ita
1602 423 1720 460 voest.

1015 479 1083 503 uon
1100 469 1301 513 imperatam
1315 470 1452 514 famem,
1474 479 1593 505 verum
1607 477 1719 506 uun

1015 521 1124 562 illam,
1138 532 1206 564 qua
1220 531 1279 555 eos
1301 522 1436 566 docuit,
1444 523 1623 557 eontiuere
1637 532 1719 556 veu-

1017 577 1119 606 trem.
1141 573 1245 613 Schqs.
1448 600 1450 604 .
1636 596 1638 598 -

1057 627 1101 656 30
1127 625 1200 657 Non
1214 628 1283 658 veto
1296 625 1434 668 dinami]
1466 625 1559 660 Hine
1572 625 1719 660 ficimus

1016 675 1092 708 Non
1109 676 1172 708 cito
1192 677 1314 709 dimitti
1322 687 1336 715 ‚·
1357 677 1418 720 qui
1431 684 1530 710 eruor
1544 686 1588 717 ος
1599 677 1727 711 contin.

1014 726 1111 760 sione
1136 728 1168 759 E
1191 737 1270 761 cum
1294 727 1317 760 I
1336 732 1439 761 natus
1452 732 1537 762 est..
1563 728 1721 762 Νᾱιώ

1015 782 1081 820 est,
1096 789 1162 812 non
1178 779 1350 814 celeriter.
1402 780 1525 813 Cicero
1549 779 1595 813 de
1619 778 1720 815 Orat.

1015 837 1073 863 m.
1094 830 1105 848 ‘
1121 830 1189 864 Qui
1205 840 1273 863 non
1295 831 1369 864 cito
1395 831 1478 875 quid
1503 831 1622 873 discit,
1632 840 1722 865 nun-

1014 889 1115 923 quam
1141 881 1280 914 omnino
1304 891 1407 924 posse
1427 881 1645 924 perdi-cene
1687 878 1722 915 '1⁸-

1016 931 1095 964 dem
1110 932 1155 965 de
1170 933 1271 966 claris
1286 933 1388 967 Orat.
1406 935 1418 953 ⁶
1431 933 1502 967 Sed
1517 942 1631 977 nequ·
1645 942 1722 966 ver·

1016 983 1069 1015 bis
1081 983 1250 1026 aptiorem
1262 984 1332 1017 cito
1345 984 1448 1017 alium
1461 983 1631 1018 dixerim:
1656 985 1722 1017 'Fe-

1016 1034 1169 1067 tentius:
1193 1035 1204 1052 ‘
1219 1032 1323 1067 Haud
1339 1035 1410 1068 cito
1421 1035 1499 1067 mall
1510 1034 1594 1078 quid
1607 1039 1721 1068 mum

1016 1094 1059 1116 ex
1071 1084 1136 1118 hoe
1151 1085 1197 1117 sit
1211 1085 1371 1128 publice?
1402 1087 1528 1120 Senec-
1541 1086 1588 1119 ὼ
1597 1085 1723 1120 nme.

1015 1135 1076 1171 lib.
1091 1145 1125 1169 v.
1152 1139 1182 1170 1.
1204 1137 1215 1155 ⁴
1233 1137 1312 1169 Non
1327 1137 1399 1170 cito
1423 1136 1539 1170 odim
1561 1146 1722 1180 propera·

1015 1186 1128 1228 veris‚'
1149 1186 1185 1219 id
1201 1191 1269 1227 est,
1281 1197 1348 1220 uon
1363 1187 1491 1220 statim.
1513 1187 1602 1221 aaa.

1064 1238 1178 1270 Verum
1200 1239 1337 1271 maiori
1353 1238 1460 1280 sume]
1504 1238 1630 1282 Neque
1653 1238 1721 1271 alia

1013 1289 1081 1323 fuit
1102 1290 1273 1323 AEthonris
1299 1291 1390 1324 illius
1415 1300 1528 1334 poena,
1551 1291 1623 1334 qui,
1637 1291 1720 1324 dum

1012 1339 1137 1372 Jovem
1152 1341 1292 1383 salutat,
1310 1341 1375 1374 sub
1397 1341 1605 1374 centunculo
1623 1340 1722 1374 *forte

1014 1396 1209 1433 crepuerat.
1237 1392 1411 1425 Martialis
1421 1392 1590 1435 prasfficto
1601 1392 1721 1435 m.

1012 1443 1022 1460 ‘
1037 1444 1200 1477 Riserunt
1215 1444 1380 1478 comites:
1412 1444 1476 1477 scd
1499 1442 1574 1486 ipae
1587 1443 1718 1477 Divum

1014 1493 1176 1527 Offensus
1202 1495 1340 1537 genitor
1365 1495 1553 1528 trinoctiali
1577 1493 1721 1529 Adfecit

1014 1545 1206 1580 domicenio
1221 1546 1409 1582 clientem)
1431 1548 1510 1588 mg.

1059 1597 1221 1640 eruciari]
1244 1599 1348 1640 Lege,
1363 1599 1552 1631 cruciantor.
1575 1597 1698 1632 Helm.

1058 1649 1172 1690 Fame]
1210 1649 1410 1682 Notandum
1425 1653 1494 1690 est,
1508 1647 1630 1682 deesse
1645 1656 1720 1682 ver·

1013 1699 1094 1744 bum
1110 1700 1292 1733 contrariae
1305 1698 1564 1742 significationis
1581 1700 1628 1741 *ὃ
1639 1702 1722 1734 mo.

1013 1750 1100 1782 Cum
1115 1752 1206 1783 enim
1221 1750 1372 1783 dixerit:
1406 1751 1481 1782 Non
1495 1753 1564 1782 veto
1587 1750 1721 1792 mu,

1013 1799 1134 1833 debuit
1159 1800 1309 1832 addere:
1348 1800 1482 1832 Verum.
1500 1798 1595 1833 ¹fiune
1611 1799 1719 1843 jubeo

1013 1851 1173 1884 cruciari.
1232 1851 1436 1893 Exemplum
1464 1858 1508 1885 ex
1536 1851 1647 1884 Paulo
1681 1857 1718 1885 et

1012 1902 1138 1935 Tacito
1167 1903 1319 1945 proferre
1349 1903 1487 1946 possim,
1509 1913 1591 1937 nam
1625 1906 1717 1947 apud

1013 1952 1107 1984 illum
1123 1954 1158 1985 in
1174 1953 1286 1995 Epist.
1306 1953 1351 1986 ad
1365 1962 1388 1986 ι.
1402 1953 1550 1993 Timoth.
1567 1956 1647 1987 ced.
1664 1957 1717 1988 n.

1013 2003 1070 2036 nbi
1086 2004 1214 2046 legitur
1240 2003 1427 2037 Κωλων-ιυν
1445 2006 1569 2047 γαμεῖν,
1581 2004 1717 2048 ἀπέχει·

1012 2057 1062 2087 θαι
1075 2054 1254 2098 βρωμάτων,
1267 2057 1331 2089 διο.
1351 2065 1495 2089 necesse
1519 2061 1572 2089 ont
1594 2065 1640 2090 ex
1665 2057 1719 2099 iis,

1012 2117 1089 2150 quae
1117 2112 1322 2151 sequuntur,
1347 2107 1544 2150 intelligere
1578 2109 1717 2147 verbum

1011 2160 1150 2201 aliquod
1181 2160 1365 2193 contrarias
1390 2150 1650 2203 significationis
1670 2162 1720 2202 τῷ

1011 2208 1203 2251 κωλυόντων,
1218 2209 1309 2253 quod
1328 2210 1469 2243 verbum
1495 2215 1718 2253 praeponatur

1009 2262 1057 2301 τιὸ
1075 2258 1257 2301 ἀπέχεσθαι.
1302 2260 1406 2303 Apud
1425 2261 1585 2294 Tacitum
1601 2268 1717 2295 eutem

1011 2311 1046 2343 in
1062 2311 1136 2344 vita
1153 2310 1325 2353 Agricolae
1341 2311 1488 2354 legitur:
1523 2314 1540 2339 ‘2
1554 2313 1630 2346 Nec
1645 2323 1717 2356 poe·

1011 2372 1055 2394 na
1083 2372 1231 2404 semper,
1258 2362 1318 2395 sed
1351 2363 1478 2406 saeplus
1513 2365 1717 2406 poeniteutia

1010 2418 1192 2446 contentus
1212 2414 1312 2455 esse‚’
1342 2413 1402 2446 ubi
1427 2413 1646 2448 manifestum
1675 2415 1716 2447 ,τὸ

1009 2468 1171 2498 contentus
1186 2475 1250 2497 esse
1270 2474 1346 2497 cum
1369 2475 1460 2507 poma
1473 2470 1512 2498 et
1532 2466 1715 2508 penitentia

1010 2525 1078 2547 non
1094 2525 1193 2557 posse
1209 2525 1251 2547 ex
1275 2526 1372 2558 aequo
1395 2516 1591 2549 convenire.
1633 2516 1714 2550 Scio

1010 2567 1103 2608 apud
1116 2566 1262 2599 eundem
1276 2567 1478 2609 scriptorem
1497 2567 1713 2610 aliaquoque

1009 2627 1085 2649 esse
1098 2617 1154 2649 τοῦ
1173 2617 1266 2649 αὐτοῦ
1279 2616 1445 2657 κόμματος,
1460 2617 1520 2649 sed
1536 2627 1627 2651 nunc
1643 2629 1713 2652 me·

1009 2668 1126 2701 moriae
1152 2678 1218 2700 non
1244 2673 1461 2701 succurrunt.
1505 2669 1592 2702 Tale
1608 2673 1713 2703 estet

1009 2719 1100 2760 apud
1124 2719 1325 2752 Terentium
1351 2719 1385 2751 iu
1411 2719 1542 2752 Andria
1567 2725 1636 2753 act.
1653 2729 1712 2753 ut.

1007 2781 1055 2803 sc.
1071 2775 1104 2803 6.
1126 2772 1137 2788 ‘
1151 2771 1307 2812 Namque
1330 2771 1438 2804 hocce
1463 2776 1599 2814 tempus
1623 2781 1711 2814 pra’·

1008 2832 1131 2856 cavere
1146 2821 1226 2855 mihi
1241 2831 1308 2865 me,
1329 2831 1395 2855 uon
1412 2827 1447 2855 te
1463 2822 1582 2856 ulcisci
1606 2822 1711 2856 sinit.’
