1806 3236
212 226 299 269 324

214 337 322 378 proba
341 336 474 368 'ventris
504 335 630 376 Exegit
655 344 766 367 circos
793 333 918 374 rabies,

213 388 386 430 catulique
408 387 522 419 relicti
540 386 715 419 Faucibus·
729 389 918 427 expectant

210 438 333 472 siccis)
390 439 500 472 Quem
538 437 703 478 Virgilius
737 436 918 478 Raptorem,

210 491 300 523 hunc
325 490 490 522 Phaedrus
510 489 691 528 Latronem,
716 486 791 530 (Sic
807 487 918 520 Mani-

210 541 274 573 lius
291 540 412 573 eadem
436 539 527 572 facie
552 540 688 571 Leonem
711 539 917 580 praedatorem

209 590 381 634 appellat)
405 595 441 624 et
466 590 557 633 quod
582 590 639 622 ille
659 590 786 622 Ventris
800 589 918 621 rabiem

206 643 388 683 improbam,
404 642 468 674 hoc
479 646 597 674 noster
603 641 732 681 faucem
745 640 917 682 improbum

208 693 306 725 dixit.
344 693 400 725 Sic
417 693 498 724 aiibi
515 692 635 734 Virgil.
652 691 727 724 AEn.
745 700 796 723 lx.
814 692 915 732 dixit,

200 743 313 782 fauces
326 744 478 784 sanguine
493 744 601 775 siccas.
623 743 633 762 ⁴
651 741 704 774 Ac
720 742 826 774 veluti
844 743 916 783 ple-

209 804 254 826 no
270 795 371 836 lupus
388 794 567 826 insidiatur
582 794 678 833 ovili,
693 794 780 825 Cum
796 791 915 834 fremit

206 845 251 876 ad
278 846 405 886 caum,
430 850 553 877 ventos
578 854 761 886 perpessus
791 848 827 876 et
853 844 915 876 im-

206 896 295 928 bres.
334 896 448 928 Nocte
474 905 578 937 super
605 895 729 936 media,
754 894 913 927 tuti-sub

206 947 370 979 matribus
409 947 488 988 agni
528 944 687 978 Balatum
725 951 910 979 exercent:

204 997 273 1038 ille,
289 1006 390 1039 asper
409 1003 446 1029 et
470 997 644 1039 improbus
673 998 735 1039 ira,
756 997 863 1030 Saevit
878 998 912 1029 in

205 1048 381 1089 absentes,
404 1049 550 1081 collecta
565 1046 692 1090 fatigat
709 1048 836 1080 edendi
858 1049 912 1080 Ex

203 1100 306 1141 longo
322 1100 432 1132 rabies
457 1103 493 1132 et
518 1100 620 1132 siccae
649 1099 812 1140 sanguine
838 1099 911 1132 fau-

203 1160 274 1183 ces.
277 1150 463 1193 ’Respicit
479 1150 626 1183 fortasse
641 1156 678 1183 et
694 1151 782 1183 hunc
800 1151 910 1183 locum

202 1201 387 1243 Phaedrus,
401 1211 480 1233 nam
496 1202 551 1234 siti
569 1202 783 1244 compulsum
796 1212 838 1234 eo
855 1213 911 1253 vg-

202 1252 292 1284 nisse
315 1252 432 1294 lupum
456 1252 614 1292 dixerat3
643 1257 782 1294 poterat
798 1257 910 1285 tamen

202 1302 293 1334 sitim
310 1312 351 1335 ex
369 1303 442 1334 rivo
454 1303 668 1345 extinguere,
679 1313 789 1346 neque
805 1304 909 1336 etiam

201 1358 346 1394 propter
363 1353 455 1384 sitim
469 1363 558 1395 agno
575 1354 822 1396 insidiabatnr3
846 1355 908 1386 ita-

203 1413 271 1446 que
300 1404 422 1436 meiius
449 1408 502 1436 est
533 1405 710 1446 explicare
739 1405 784 1436 de
814 1405 908 1437 rabie

201 1455 329 1486 ventris
355 1459 392 1487 et
418 1465 543 1497 magna
563 1455 667 1496 fame,
683 1466 759 1498 quae
778 1457 788 1475 ‘
801 1456 909 1488 maxi-

199 1514 255 1537 me
283 1505 410 1537 bestias
442 1506 623 1547 accendit,'
651 1507 763 1548 inquit
795 1507 908 1539 Livius

197 1554 257 1587 lib.
274 1563 361 1587 xxv.
397 1555 557 1597 Hincque
583 1556 721 1597 proprie
744 1557 909 1589 Phaedrus

196 1606 360 1648 incitatus,
375 1608 397 1639 i.
415 1617 445 1640 e.
469 1617 644 1650 accensus,
668 1608 767 1642 dixit.
813 1609 907 1641 Hinc

200 1657 305 1691 Ovid.
330 1659 474 1691 Metam.
500 1660 522 1691 1.
540 1668 622 1691 vul.
638 1659 697 1692 fin.
719 1661 730 1679 ⁴
747 1660 836 1692 Dira
857 1661 908 1693 fa-

197 1718 269 1740 mes
297 1709 563 1752 implacataeque
589 1711 727 1752 vigebat
753 1707 907 1745 Flamma

198 1761 312 1802 gulae!
344 1762 461 1793 Plaut·
477 1758 618 1794 Curcnl.
634 1761 717 1794 Act.
734 1771 778 1794 ιι.
800 1762 855 1796 Sc.
871 1766 905 1796 3.

196 1813 286 1845 dixit
298 1813 308 1830 ‘
320 1813 470 1854 Lupiunt
485 1811 603 1845 fauces
619 1811 734 1853 fame,’
748 1813 771 1845 i.
785 1823 816 1845 e.
831 1813 906 1845 imi·

196 1868 316 1896 tantur
330 1864 442 1905 lupos.
481 1863 610 1895 Locum
633 1863 771 1904 Virgilii
792 1864 905 1896 imita·

196 1919 253 1945 tus
269 1918 323 1946 est
346 1914 450 1946 Silius
467 1914 612 1946 Italicus
640 1914 674 1946 in
700 1914 759 1946 fin.
788 1914 847 1947 lib.
863 1923 904 1948 ῐῐ.

195 1974 388 2007 quanquam
433 1964 475 1996 ad
515 1965 664 1996 Leonem
703 1965 901 1996 transtulit:

192 2019 202 2034 ‘
221 2015 292 2046 Cen
324 2015 524 2047 stimulante
554 2013 660 2054 fame,
688 2024 767 2047 cum
795 2015 910 2047 victor-

194 2066 294 2098 ovilia
310 2065 448 2098 tandem
466 2065 635 2098 Faucibus
659 2065 790 2098 invadit
805 2066 910 2098 siccis>

195 2115 290 2148 Leo.'
347 2115 389 2148 Id
421 2120 485 2156 est,
513 2115 670 2148 faucibus
701 2116 903 2158 sanguninem

193 2166 399 2198 sitientibus.
443 2167 497 2198 De
519 2166 607 2208 lupis
631 2167 717 2199 Stat.
733 2167 903 2200 Thebaid.

192 2217 253 2249 lib.
270 2225 306 2249 x·
324 2218 334 2236 ‘
350 2217 422 2249 Sub
438 2221 577 2249 noctem
592 2217 704 2249 coiere
719 2217 805 2258 lupi,
819 2227 908 2259 quos<

195 2268 355 2300 omnibus
386 2268 476 2310 agris
504 2268 565 2300 Nil
589 2277 656 2299 non
684 2278 767 2306 ausa
794 2267 901 2301 fames

191 2320 292 2360 longo
323 2319 479 2351 tenuavit
511 2319 733 2361 hiatu,‘Jam
763 2320 902 2352 stabula

192 2371 266 2411 ipsa
305 2377 480 2412 premunt,
515 2374 656 2412 torquet
691 2379 771 2411 spes
804 2369 902 2402 irrita

190 2421 319 2463 fauces,
336 2422 546 2463 Balatusque
564 2426 726 2461 tremens,
743 2420 900 2462 pingues-

192 2482 258 2514 que
275 2472 317 2504 ab
335 2472 480 2504 ovilibus
497 2471 618 2513 agnae!
656 2471 815 2512 Improba,
829 2472 851 2503 i.
869 2482 900 2504 e.

191 2523 388 2563 insatiabili,
418 2526 456 2554 ut
485 2522 625 2554 Servius
653 2522 697 2554 ad
723 2521 851 2562 Georg.
872 2531 898 2553 1.

188 2575 198 2591 ‘
217 2574 412 2615 Improbus,
434 2573 618 2614 ingluviem
631 2572 652 2605 :'
675 2572 734 2605 ubi
756 2577 792 2604 et
817 2571 899 2604 Phi-

190 2625 274 2664 larg.
286 2625 295 2641 ‘
312 2623 508 2665 Improbus,
523 2625 592 2664 liic,
606 2622 752 2656 avidus!
791 2623 897 2655 Ovid.

190 2675 301 2715 Epist.
317 2682 354 2706 Χ.
382 2674 391 2691 ‘
409 2674 476 2707 Qui
493 2674 623 2706 laniant
648 2673 750 2706 avido
765 2674 898 2706 viscera

191 2723 296 2755 dente
320 2724 418 2765 lupi!
456 2725 574 2765 Fam-e,
598 2726 680 2758 i.'e.
707 2725 795 2766 gula.
841 2724 897 2756 Sic

190 2774 284 2813 alibi,
314 2774 323 2791 ‘
342 2774 392 2806 Os
424 2775 626 2806 devoratum
661 2774 760 2807 fauce
793 2784 897 2816 quum

190 2823 337 2856 haereret
361 2825 457 2866 lupi.¹
494 2826 605 2859 Quam
636 2829 757 2867 postea
784 2825 897 2867 gulam

663 236 829 285 ‚NorAE
865 236 1128 270 vAnioRUM
1162 237 1214 268 m

1195 331 1348 366 Avienus
1374 331 1444 365 sab.
1459 332 1522 365 ult.
1545 335 1596 366 vs,
1611 332 1678 367 ult.

1310 382 1429 416 fauces
1475 387 1681 416 exsaturare

967 333 1016 366 ibi
1045 334 1158 366 vocat.

968 383 978 401 ‘
996 384 1107 418 Quam
1152 383 1264 427 rapidi

967 433 1064 476 lupi!
1103 435 1189 467 Gud.
1668 448 1675 456 ·

1012 489 1032 519 4
1055 481 1170 529 Latro]
1211 488 1392 531 Scioppius
1421 488 1535 521 Lucro.
1594 484 1676 520 Non

967 538 1095 579 placet.
1139 539 1188 571 Ut
1211 539 1266 571 bie
1295 540 1445 571 monem
1467 539 1599 580 lupum,
1625 537 1676 570 sie

968 588 1139 630 posterius
1159 592 1318 630 raptorem
1332 589 1495 629 milvium,
1505 587 1676 622 calunnia·

966 643 1066 673 torem
1094 650 1214 673 canem
1245 644 1358 674 vocat.
1403 641 1533 674 Pmaech.
1587 640 1676 674 Leo·

966 700 1058 732 nem,
1086 692 1143 734 qui
1168 701 1293 733 pueros
1316 691 1401 724 duos
1422 700 1561 725 arenam
1577 699 1676 725 neno·

965 747 1089 775 vantes
1120 747 1329 784 peremerat,
1365 743 1545 784 predonem
1573 744 1676 777 vocat
1730 750 1734 756 ·

965 793 1087 826 eodem
1113 803 1214 825 sensu
1248 793 1422 826 Martialis
1452 793 1523 835 Epi
1545 795 1678 833 indm.

963 844 973 860 ‘
990 844 1194 876 Exclamare
1218 843 1325 876 libet:
1352 842 1526 884 Crudelis,
1542 838 1676 885 perfidi

965 895 1096 937 praedo,
1110 894 1142 927 A
1158 899 1276 928 nostra
1289 895 1407 937 pueris
1420 902 1565 936 parcere
1577 888 1674 928 dim

963 947 1068 988 lupa!
1091 947 1178 979 Neo.
1235 946 1389 979 Latrones
1415 938 1675 988 quoqne'lupo'·

962 1001 1065 1030 vocat
1082 997 1241 1039 antiquus
1263 997 1472 1030 scholiastes
1491 994 1677 1029 statiiiib:

962 1056 998 1079 v,
1016 1050 1088 1080 167.
1115 1047 1174 1079 ubi
1197 1047 1274 1079 vide
1298 1047 1418 1080 Barth
1462 1045 1595 1080 Eadem
1618 1052 1686 1080 rai-

962 1097 1057 1131 tione
1069 1103 1265 1131 venatorem
1277 1098 1446 1130 Latronem
1453 1097 1541 1130 dant
1551 1097 1673 1159 virgil.

961 1148 1038 1180 AEn.
1058 1152 1171 1183 x11.7.
1201 1149 1315 1182 Burm.
1562 1168 1566 1174 ·
1661 1169 1672 1175 -

1003 1200 1103 1232 Latro
1116 1199 1279 1241 incitatus]
1301 1199 1433 1241 Lupum
1450 1200 1603 1231 latronem
1613 1207 1671 1231 vo·
1682 1216 1683 1219 κ

961 1258 1030 1294 cat,
1046 1258 1085 1286 ut
1100 1251 1191 1285 infra
1208 1253 1251 1285 de
1275 1252 1394 1288 eodem
1416 1252 1537 1293 Lupo:
1575 1252 1585 1270 ‘
1601 1251 1673 1284 Rus

959 1315 1042 1347 pere
1080 1310 1184 1347 atque
1214 1304 1308 1337 abire
1341 1312 1478 1345 semper
1510 1301 1685 1335 adsuevit.

959 1355 1096 1397 Lupus!
1136 1354 1304 1387 Homines
1318 1362 1480 1395 rapaces,
1499 1351 1670 1394 crudeles,-

959 1410 996 1439 et
1009 1405 1229 1438 immodestos
1251 1413 1374 1436 usuras
1387 1403 1564 1445 exigentes
1580 1402 1670 1446 Lupi

959 1457 1093 1489 nomine
1119 1454 1371 1496 significantur*
1418 1453 1593 1487 Martialis
1614 1461 1671 1487 ιτ.

959 1507 1024 1549 Ep.
1055 1507 1118 1540 ult.
1147 1507 1194 1538 Et
1231 1505 1397 1547 Apuleius
1426 1504 1487 1537 lib.
1505 1513 1531 1537 1.
1550 1512 1554 1528 -'
1574 1505 1673 1546 *lapi

958 1558 1134 1600 cujusdam
1156 1556 1314 1590 meminit
1336 1554 1562 1597 negotiatoris
1577 1560 1674 1598 mag*-

958 1609 1057 1642 narii.
1111 1608 1235 1650 Deque
1266 1607 1396 1648 templo
1424 1605 1530 1640 Jovis‘
1553 1605 1670 1648 Lycaei

958 1660 1032 1691 sive
1049 1658 1169 1700 Lupini
1183 1658 1217 1690 in
1231 1654 1383 1691 Arcadia
1398 1656 1500 1688 Plato
1511 1655 1670 1691 lib-‘rma'

957 1709 1000 1741 de
1016 1709 1166 1751 Republ.
1193 1708 1251 1740 ubi
1273 1707 1414 1748 bomini,
1437 1706 1496 1750 qui
1520 1701 1671 1740 hnmana

956 1760 1089 1792 viscera
1101 1759 1354 1800 degustaverit,
1365 1764 1507 1791 necesse
1521 1762 1577 1790 est
1592 1765 1668 1790 esse

955 1810 1064 1851 Lupo.
1094 1810 1148 1841 De
1166 1810 1324 1851 Ly‘caone
1342 1807 1449 1840 Ovid.
1473 1812 1476 1816 ’
1494 1807 1670 1850 Incitatus]

955 1861 1076 1902 Virgil.
1109 1861 1120 1878 ‘
1145 1861 1188 1892 Se
1218 1860 1362 1892 suscitat
1387 1859 1473 1892 ira.’·
1511 1859 1522 1878 ‘
1546 1858 1669 1900 Irasci,

955 1911 1105 1951 incitari,
1150 1910 1292 1953 impingi
1303 1909 1326 1943 ι’
1387 1911 1520 1943 Seneca
1550 1918 1579 1942 ι.
1619 1910 1665 1943 de

954 1962 1015 1994 Ira
1038 1972 1068 1996 c.
1083 1965 1117 1994 3.
1173 1962 1230 1994 Sic
1255 1963 1266 1982 ⁴
1288 1961 1523 2003 proritaverit,
1546 1960 1669 1994 incita-

955 2011 1070 2053 verit,’
1102 2011 1231 2044 Anian.
1263 2012 1307 2044 ad
1336 2012 1392 2044 tit.
1422 2019 1514 2043 xvn.
1550 2010 1612 2047 lib.
1636 2019 1667 2046 r.

955 2063 1057 2094 Pauli
1074 2066 1223 2095 sentent.
1252 2062 1334 2103 Rig.-
1659 2069 1679 2086 ν

995 2113 1109 2154 Jurgii
1118 2122 1242 2145 causam
1248 2111 1372 2154 intulit]
1389 2111 1514 2153 Inferre
1525 2115 1666 2146 cmm

954 2164 1055 2204 dixit,
1077 2164 1167 2196 sicut
1188 2164 1327 2205 elegans
1351 2163 1515 2205 scriptor,
1537 2162 1667 2196 Corn&-

953 2215 1017 2246 lius
1053 2215 1188 2256 Nepos,
1226 2224 1302 2256 pro,
1338 2213 1466 2256 aliquid
1503 2213 1666 2249 caussari.

952 2266 1087 2307 Schiop:
1114 2265 1230 2297 Caesar
1253 2264 1294 2297 de
1317 2265 1417 2296 Bello
1441 2263 1533 2296 Gall.
1555 2272 1582 2296 r.
1607 2265 1665 2296 89.

951 2318 961 2335 ‘
979 2315 1054 2348 Alia
1071 2325 1188 2348 caussa
1209 2315 1304 2347 illata
1313 2313 1334 2355 ;'
1359 2314 1424 2347 etsi
1441 2315 1498 2347 Fr,
1514 2313 1664 2347 Guietu·
1706 2355 1710 2361 ,

950 2369 984 2399 in
1002 2367 1092 2399 notis
1108 2366 1218 2399 adbuc
1231 2364 1407 2398 ἆνεκδότοις
1430 2365 1528 2398 malit
1553 2363 1663 2397 nauta.

950 2418 1079 2459 Dictys
1109 2417 1285 2449 Cretensis
1314 2417 1359 2448 de
1386 2416 1485 2448 Bello
1509 2415 1664 2457 Trojano·

951 2469 1008 2501 lib.
1036 2478 1060 2501 1.
1097 2468 1209 2501 ‘Haec
1240 2473 1343 2510 atque
1374 2467 1439 2499 alia
1467 2465 1661 2508 hujusmodi

949 2519 1122 2552 inferens!
1168 2521 1214 2552 Et
1226 2520 1375 2561 scriptor
1387 2518 1429 2551 ad
1446 2517 1660 2550 Herennium

949 2572 980 2601 4.
996 2572 1049 2602 35.
1067 2570 1077 2586 ‘
1094 2568 1221 2601 inferre
1230 2568 1504 2601 criniina'dixit.
1526 2568 1666 2600 mem

950 2619 1090 2660 Optime
1107 2624 1143 2651 et
1156 2620 1385 2660 Latinissime,
1397 2619 1441 2651 de
1456 2627 1510 2659 eo,
1521 2619 1578 2660 qni
1592 2628 1660 2652 non

949 2671 1091 2712 accipit,
1116 2671 1177 2703 sed
1207 2671 1304 2704 facit.
1349 2670 1485 2703 Hirtius
1507 2670 1551 2702 de
1579 2670 1660 2704 bell.

950 2723 1050 2765 Hisp.
1067 2733 1098 2755 c.
1119 2726 1148 2754 l.
1184 2724 1194 2741 ‘
1212 2724 1362 2764 Propter
1384 2722 1539 2764 pecuniae
1563 2730 1659 2763 mag·

948 2773 1138 2806 nitudiuem
1150 2774 1263 2815 aliqua
1275 2773 1305 2804 ei
1317 2771 1530 2804 inferebatur
1542 2779 1659 2812 causa,

948 2829 1000 2867 ut,
1022 2833 1063 2857 eo
1086 2824 1128 2856 de
1143 2823 1257 2856 medio
1273 2822 1422 2863 sublato,
1438 2831 1480 2854 ex
1506 2822 1581 2864 ejus
1597 2830 1656 2863 pe·
