1806 3236
358 257 560 291 rnatum
594 257 704 290 ΕΔΒ.
736 255 1043 307 manamaur!
1075 255 1176 288 mn.
1209 254 1283 287 111.
1313 244 1388 287 15.

137 353 231 400 quod
242 353 464 398 iel-nogotium
478 352 635 397 requirit.
671 353 760 388 Quae
776 361 845 385 non

139 410 259 450 potant
277 415 349 440 non
370 405 526 449 gignere,
542 410 724 449 postquam
740 405 847 439 semel

137 460 276 500 partam
287 457 461 500 concepit.
483 457 593 498 Schts.

182 511 225 543 1⁵
248 508 549 552 emancipatior]
566 509 617 543 Si.
628 510 696 543 Ms.
708 509 765 544 sit.
781 510 847 543 Le-

136 558 241 603 gandi
254 558 290 593 hi
313 568 455 594 versun
480 561 579 601 Civ'ue
600 565 740 603 potestas
760 562 848 594 nullo

134 610 344 653 &gignendo
359 610 446 653 suit,
462 612 530 644 Cur
553 610 644 646 hoec?
664 613 708 645 sit
731 612 848 655 potior,

135 662 349 706 quiajam-tio
360 663 502 697 merita
517 667 576 698 eet.
601 665 696 699 Gud.

182 713 264 751 Qua
280 714 439 756 jacentis]
465 715 631 748 Barthins
660 715 755 750 Adv.
784 715 848 749 lib.

137 773 229 799 xm.
251 775 283 799 c.
298 769 354 800 14.
379 767 431 799 ita
455 777 592 800 versum
617 767 709 800 hunc
735 777 848 800 emen-

140 816 224 851 dat:
251 818 399 851 cartae«.-
416 818 461 851 eit
481 819 599 861 potior,
623 830 694 862 ¹1¹⁴oe
708 819 849 860 jacentis

136 868 283 902 miserita
295 872 356 902 eet.
399 870 476 911 Ego
491 879 547 902 me
559 880 605 903 ex
618 870 683 903 hac
699 870 850 903 lectione

138 930 208 954 non
236 919 385 954 extrica.
419 920 527 960 Schet'.
585 922 675 956 Quae
697 921 850 964 jacentis

137 971 293 1004 miserita
306 975 375 1013 eat,
390 981 459 1005 non
474 976 529 1004 est
543 972 624 1013 alia,
635 982 738 1015 quam
753 972 850 1014 cnjus

137 1026 294 1065 potestas
309 1021 406 1055 nulla
418 1021 486 1056 fuit
501 1022 536 1055 in
551 1023 738 1066 gignendo.
763 1023 852 1055 Vult

138 1076 255 1106 autem
281 1073 534 1116 oppositionem
558 1073 689 1114 facere,
718 1078 756 1107 et
780 1084 851 1107 ma-

138 1128 228 1158 trem
244 1133 446 1167 comparare
460 1135 539 1158 cum
552 1135 607 1169 ea,
621 1136 700 1169 quae
716 1129 851 1159 tantum

137 1174 323 1218 prebebat
346 1175 464 1210 ubera.
508 1178 627 1212 Quare
650 1187 729 1210 mea
743 1177 853 1220 opini-

137 1235 204 1260 one
233 1226 302 1261 iota
330 1231 412 1260 aunt
440 1231 622 1271 corrupta,
658 1232 766 1272 atque
798 1228 851 1261 sic

137 1276 347 1312 scribenda.
386 1278 487 1320 Οιύιιε
517 1283 659 1322 potestas
693 1281 782 1313 anua
815 1280 852 1313 in

134 1328 389 1373 gigne-dom,
405 1331 472 1363 Cio·
485 1331 600 1364 Merit
615 1330 749 1374 potior?
770 1331 852 1374 quod

127 1379 268 1420 jamia
291 1381 438 1414 minema
458 1384 517 1425 eet,
536 1383 591 1424 &a
636 1383 708 1416 Cur
722 1381 851 1424 hac,id

139 1436 207 1475 cet,
233 1441 319 1466 vera
339 1437 464 1474 matre,
485 1434 531 1468 sit
556 1435 696 1477 potior?
725 1436 853 1479 quaerit

139 1483 264 1519 Canio:
290 1494 369 1518 cum
384 1490 502 1518 tamen
518 1486 563 1519 ab
575 1486 643 1520 hac
660 1486 766 1522 vitam
791 1487 852 1520 ha-

138 1532 235 1568 beas.
279 1535 482 1578 Respondet
497 1546 618 1580 agnus,
627 1538 854 1580 quodjacentis

137 1584 280 1619 nice-n·
292 1589 352 1619 eet.
373 1586 496 1620 Burm.

182 1636 348 1680 meiae]
369 1637 401 1670 1.
412 1646 444 1671 e.
452 1638 580 1672 auxilio
592 1638 774 1674 destituti:
793 1644 855 1674 aut

140 1686 238 1729 agri,
264 1697 310 1721 ex
338 1687 444 1722 fame.
500 1689 596 1724 Plin.
627 1692 694 1734 Ep.
722 1701 766 1724 11.
794 1694 851 1725 2⁰.

138 1739 315 1773 ‘Verania
341 1739 479 1774 Pisonis
509 1742 664 1784 graviter
684 1741 853 1785 jacebat?

138 1787 254 1832 Sapra
260 1787 331 1823 fab·
347 1793 401 1824 1⁴.
422 1792 432 1810 ‘
445 1791 516 1825 Hic
527 1802 606 1826 cum
613 1793 755 1836 jaceret
766 1803 855 1827 mor·

138 1838 186 1873 bo
214 1839 394 1875 confectus
424 1842 524 1885 gravi
541 1844 662 1878 ‘Rexz'
683 1845 735 1878 sic
761 1845 853 1878 enim

138 1890 340 1934 interpungi
366 1892 486 1927 debet.
530 1895 596 1928 Vel
623 1896 742 1937 etiam,
772 1905 854 1929 con-

139 1942 242 1976 temti
251 1951 293 1976 ac
303 1944 465 1986 neglecti.
487 1945 612 1979 Cicero
627 1956 690 1988 pro
703 1946 852 1979 Roscio:

138 1993 149 2012 ‘
162 1993 233 2027 Cur
248 1994 488 2038 tamdiu-jacet
511 1996 577 2030 hoc
601 2007 726 2030 nomen
742 1997 778 2029 in
794 1997 854 2029 ad-

139 2045 304 2078 versariis
315 2045 340 2078 ?‘
361 2056 464 2090 quam
477 2046 689 2081 locutionem
704 2058 787 2081 mox
801 2058 855 2081 re·

142 2095 246 2138 petit.
304 2096 384 2129 Vox
410 2102 466 2130 eet
488 2107 628 2140 semper
657 2098 854 2141 ἐνεργητική.

141 2147 275 2180 Pmoclt.
299 2147 411 2181 Notat
425 2149 588 2182 miserum
603 2149 734 2183 deserti
749 2161 771 2183 a
785 2161 856 2183 ma-

141 2202 198 2231 tre
208 2198 290 2241 agni
299 2203 441 2241 statum,
454 2200 552 2244 quasi
563 2200 719 2234 diceret:
745 2201 859 2234 Dedit

143 2249 267 2292 vitam,
296 2251 359 2284 sed
388 2256 429 2284 ut
459 2252 614 2295 eriperet
639 2252 769 2285 iterum
793 2262 858 2294 per

141 2300 414 2335 crudelissimam
458 2312 555 2336 suam
599 2303 856 2346 negligentiam,

100 2385 104 2395 ¹
142 2351 226 2385 du'm
234 2352 413 2395 jacentem
426 2363 481 2387 me
494 2364 537 2387 ne
550 2354 695 2397 respicit
707 2355 856 2398 quidem.

143 2402 203 2436 Sic
232 2402 271 2436 τὸ
290 2403 402 2444 jacere
429 2405 683 2449 elegantissime
711 2411 858 2449 usurpat

142 2454 292 2489 ovidius
308 2456 399 2488 Met.
417 2465 476 2489 xv.
489 2459 565 2490 221.
587 2458 598 2475 ‘
614 2457 741 2490 Editus
754 2458 789 2490 in
805 2459 857 2491 lu-

143 2515 220 2540 cem
229 2507 346 2550 jacuit
361 2507 438 2540 sine
451 2508 582 2541 viribus
597 2508 735 2542 infans)
751 2509 858 2549 διελεῖ.

188 2561 231 2591 16
253 2559 446 2601 Dulcemque
478 2562 588 2601 sponte
610 2563 744 2602 prestat
770 2561 859 2594 bene-

143 2610 327 2652 mentium]
352 2611 526 2644 Nimirum
541 2621 561 2644 e
576 2621 723 2644 mamma
738 2612 792 2645 lac
805 2622 858 2644 su-

124 2685 127 2688 ,
144 2660 293 2702 gendum
305 2661 466 2704 praebuit.
505 2661 667 2694 Clemens
679 2661 856 2695 Alexand.

143 2711 290 2755 Pedag.
306 2722 333 2746 1.
357 2713 451 2753 Πηγὴ
472 2714 591 2755 τροφῆς
610 2711 648 2744 τὸ
667 2711 766 2754 γάλα·
783 2711 858 2754 ᾧδὴ

145 2761 199 2795 καὶ
207 2763 289 2803 γυνὴ
309 2762 390 2804 δήλη
403 2764 541 2797 τεκοῦσα
550 2765 674 2804 ἀληθῶς
684 2764 736 2797 καὶ
744 2763 857 2807 μήτηρ.

146 2814 183 2846 δι’
203 2811 240 2849 οὗ
250 2813 303 2848 καὶ
323 2814 456 2860 φίλτρον
467 2816 587 2852 εὐνοίας
604 2815 857 2860 προσλαμβάνει.

1521 243 1609 287 537

898 351 992 386 Gell.
1012 350 1073 384 lib.
1087 359 1155 384 xn.
1168 360 1250 394 cap.
1271 352 1304 383 1.
1319 348 1478 383 Macrob.
1491 351 1609 383 Satur.

898 412 934 436 v.
945 412 1024 445 cap.
1040 405 1096 436 11.
1129 402 1208 444 Εἰς.
1354 424 1357 426 -

942 457 983 486 17
1007 454 1104 487 Facit
1116 463 1187 496 par.
1199 453 1260 486 bon
1273 463 1348 486 non.
1360 452 1543 495 necessitas]
1559 454 1609 486 D.

899 504 1101 538 Ambrosius
1123 504 1167 537 de
1185 503 1290 538 Offic.
1306 514 1332 538 ι.
1360 505 1442 538 ‘Illi
1463 505 1611 538 uecessi-

899 561 975 590 tate
990 556 1194 599 diliguntur,
1205 566 1283 599 qnae
1305 566 1373 590 uon
1388 557 1472 589 satis
1485 556 1613 589 idonea

899 614 1007 652 atque
1022 608 1186 642 diuturna
1207 613 1262 642 est
1276 609 1320 642 ad
1337 609 1612 653 perpetuitatem

900 659 1067 701 diligendi
1081 660 1272 702 magistra?
1297 660 1380 702 Rig.

944 711 1139 753 Neceesitae]
1162 712 1308 745 Naturae
1321 712 1468 746 scilicet.
1512 712 1614 746 Simi-

899 763 982 795 liter
995 763 1123 796 alicubi
1137 763 1272 796 Cicero.
1311 763 1481 806 Congruit
1496 764 1615 797 nonni-

899 815 948 847 hil
963 824 1041 849 cum
1054 815 1157 857 hujus
1179 819 1384 858 argumento
1401 814 1527 849 fabulae
1544 816 1615 848 dis-

902 865 1039 908 putatio
1066 865 1256 898 Phavorini
1282 866 1375 909 apud
1402 867 1553 900 Gellium
1569 868 1614 900 de

903 916 1020 949 sobole
1036 925 1104 948 non
1120 920 1258 949 tantum
1273 917 1443 959 parienda
1455 928 1476 951 a
1490 923 1616 960 matre,

901 969 962 1002 sed
975 972 1011 1002 et
1026 970 1201 1003 laetanda.
1223 970 1312 1004 Ritt.

950 1020 1144 1062 Necessitas]
1167 1021 1297 1054 Fontes
1309 1022 1410 1064 hujus
1431 1022 1616 1065 disputati-

903 1072 978 1105 onis
994 1076 1078 1115 pete
1093 1082 1137 1104 ex
1151 1072 1286 1105 Seneca
1310 1073 1398 1106 Exc.
1414 1074 1536 1107 Contr.
1555 1082 1614 1106 111.

904 1126 936 1156 3.
952 1123 1077 1156 Grotio
1091 1123 1125 1157 J.
1143 1123 1188 1156 B.
1200 1127 1237 1156 et
1253 1124 1296 1156 P.
1310 1133 1352 1156 11.
1366 1126 1399 1157 7.
1411 1127 1443 1158 4.
1466 1125 1616 1158 cellario

904 1175 1011 1209 Polit.
1034 1184 1060 1208 1.
1077 1178 1111 1208 4.
1129 1178 1183 1208 16.
1227 1174 1320 1208 Vide
1333 1175 1453 1218 etiam,
1466 1176 1548 1219 quid
1571 1176 1617 1209 de

902 1227 1060 1261 Voconia
1074 1228 1167 1269 lege,
1187 1227 1198 1246 ‘
1214 1227 1271 1261 Ne
1283 1228 1358 1271 quis
1374 1228 1549 1262 haeredem
1565 1228 1618 1262 se-

903 1279 1029 1312 minam
1050 1279 1203 1322 scribat‚’
1220 1280 1358 1323 judicet
1372 1280 1558 1323 Augustin.
1575 1280 1619 1314 C.

903 1331 951 1364 D.
974 1339 1035 1364 m.
1058 1333 1114 1364 21.
1143 1340 1246 1374 quam
1272 1336 1473 1374 propugnat
1499 1337 1617 1365 tamen

903 1380 1082 1415 Gaudent.
1111 1382 1155 1414 de
1182 1381 1264 1416 fem.
1286 1383 1376 1416 excl.
1411 1392 1433 1416 a
1462 1392 1615 1416 success.

903 1433 1040 1467 Praecla.
1060 1433 1072 1451 ‘
1084 1433 1231 1467 Naturae
1249 1432 1412 1476 scilicet,'
1426 1434 1476 1467 ait
1485 1434 1619 1468 Ritter·

902 1484 1046 1518 shuaius.
1091 1485 1139 1518 Et
1159 1494 1242 1518 sane
1270 1485 1354 1528 quin
1381 1486 1548 1529 respiciat
1573 1485 1621 1519 ad

904 1536 1148 1569 necessitatem
1164 1536 1317 1579 aliquam
1328 1536 1455 1570 edendi
1469 1546 1620 1579 concep-

904 1590 979 1619 tum
1008 1587 1116 1619 semel
1153 1591 1307 1629 partum,
1342 1587 1429 1620 nihil
1465 1588 1619 1630 ambigo,

904 1637 1054 1670 maxime
1066 1647 1145 1670 cnm
1162 1637 1340 1680 praecedat
1355 1638 1399 1672 de
1416 1638 1526 1672 effusa
1548 1649 1619 1673 sar-

905 1689 996 1723 cina.
1042 1689 1241 1724 Gronovius
1252 1692 1400 1733 exponit
1413 1691 1540 1724 Obser.
1554 1691 1618 1725 lib.

905 1750 948 1774 ιι.
963 1750 1042 1783 cap.
1058 1743 1091 1774 2.
1113 1742 1123 1759 ‘
1138 1741 1294 1774 ordinem
1309 1741 1470 1785 naturae‚'
1484 1752 1552 1786 quo
1566 1742 1620 1775 in·

905 1802 1013 1826 nuere
1023 1792 1059 1825 id
1069 1793 1183 1834 ipsum
1196 1792 1286 1826 velle
1298 1792 1450 1836 videtur,
1459 1792 1552 1835 quod
1563 1802 1621 1826 an-

905 1847 941 1876 te
954 1842 1086 1876 dictum
1098 1847 1165 1876 est.
1210 1843 1258 1875 Et
1269 1842 1368 1876 addit
1383 1853 1427 1876 ex
1435 1844 1597 1878 ,Charisio
1607 1854 1619 1876 :

906 1899 915 1914 ‘
936 1895 1043 1928 Nullo
1069 1894 1215 1927 coneilio
1236 1893 1366 1927 liberos
1389 1894 1620 1937 generamus?

905 1946 1038 1978 Verum
1049 1950 1197 1988 praestat
1211 1945 1323 1988 ipsum
1339 1947 1469 1987 legere.
1514 1946 1622 1979 Rimi-

905 1996 979 2030 cius
992 1996 1100 2029 habet
1114 1997 1282 2039 nativitas,
1310 1997 1403 2040 quod
1427 1997 1621 2031 Neveletus

908 2048 958 2081 ait
972 2057 1048 2080 esse
1068 2048 1172 2090 longe
1194 2048 1401 2090 elegantius.
1425 2047 1533 2088 Sedes.
1577 2049 1622 2082 Iu

907 2099 997 2131 hanc
1013 2098 1225 2131 sententiam
1249 2099 1328 2131 vide
1345 2099 1460 2132 Cicer.
1476 2099 1521 2132 ad
1537 2100 1622 2134 Qui.

909 2149 967 2182 rit.
984 2154 1062 2191 post
1077 2147 1194 2181 Redit.
1208 2158 1286 2191 cap.
1302 2151 1335 2182 2.
1350 2153 1387 2182 et
1408 2150 1624 2183 Declamati-

909 2210 992 2233 ones
1008 2200 1072 2232 sub
1096 2200 1234 2233 nomine
1259 2200 1488 2234 Quinctiliani
1514 2202 1624 2235 editas

911 2260 990 2284 xvr.
1020 2244 1107 2285 2785
1126 2253 1203 2284 3⁷2.
1235 2256 1272 2284 et
1301 2251 1427 2286 Barth.
1455 2252 1500 2286 ad
1527 2253 1622 2287 Stat.

908 2303 992 2336 Silv.
1008 2312 1051 2336 11.
1068 2306 1096 2336 1.
1113 2305 1166 2336 87.
1188 2303 1303 2336 Burm.

953 2357 996 2388 19
1021 2354 1183 2387 Obsistere
1197 2354 1338 2387 homines
1351 2355 1488 2398 leg-ibus]
1513 2356 1624 2389 Obsis-

909 2408 978 2438 tere
992 2409 1057 2446 est,
1069 2414 1278 2447 repugnare,
1300 2404 1477 2439 adversari
1493 2417 1501 2439 ι
1527 2408 1626 2449 leges,

902 2457 1002 2499 jussa
1017 2460 1099 2489 sunt
1123 2460 1161 2488 et
1187 2455 1335 2498 imperia
1357 2457 1625 2500 qualiacunque,

910 2518 988 2551 quae
1015 2507 1097 2550 quid
1125 2507 1272 2549 exigunt
1288 2517 1308 2539 a
1324 2507 1424 2540 nobis
1449 2507 1540 2549 fieri,
1566 2510 1623 2542 vel

909 2569 978 2592 non
993 2557 1093 2599 fieri3
1117 2562 1168 2596 ut,
1192 2558 1360 2601 sanguine
1377 2559 1535 2602 junctos,
1562 2570 1623 2603 pa-

910 2614 1027 2643 rentes
1037 2614 1075 2643 et
1089 2609 1229 2651 liberos,
1239 2619 1354 2642 amare
1368 2620 1405 2642 se
1415 2615 1547 2653 mutuo,
1554 2622 1623 2645 non

909 2662 989 2694 odio
1004 2661 1178 2704 prosequi,
1191 2660 1332 2694 debere.
1377 2661 1508 2694 Contra
1528 2663 1623 2705 quod

909 2717 1076 2755 peccatur
1092 2722 1199 2754 saepe,
1213 2711 1294 2745 dum
1321 2712 1495 2746 ‘Nitimur
1510 2713 1547 2747 in
1563 2724 1622 2748 ve-

909 2763 1037 2806 titum,’
1054 2764 1130 2796 vult
1145 2763 1270 2796 dicere.
1295 2762 1403 2804 Schef.

956 2816 1117 2851 Obsistere
1144 2814 1282 2849 homines
1312 2814 1456 2857 1egibus‚·
1498 2816 1624 2852 merm-
