1806 3236
210 236 296 281 436

209 341 365 383 ιῦπρεπεΐς
386 338 416 372 οἵ
438 340 582 379 λειμῶνες
605 338 639 371 ἐν
659 339 825 382 μετοπώρῳ
846 341 912 373 τοῖς

209 391 323 424 ἄνθεσι.
338 389 475 431 μέμνησο
490 390 541 422 καὶ
556 389 697 422 θανάτου.
722 391 804 431 Rig.

251 443 361 475 Annos
389 441 504 482 celans]
541 441 702 482 Propert.
730 441 827 482 Eleg.
853 450 912 473 ιιι.

207 493 271 526 ult.
294 491 365 523 ‘At
377 495 412 523 te
427 490 547 552 celatis
564 495 647 523 aetas
661 491 774 532 gravis
792 495 913 533 urgeat

207 540 324 576 annis?

251 591 439 632 Elegantia]
461 591 552 624 Puto
565 592 693 623 cultum
707 595 742 624 et
752 595 911 624 ornatum

206 644 415 686 intelligere.
460 643 510 674 Ut
533 642 625 683 apud
641 643 805 675 Plautum
821 643 912 675 acci-

206 696 301 737 pitur
327 695 362 726 in
385 694 479 727 Prol.
503 694 614 726 Merc.
637 693 736 725 ‘Nec
753 694 810 735 pol
832 703 910 735 pro-

205 743 487 786 fectoquisquam
498 742 568 774 sine
577 742 697 784 grandi
707 743 807 783 malo,
815 743 910 775 Prae-

203 799 363 838 terquam
379 804 432 827 res
457 794 601 836 patitur,
629 793 746 826 studet
775 794 910 835 elegan-

203 845 290 879 tiae.¹
333 845 449 887 Atque
479 845 530 876 ita
556 844 668 876 Faber
693 844 729 876 in
753 844 841 877 notis
865 845 911 877 ad

205 897 394 930 editionem
417 899 570 928 nostram
591 895 756 936 priorem.
807 895 817 913 ‘
832 895 910 929 Hoc

201 946 305 989 loc0,’
321 947 379 985 ait,
399 946 412 992 ,‘
425 944 629 987 elegantiam
652 944 688 976 id
718 954 792 977 esse
821 945 910 977 arbi-

204 1001 293 1038 tror,
314 995 403 1039 quod
421 995 599 1036 galanterie
614 995 797 1028 vocamus.’
839 996 910 1028 Ne-

204 1058 273 1091 que
302 1046 393 1079 aliud
418 1047 632 1078 intellectum
661 1046 816 1078 volumus
846 1056 910 1088 per

203 1100 389 1139 apparatum
417 1096 553 1136 varium,
583 1105 683 1138 quem
716 1106 795 1128 mox
824 1096 910 1129 dici-

201 1157 297 1180 mus:
322 1147 402 1179 ideo
416 1149 453 1178 et
463 1147 627 1187 elegantiae
640 1146 842 1188 adjecimus.
866 1147 909 1179 Id

203 1197 296 1241 quod
322 1207 377 1230 res
401 1197 477 1239 ipsa
502 1197 617 1229 docet.
661 1197 747 1231 Quis
761 1197 851 1229 enim
863 1197 911 1229 sit

203 1251 389 1289 apparatus
414 1247 499 1279 alius
523 1246 557 1279 in
573 1246 777 1289 obtegendis
800 1247 907 1288 canis,

203 1297 248 1329 de
268 1297 392 1340 quibus
407 1295 632 1338 loquebamur
648 1296 683 1328 in
699 1296 852 1329 editione
868 1297 907 1329 il-

201 1348 260 1380 la?
303 1348 428 1389 Itaque
444 1347 509 1379 hoc
526 1346 662 1389 quidem
677 1347 813 1380 nomine
829 1357 871 1380 an
885 1359 907 1382 a

200 1398 314 1432 Fabro
329 1397 547 1430 debuerimus
563 1397 685 1438 notari,
695 1397 837 1431 aliorum
847 1398 906 1440 ju-

199 1448 327 1482 dicium
342 1452 408 1481 est.
453 1448 495 1480 Id
511 1457 573 1480 nos
589 1447 703 1489 potius
718 1447 831 1480 Faber
845 1448 906 1481 do-

201 1502 295 1540 ceat,
320 1497 490 1540 quomodo
514 1497 572 1529 hic
596 1497 783 1537 elegantiam
798 1498 905 1539 expli-

201 1554 280 1583 care
294 1550 408 1582 valeat
424 1547 615 1589 gelante-ie,
629 1548 658 1580 si
675 1548 826 1580 retineat
838 1548 904 1581 cni-

200 1602 286 1642 dam,
306 1600 397 1643 quod
423 1600 458 1631 in
481 1598 549 1630 suis
574 1597 659 1630 facit
683 1598 902 1632 editionibus.

199 1651 337 1683 Etenim
353 1649 382 1681 si
401 1649 466 1681 hac
481 1649 655 1690 elegantia
668 1651 834 1690 teguntur
848 1659 905 1682 an-

199 1702 236 1734 ni
251 1702 386 1742 cuidam,
401 1708 542 1732 necesse
557 1702 611 1731 est
624 1702 663 1731 ut
677 1699 711 1730 in
727 1703 903 1740 posterum

201 1756 238 1784 et
254 1752 403 1783 virorum
429 1750 544 1791 capita
556 1749 733 1789 galanterie
757 1749 815 1781 illa
830 1758 902 1782 cre-

199 1802 319 1834 damus
333 1804 465 1833 ornata.
512 1798 580 1831 Sed
594 1797 750 1831 fortassis
764 1803 828 1840 p‘er
843 1809 903 1839 ga.

200 1851 333 1884 lanterie
347 1850 462 1882 Faber
476 1849 543 1881 oris
567 1858 608 1881 ac
632 1848 795 1881 sermonis
811 1859 902 1882 ama-

197 1902 368 1935 bilitatem
384 1900 596 1932 intellectam
621 1899 741 1941 voluit,
755 1909 831 1931 eum
843 1909 902 1940 ga-

198 1953 283 1984 lante
296 1950 398 1984 hodie
410 1950 455 1982 sit
467 1948 591 1989 Gallis,
609 1958 686 1991 quae
696 1949 804 1990 vultu,
825 1959 900 1991 ges-

200 2006 240 2034 tu
261 2001 426 2043 corporis,
461 1998 626 2032 sermonis
659 1999 828 2031 suavitate
863 2009 900 2033 se

201 2050 420 2085 commendat
449 2049 541 2082 viris.
587 2048 710 2091 Neque
739 2048 901 2091 displicet

199 2103 275 2134 haec
299 2101 484 2143 expositio,
509 2099 591 2132 licet
608 2099 764 2139 elegantia
778 2099 827 2132 sic
844 2100 900 2132 ab·

199 2152 323 2192 solute,
346 2160 409 2192 pro
433 2149 602 2191 elegantia
626 2153 663 2181 et
688 2149 900 2183 amabilitate

199 2210 331 2233 morum
365 2199 491 2242 posita,
528 2199 587 2231 vix
617 2198 698 2230 alibi
729 2204 900 2232 occurrat.

199 2252 247 2284 Et
263 2251 375 2283 solent
390 2248 546 2291 profecto
560 2247 635 2280 fere
651 2248 899 2290 aniculae‚.cum

198 2310 269 2332 non
295 2300 428 2342 possint
452 2299 572 2331 formae
598 2298 814 2340 praestantia,
830 2308 899 2332 ser-

199 2349 309 2383 monis
334 2353 520 2392 gestusque
546 2348 716 2381 suavitate
730 2349 847 2380 conari
862 2359 899 2381 se

198 2402 370 2433 insinuare
394 2400 429 2431 in
453 2409 601 2431 amorem
625 2399 786 2431 virorum.
830 2399 898 2432 Sed

198 2460 401 2493 quocunque
417 2450 518 2482 modo
533 2450 696 2491 explices,
711 2457 777 2480 non
793 2450 898 2491 quad-

199 2509 278 2533 rare
291 2500 331 2532 τὸ
346 2501 467 2532 cuidam
487 2500 629 2542 poterit.
674 2500 810 2531 Etenim
826 2500 898 2532 sive

199 2551 370 2583 suavitate
400 2550 469 2591 illa,
504 2558 603 2592 quam
638 2548 796 2591 praedixi,
826 2550 898 2582 sive

200 2601 297 2634 cultu
322 2604 512 2642 ornatuque
542 2604 683 2641 caetero,
707 2600 898 2641 praesertim

200 2650 337 2691 capitis,
365 2649 530 2682 celaverit
555 2659 658 2682 annos
680 2652 896 2691 aetatemque,

200 2708 268 2730 non
294 2698 450 2740 profecto
479 2709 555 2731 eam
584 2699 673 2732 texit
702 2699 751 2731 illi
774 2699 896 2732 mediae

197 2749 326 2791 atatis,
351 2758 468 2783 verum
494 2749 570 2786 sibi.
593 2748 695 2789 Senes.
738 2748 827 2783 Vide
853 2749 898 2782 de

677 242 822 277 1401·AE
854 227 1120 280 amonim
1153 248 1205 280 m

959 341 1026 375 hoc
1051 343 1157 377 verbo
1183 343 1274 378 Gell.
1298 353 1351 378 x1.
1367 354 1399 378 c.
1416 349 1447 379 2.
1472 345 1530 389 qui
1558 345 1663 382 doces

960 393 1115 433 elegantes
1128 393 1280 428 homines
1295 396 1376 437 dici,
1386 397 1441 439 qui
1457 397 1554 430 nimis
1568 398 1665 435 lecto

960 452 1160 486 amoenoque
1199 446 1295 478 cultu
1330 448 1495 490 victuque
1534 453 1671 484 essent.

962 493 1128 527 Columel.
1147 494 1191 526 de
1215 496 1267 527 Re
1291 497 1392 530 Rust.
1418 507 1484 530 vn.
1498 502 1531 531 2.
1553 499 1670 534 ‘Tum-

961 542 1065 574 etiam
1080 544 1171 575 casei
1185 544 1353 588 lactisque
1369 547 1578 586 abundantia
1592 560 1665 583 non

961 592 1068 624 solum
1105 598 1260 634 agrestes
1289 600 1434 638 saturat,
1469 598 1530 630 sed
1556 599 1667 632 etiam

960 642 1169 684 elegantium
1182 654 1314 678 mensas
1322 646 1484 687 jucundis
1497 653 1533 681 et
1546 651 1673 683 nume-'

959 693 1045 725 rosis
1072 693 1216 735 dapibus
1242 696 1410 728 exornat?
1453 697 1511 731 Ita
1523 699 1578 732 bic
1603 701 1664 733 de·

958 743 1072 783 gantia
1086 753 1149 785 pro
1171 745 1267 777 cultu
1292 750 1330 778 et
1344 750 1466 779 ornatu
1480 749 1659 791 exquisitir

961 793 1012 825 ori
1028 794 1177 835 ponitur.
1221 796 1268 828 Et
1282 796 1346 829 hoc
1362 801 1426 839 est,
1437 797 1662 840 quod÷0vidi-

962 852 1001 875 us
1016 843 1115 885 dicit,
1140 844 1219 878 Art.
1234 854 1278 877 11.
1294 849 1369 879 677.
1396 847 1441 879 de
1463 851 1569 881 aetate
1585 849 1662 891 5⁸⁸¹

962 894 1135 935 provectis
1160 894 1314 928 feminis:
1352 897 1363 915 ‘
1376 896 1452 929 111ae
1487 897 1669 938 mnnditi‘u.

962 952 1128 976 annorum
1143 944 1269 977 damna
1284 946 1492 989 rependunt,
1517 948 1564 981 Et
1577 947 1673 983 faci-¹

961 996 1024 1025 unt
1040 1003 1133 1035 cura,
1158 1004 1202 1027 ne
1225 995 1408 1029 videantur
1430 998 1536 1031 snus?
1582 999 1665 1033 mic

960 1044 1114 1076 munditia
1129 1047 1195 1087 est,
1211 1055 1287 1088 quae
1309 1047 1365 1079 hic
1385 1047 1552 1087 elegantia.
1603 1050 1663 1085 lta

959 1093 970 1112 ‘
984 1095 1190 1136 Elegantes’
1208 1099 1245 1128 et
1265 1096 1277 1115 ‘
1289 1096 1437 1129 Mundos
1449 1097 1459 1112 '
1483 1098 1662 1140 conjungit

961 1144 1083 1177 Cicero
1107 1145 1151 1178 de
1175 1145 1290 1179 Finib.
1316 1155 1357 1179 11.
1380 1150 1412 1179 8.
1439 1150 1476 1179 et
1490 1148 1662 1190 Neposin

959 1193 1079 1227 Attico
1097 1196 1388 1238 x111.‘Elegans,
1412 1205 1480 1228 non
1505 1197 1660 1238 magnifi-

958 1253 1031 1285 cus,
1041 1246 1255 1287 splendidus,
1267 1256 1333 1278 non
1347 1250 1554 1288 sumtuosns,
1567 1248 1660 1281 omni

958 1293 1138 1335 diligentia
1161 1295 1363 1329 munditiem
1379 1305 1448 1328 non
1462 1294 1659 1354 affluentem

957 1343 1166 1378 affectabat!
1188 1337 1302 1380 Burm.
1627 1362 1637 1376 π

999 1398 1019 1426 5
1047 1396 1248 1438 Animosque]
1271 1397 1365 1430 Ante
1386 1398 1477 1431 hunc
1491 1399 1662 1433 excidisse

957 1444 1086 1486 aliquid
1101 1447 1237 1487 putavit
1267 1447 1450 1491 Meumius,
1476 1448 1580 1492 idque
1608 1450 1659 1483 ait

956 1504 1031 1528 esse
1046 1500 1117 1528 tam
1130 1501 1278 1539 certum,
1294 1508 1395 1540 quam
1408 1499 1515 1531 solem
1530 1500 1660 1535 lucere.

956 1545 1071 1577 Faber
1085 1556 1220 1589 quoque
1235 1547 1400 1580 inclinare
1421 1549 1488 1582 hnc
1508 1550 1658 1585 videtur.

954 1595 1024 1628 Sed
1037 1595 1102 1629 hoc
1117 1596 1249 1630 frustra
1269 1596 1360 1639 fieri,
1374 1592 1533 1632 constare
1544 1603 1661 1641 potest

955 1654 998 1677 ex
1014 1647 1257 1688 superioribus.
1302 1648 1372 1680 Pro
1382 1648 1659 1692 Animos,1egen-

955 1695 1034 1728 dum
1046 1697 1194 1729 Animum
1207 1697 1400 1731 existimare
1410 1705 1513 1741 queat
1524 1699 1669 1743 aliquia.-

952 1746 1079 1778 Tamen
1096 1747 1219 1779 Cicero
1232 1757 1367 1790 qnoque
1381 1749 1446 1781 hoc
1459 1748 1574 1787 modo,
1587 1749 1657 1782 etsi

953 1804 1054 1827 sensu
1091 1796 1170 1838 alio,
1205 1797 1240 1828 in
1278 1798 1342 1829 Or.
1374 1807 1437 1839 pro
1466 1799 1506 1830 L.
1533 1799 1653 1831 Mani!-

952 1845 963 1864 ‘
976 1847 1063 1879 Quae
1077 1847 1199 1880 civitas
1222 1852 1276 1880 est
1297 1849 1333 1880 in
1353 1848 1448 1890 Asia,
1462 1859 1539 1891 quae
1553 1850 1655 1882 unius

952 1895 1083 1928 tribuni
1093 1897 1237 1930 militum
1248 1898 1376 1931 animos
1389 1908 1430 1931 ac
1444 1899 1582 1942 spiritus
1597 1908 1654 1932 οι-

953 1955 1037 1988 pere
1053 1948 1160 1988 possit
1169 1947 1193 1979 ?’
1215 1948 1321 1987 Schef.

993 1998 1140 2040 Juvenis]
1179 1999 1362 2032 Juvencnla.
1412 2001 1507 2033 Puto
1536 2003 1652 2034 autem

951 2048 1025 2080 haec
1041 2048 1108 2081 duo
1123 2049 1258 2082 divisim
1271 2059 1347 2082 esse
1360 2050 1577 2093 accipienda,
1590 2060 1656 2094 pro

947 2099 1079 2140 pulchra
1090 2102 1120 2132 et
1128 2099 1264 2139 juvenis.
1308 2100 1398 2133 Nam
1403 2100 1532 2141 juvenis
1540 2101 1575 2134 in
1590 2100 1652 2134 foe-

951 2149 1079 2181 minino
1097 2159 1224 2191 genere
1238 2159 1308 2182 non
1335 2150 1522 2183 invenitur.
1565 2150 1656 2183 Vide

951 2199 1051 2230 Voss.
1076 2198 1121 2231 de
1149 2198 1249 2232 Anal.
1277 2199 1335 2232 lib.
1359 2209 1386 2232 1.
1411 2203 1521 2244 ⁰2¹⁵·
1542 2199 1650 2240 Schts.

951 2249 1025 2281 Imo
1039 2258 1122 2282 vero
1138 2250 1347 2292 conjunctim
1359 2249 1562 2292 accipienda
1575 2260 1651 2285 esse

946 2299 1076 2340 pulchra
1100 2299 1238 2340 Juvenis,
1266 2304 1303 2332 et
1331 2300 1488 2332 vossium
1517 2301 1650 2342 lapsum

951 2358 1038 2390 esse,
1051 2358 1127 2380 cum
1143 2348 1403 2391 significatione,
1416 2359 1485 2382 non
1498 2353 1650 2385 structu-

951 2409 1000 2441 ra,
1029 2408 1208 2431 commune
1237 2409 1311 2432 esse
1341 2399 1470 2440 docuit,
1498 2399 1649 2433 ostendit

948 2449 1131 2482 Muncker.
1151 2449 1194 2481 ad
1222 2449 1348 2491 Hygin.
1362 2449 1432 2482 fab.
1449 2452 1523 2482 182.
1544 2449 1650 2485 Ovid,

947 2498 1025 2533 Art.
1042 2509 1068 2533 1.
1084 2503 1137 2532 64.
1160 2499 1259 2532 ‘Sive
1285 2500 1382 2541 cupis
1397 2500 1572 2541 juvenem,
1589 2498 1647 2540 ja-

947 2559 1050 2582 venes
1061 2549 1126 2582 tibi
1137 2550 1230 2582 mille
1243 2548 1432 2591 patebunt:
1474 2549 1565 2583 Plin.
1579 2557 1647 2581 vn.

946 2603 999 2633 26.
1019 2600 1030 2619 ‘
1046 2601 1205 2632 Cornelia
1219 2601 1308 2633 enim
1323 2600 1460 2642 juvenis
1472 2599 1550 2632 est.’
1573 2599 1584 2618 ‘
1595 2599 1644 2633 A-

945 2650 1035 2682 mica
1053 2649 1215 2690 juvenis‚’
1243 2649 1417 2683 Claudian.
1438 2649 1474 2682 in
1499 2649 1645 2692 Eutrop.

946 2698 1054 2734 Praef.
1065 2699 1125 2732 lib.
1139 2702 1248 2732 11.23.
1272 2700 1385 2732 Burm.

990 2753 1012 2783 6
1027 2749 1143 2792 Pares]
1178 2749 1331 2793 Similes3
1354 2749 1503 2784 refertur
1526 2751 1571 2784 ad
1585 2759 1644 2784 ex·
