1806 3236
212 181 299 226 136
502 196 704 229 ramniu
739 196 1050 229 FABULARUM
1082 197 1382 231 AEsormnvm

212 290 466 335 Fastidiose
486 298 633 335 tamen
652 295 697 336 in
717 281 881 336 coetum
900 295 1112 350 recipior.-

212 358 332 411 Quid
354 360 496 403 credis
516 362 581 404 illi
601 362 816 413 accidere,
835 362 911 417 q‘ui
931 365 1110 417 mag-uns
1130 375 1239 417 opes

206 479 259 511 dio
270 479 305 512 in
320 489 438 513 earnm
448 491 621 515 numerum.
668 483 755 519 Quid
769 470 931 517 existimas
944 484 994 516 illi
1008 484 1268 529 eventurumffui
1288 485 1391 516 studet
1414 484 1498 517 mm·
1521 494 1597 517 cum
1609 490 1669 528 q?

823 593 1061 606 nunno...

207 662 285 696 huic
314 662 528 697 incommodo
560 666 715 698 medetur
739 666 960 708 transpositio
990 667 1159 709 Prnschii,
1186 667 1285 699 vitam
1310 667 1344 699 in
1367 667 1457 708 hanc,
1484 666 1667 700 addicente

206 706 381 738 Bentleio.
419 707 585 749 Superest
599 712 713 741 tamen
726 710 817 742 eliud
831 710 947 748 ulcus;
969 711 1049 752 quid
1065 710 1156 742 enim
1171 714 1223 742 est
1237 710 1328 742 laude
1347 708 1472 743 invita?
1494 709 1669 752 quodni·-

205 749 315 790 plicet
334 750 470 790 multis;
493 761 603 793 neque
618 752 708 784 enim
729 762 864 784 sensum
879 752 984 785 habet
999 753 1224 792 commodum,
1238 762 1302 785 nec
1325 753 1488 794 repetitio
1512 752 1668 793 e'usdem,

206 790 282 824 fere
306 794 390 832 soni,
404 793 505 826 invita
518 794 553 826 in
567 791 679 836 vitain,
695 794 776 827 ferri
791 800 916 837 potest.
961 793 1262 827 Hinc'Gronovius
1277 792 1454 828 substituit
1469 797 1481 827 l
1543 805 1559 828 e
1570 792 1669 836 vinda,

205 834 229 866 i.
242 844 272 866 e.
299 836 370 867 solo
391 835 500 868 laudis
522 846 648 875 amore,
664 848 732 870 non
748 838 792 871 ob
808 838 899 870 aliud
916 839 1114 879 praemium;
1136 848 1237 880 quam
1253 838 1436 870 lectionem
1450 839 1666 870 Burmannus

205 877 323 910 multis
349 877 500 912 suffulsit
528 880 627 921 locis,
651 881 712 913 sed
739 885 856 913 tamen
884 890 997 920 sensu,
1028 891 1094 923 quo
1128 880 1323 914 Gronovius
1354 881 1461 923 cepit,
1491 890 1559 922 non
1586 881 1670 915 sutis

204 920 365 953 Latinum
391 925 501 962 putat.
545 922 668 966 Itaque
683 925 774 956 laude
794 925 892 956 multa
908 923 1012 956 Gudii
1038 924 1071 956 ei
1095 924 1222 956 rectius
1238 923 1386 964 videtur,
1401 924 1467 958 nisi
1488 923 1669 966 gloriosius

204 962 334 995 dictum
352 963 460 996 videri
478 967 599 1007 possit.
643 967 712 999 Sed
723 967 847 1008 passim
858 966 1023 1000 Phaedrus
1035 966 1098 999 sibi
1107 976 1203 999 more
1217 971 1369 999 veterum
1382 966 1519 1005 laudem
1535 966 1669 1010 tribuit,

205 1010 243 1038 et
256 1006 320 1038 hoc
333 1007 410 1039 loco
423 1018 520 1050 aeque
535 1009 652 1042 dicere
668 1010 782 1052 potuit
794 1010 892 1042 multa
901 1011 1005 1050 laude,
1017 1020 1057 1042 ac
1075 1019 1122 1042 vs.
1134 1013 1188 1042 61.
1211 1009 1312 1052 hujus
1327 1009 1484 1052 Prologi,
1495 1010 1506 1028 ‘
1519 1009 1668 1042 solennis

135 1074 138 1076 μ
204 1048 285 1081 mihi
300 1050 447 1082 debetur
461 1052 591 1092 gloria!
638 1053 788 1094 Deinde,
802 1052 1007 1084 observante
1022 1053 1151 1093 Gudio,
1167 1053 1269 1085 invita
1284 1057 1322 1085 et
1337 1054 1435 1085 multa
1452 1061 1517 1084 uuo
1529 1052 1667 1086 eodem-

204 1101 273 1133 que
286 1091 359 1125 fere
374 1093 475 1126 modo
490 1095 525 1126 in
539 1096 683 1128 vetustis
700 1096 906 1134 membranis
927 1096 1121 1128 scribuntur
1135 1107 1145 1135 ς
1169 1100 1266 1128 certe
1280 1096 1315 1128 in
1330 1100 1367 1128 et
1383 1107 1414 1128 m
1427 1096 1583 1136 dignosci
1597 1105 1668 1128 uon

203 1139 359 1176 possunt,
383 1136 446 1167 nisi
461 1146 481 1168 e
504 1148 627 1179 sensu3
651 1139 740 1171 leti
766 1139 871 1171 etiam
898 1149 1017 1180 parum
1044 1137 1219 1171 differunt.
1264 1138 1387 1180 Itaque
1410 1141 1488 1171 cuni
1509 1138 1667 1171 librarius

203 1177 287 1210 illud
311 1179 323 1210 l
346 1179 538 1221 accepisset
553 1191 615 1223 pro
638 1182 662 1222 i,
676 1192 740 1213 non
763 1182 877 1224 potuit
893 1182 1009 1221 aliter,
1026 1191 1129 1224 quam
1143 1181 1244 1213 invita
1266 1182 1395 1222 legere.
1441 1180 1545 1214 Hanc
1559 1180 1668 1214 Gudii

203 1221 451 1263 conjecturam,
463 1232 537 1264 quae
552 1224 594 1256 ad
609 1230 760 1257 veterem
776 1221 982 1266 scripturam
998 1225 1151 1265 proxime
1169 1223 1319 1264 accedit,
1329 1224 1429 1256 unice
1441 1228 1527 1265 puto
1537 1233 1668 1257 veram·

203 1263 329 1296 Placet
353 1265 458 1297 etiam
473 1266 684 1306 Schirachio‚
707 1268 802 1300 Clav.
819 1268 861 1299 P.
878 1277 904 1299 1.
929 1277 963 1308 p.
981 1270 1056 1299 191.
1081 1267 1139 1309 qui
1156 1271 1267 1299 tamen
1283 1267 1382 1298 multa
1396 1266 1486 1299 laude
1500 1276 1544 1298 ex
1569 1266 1668 1310 licat,

203 1304 365 1348 feliciter,
388 1308 559 1342 studiose:
598 1314 805 1351 receperunt
833 1319 969 1352 quoque
997 1309 1032 1341 in
1059 1314 1193 1342 textum
1218 1309 1373 1341 Richter.
1397 1309 1530 1342 Walch.
1654 1326 1670 1334 -

203 1353 346 1382 stratan.
363 1350 504 1384 Petseh.
520 1351 680 1394 [Anton.]
705 1352 867 1386 Gulielm.
882 1353 981 1385 Best.
992 1352 1143 1394 conjicit,
1154 1352 1324 1394 probante
1340 1352 1551 1393 Burmanno,
1649 1361 1669 1386 ε

201 1392 337 1435 insueta,
352 1393 426 1426 scil.
462 1394 592 1428 Latinis
612 1396 760 1436 insueta,
775 1395 837 1428 sed
853 1406 928 1438 quae
943 1395 1052 1427 adhuc
1069 1395 1161 1437 apud
1177 1395 1319 1428 Graecos
1333 1395 1506 1434 manebat,
1521 1400 1560 1427 ut
1574 1395 1667 1440 apud

202 1434 334 1469 Lucan.
349 1445 384 1469 V.
409 1439 483 1469 163.
523 1439 532 1456 ‘
546 1439 681 1471 insueto
697 1439 858 1480 concepit
873 1442 1013 1480 pectore
1028 1437 1175 1478 numen,’
1200 1438 1257 1470 ubi
1273 1443 1388 1470 tamen
1401 1438 1524 1480 alii,1ut
1537 1438 1668 1480 Bipon-

202 1477 281 1520 tini,
295 1479 415 1520 legunt
436 1480 545 1513 invito.
590 1481 729 1522 Harius,
742 1482 788 1513 Et
798 1482 895 1514 solam
905 1481 942 1513 ob
952 1482 1085 1520 laudem,
1104 1485 1217 1513 ortum
1233 1490 1252 1512 e
1267 1479 1671 1522 Gronovii.conjecturn}:

202 1521 271 1554 alia
285 1522 440 1563 ejusdem
467 1523 530 1555 viri
546 1524 642 1556 docti
667 1524 874 1564 emendatio,
890 1525 936 1556 Et
959 1525 1060 1556 laudis
1080 1524 1196 1565 studio,
1210 1533 1308 1566 aeque
1330 1524 1442 1564 louge.
1454 1523 1601 1564 recedit,
1625 1533 1667 1562 nc

202 1563 465 1606 Bipontinorum
484 1567 551 1598 Nec
564 1568 669 1599 laudis
681 1567 812 1599 invidia.
857 1567 1034 1600 Johnson-
1047 1570 1082 1599 et
1099 1567 1343 1609 Cannegieter.
1370 1566 1478 1609 (Diss.
1495 1566 1538 1598 de
1561 1571 1669 1601 aetate

203 1611 240 1639 et
265 1608 356 1649 stylo
377 1608 512 1641 Aviani.
535 1620 611 1652 cap.
630 1613 682 1642 10.
706 1620 743 1651 p.
764 1609 859 1650 272]
896 1610 1127 1651 suspicantur,
1141 1609 1326 1642 Phaedrum
1340 1609 1532 1651 scripsisse,
1559 1609 1669 1652 Lude

200 1649 367 1691 invitatus,
395 1651 456 1683 sed
480 1653 530 1684 ita
554 1653 723 1694 possimus
746 1653 902 1685 omnibus
923 1653 1008 1685 locis
1031 1662 1243 1693 succurrere,
1266 1656 1428 1684 monente
1449 1652 1671 1693 Burmann03

202 1692 396 1735 Withofius‚
410 1694 528 1737 (Misc.
552 1695 640 1728 Obs.
655 1696 746 1728 Nov.
767 1696 834 1728 vol.
849 1705 876 1728 1.
903 1699 986 1728 tom.
1004 1705 1030 1727 1.
1050 1705 1086 1737 p.
1103 1694 1196 1737 126.)
1218 1695 1309 1727 laude
1323 1695 1430 1733 avitu
1451 1704 1495 1727 ex
1513 1695 1554 1727 iis
1565 1695 1668 1737 enim,

202 1743 281 1778 quae
295 1736 462 1769 Phaedrus
486 1747 535 1770 vs.
551 1741 605 1770 56.
628 1748 699 1780 sqq.
723 1738 794 1770 hu‘.
812 1738 908 1770 Prol.
924 1738 968 1770 de
993 1738 1147 1780 Orpheo,
1169 1738 1258 1770 Lino
1272 1737 1479 1780 reliquisque
1491 1737 1669 1777 Threissa

201 1777 315 1819 gentis
337 1780 534 1812 auctoribus
559 1781 739 1822 gloriatur,
771 1781 858 1813 acile
882 1780 1030 1822 intelligi
1047 1789 1148 1822 posse
1173 1785 1306 1821 censet,
1326 1790 1390 1812 cur:
1401 1780 1458 1812 hic
1479 1776 1670 1818 masadda

202 1820 393 1862 scripserit.
440 1822 489 1855 At
500 1832 577 1855 cnm
593 1823 761 1855 Phaedrus
775 1823 924 1856 Macedo
938 1822 1057 1863 fuerit,
1072 1833 1140 1855 non
1154 1823 1280 1864 Thrax,
1305 1827 1343 1855 ut
1356 1823 1550 1856 luculenter
1568 1827 1670 1867 patet

201 1871 221 1894 e
244 1863 326 1896 Vita
340 1864 501 1904 Phaedri3
524 1875 606 1898 vero
621 1875 697 1901 non.
714 1869 768 1898 est
783 1865 905 1904 simile,
919 1865 1058 1907 poetam
1078 1866 1113 1897 h.
1129 1866 1152 1897 l.
1175 1865 1312 1898 laudem
1325 1866 1444 1898 avitam
1457 1867 1667 1907 respexisse.

200 1905 433 1939 -Desbillonius
448 1908 530 1941 satis
552 1909 741 1951 ingeniose,
762 1909 808 1940 Et
831 1909 922 1940 laude
935 1909 1076 1941 invicta.-
1097 1907 1282 1940 Phaedrum
1298 1908 1390 1940 enim
1404 1917 1463 1940 ur.
1481 1908 1570 1949 Epil.
1584 1911 1666 1948 8.,4.

201 1957 253 1981 1v.
271 1949 364 1982 Prol.
376 1953 408 1982 4.
424 1954 457 1982 5.
480 1960 523 1983 11.
537 1952 628 1994 Epil.
641 1955 673 1984 6.
687 1954 720 1983 6.
743 1951 825 1984 satis
840 1950 1007 1992 indicare,
1021 1951 1150 1983 nullum
1161 1951 1336 1993 hucusque
1351 1950 1488 1992 poetam
1505 1951 1668 1994 Latinum

201 1992 236 2024 in
251 1992 339 2034 hanc
361 1993 479 2035 vitam,
505 1994 578 2026 sive
603 1995 638 2027 in
661 1994 727 2026 hoc
752 1993 923 2027 scribendi
943 2003 1050 2036 genus
1074 1993 1289 2032 incubuisse3
1313 2003 1408 2026 susm
1430 2003 1513 2036 ergo
1526 1992 1667 2037 laudem

194 2034 275 2075 jure
290 2034 407 2068 dicere
422 2036 582 2069 invictam.
601 2060 606 2062 ἡ
624 2036 829 2070 Wakefield.
843 2037 934 2069 hunc
948 2039 1060 2069 locum
1074 2037 1125 2068 ita
1140 2035 1329 2069 constituit.
1352 2035 1464 2078 (Sylv.
1479 2035 1624 2069 Crine.
1633 2039 1666 2077 1·

200 2078 293 2110 Sect.
310 2087 432 2112 xxxu.
447 2089 481 2120 p.
497 2079 570 2121 64.)
604 2080 614 2099 ‘
634 2080 680 2112 Et
695 2080 796 2112 laudis
808 2080 931 2121 avidus,
945 2079 1033 2111 hanc
1048 2079 1083 2111 in
1096 2079 1202 2111 vitam
1218 2078 1452 2119 incubuerim
1474 2079 1619 2111 Fastidio
1635 2078 1666 2121 si

204 2121 366 2152 tamenin
381 2125 506 2154 coetum
520 2123 684 2164 recipior,
698 2122 792 2157 Quid
804 2122 917 2154 credis
932 2123 984 2155 illi
996 2122 1182 2161 accidere?
1196 2123 1262 2153 ὅτε.
1292 2121 1422 2154 Locum
1434 2122 1484 2153 ita
1497 2126 1667 2155 mutatum

202 2167 239 2194 et
264 2162 521 2206 interpunctum
547 2165 743 2198 volubiliter
764 2174 949 2198 excurrere
971 2165 1092 2197 statuit
1107 2164 1255 2197 Criticus
1276 2164 1592 2206 praestantissimus,
1606 2163 1666 2197 cui

199 2206 414 2248 accederem,
429 2207 496 2239 nisi
512 2212 627 2240 tamen
642 2208 744 2240 laudis
752 2209 862 2241 avidus
874 2208 973 2240 nimis
986 2207 1168 2240 recederet
1183 2217 1203 2239 a
1217 2215 1318 2239 manu
1334 2206 1487 2240 Phaedri.
1529 2206 1666 2250 Agmen

199 2248 339 2281 claudat
348 2250 548 2292 conjectura
561 2250 710 2291 Heinsii,
727 2251 795 2282 Nec
814 2252 905 2283 laude
917 2250 1019 2282 invita
1032 2250 1131 2282 vitam
1142 2250 1178 2282 in
1192 2250 1271 2282 hanc
1290 2248 1494 2291 incubuerim,
1508 2249 1531 2282 i.
1547 2258 1579 2283 e.
1596 2259 1664 2283 nou

200 2290 275 2323 sine
289 2291 412 2331 laude3
435 2302 535 2335 quam
551 2296 759 2335 receperunt
780 2294 984 2326 Lallemant.
1000 2293 1151 2324 Brotier.
1169 2291 1335 2333 Philipp„
1350 2295 1386 2324 et
1400 2301 1476 2335 quae
1499 2301 1574 2334 proe
1590 2292 1665 2327 aliis

199 2332 317 2374 placet
336 2334 548 2376 Burmanno,
569 2335 627 2378 qui
654 2339 769 2368 tamen
795 2336 917 2377 edidit,
942 2336 990 2367 Et
1012 2336 1102 2367 laude
1130 2334 1243 2366 invita.
1287 2333 1482 2366 Schefferus
1509 2338 1663 2367 veterem

200 2376 332 2410 retinet
350 2377 547 2419 lectionem,
575 2377 637 2410 sed
665 2378 909 2419 interpretatio
933 2377 998 2409 viri
1019 2376 1114 2410 docti
1139 2377 1311 2419 displicet.
1363 2376 1665 2410 Phaedrum-enim

200 2419 290 2451 velle
306 2423 420 2461 putat,
437 2420 571 2453 laudem
594 2430 630 2452 se
645 2421 713 2453 alio
737 2421 894 2460 traxisse,-
909 2430 987 2453 cum
1002 2420 1037 2452 in
1058 2420 1168 2452 isthoc
1192 2419 1273 2452 vitae
1294 2429 1422 2461 genere
1442 2418 1664 2462 intelligeret,

199 2461 312 2502 ipsum
333 2462 400 2495 sibi
410 2472 477 2495 non
493 2472 593 2505 posse
606 2463 792 2504 prodesse:
817 2473 854 2496 se
867 2473 934 2496 non
949 2462 1058 2504 magis
1071 2463 1282 2504 spectavisse
1303 2462 1439 2494 leudem
1452 2463 1663 2505 gloriamque

199 2504 235 2536 iu
248 2504 408 2546 eligendo
422 2506 486 2539 hoc
498 2506 580 2539 vitae
594 2515 721 2548 genere
732 2505 922 2544 literarum,
935 2515 1035 2548 quam
1044 2505 1192 2538 divitias.
1229 2504 1267 2538 Si
1280 2506 1371 2539 enim
1383 2504 1470 2537 illud
1484 2499 1663 2547 voluisset,

854 2611 996 2644 NOTAE

200 2689 288 2717 tasse
310 2685 447 2718 laudem
475 2685 511 2718 in
538 2685 698 2728 eligendo
726 2686 792 2718 hoc
818 2686 901 2718 scri·
953 2686 1044 2728 quod
1058 2685 1349 2728 magislaudatur.
1393 2685 1547 2718 Gronov.
1560 2685 1661 2727 legit,

199 2733 302 2769 bendi
316 2744 454 2778 genere.
497 2735 534 2768 Si
546 2736 636 2770 euim
648 2736 683 2769 ld
695 2739 901 2779 spectasset,
953 2737 1044 2769 laude
1058 2738 1154 2777 nuda,
1179 2737 1215 2769 id
1231 2740 1297 2777 est,
1322 2735 1367 2768 ob
1382 2736 1488 2768 s'olam
1511 2735 1660 2773 laudem,

198 2783 368 2817 debuerat
396 2782 488 2818 aliud
525 2787 621 2831 sequi
657 2787 773 2820 studii·
791 2795 900 2830 genus
953 2790 990 2820 et
1004 2796 1072 2819 non
1087 2786 1132 2820 ob
1148 2786 1241 2819 aliud
1254 2785 1444 2829 praemium.
