1806 3236
97 1942 105 1951 ·
170 1935 272 1975 gusto
295 1931 396 1975 vixit,
419 1931 482 1965 lib.
499 1941 536 1966 v.

418 226 622 261 minum
657 224 1101 261 FAB.AESOP1ARUM
1135 225 1233 258 mn.
1265 226 1296 257 1.
1327 213 1397 257 14.

171 323 444 363 Jarheonsultus
459 323 526 357 iul.
539 321 693 357 xxv1.ff.
706 323 752 356 de
764 322 881 365 operis

170 377 325 413 libetur.
369 376 380 396 ‘
393 376 556 410 Medicus
590 375 750 418 libertus,
787 375 881 419 quod

170 432 327 473 umet,
342 427 373 462 si
385 426 504 461 liberti
519 427 571 473 sui
589 427 794 461 medicinam
810 437 880 460 non

168 479 340 522 rocenat,
371 480 482 514 multo
515 468 631 523 plures
667 480 880 523 imperantes

169 531 238 568 sihi
251 532 463 574 habiturum,
476 531 690 575 postulabat,
705 537 745 565 ut
760 542 880 576 seque-

168 587 292 619 rentur
305 582 368 618 se!
413 583 471 617 Ita
485 583 660 624 dicuntur,
679 583 738 627 qui
763 588 881 616 vectu-

167 634 217 670 ri·
233 635 365 679 vivunt,
384 636 395 654 ‘
407 640 583 669 vecturam
597 635 714 670 facere
727 635 749 677 ;’
778 637 881 670 Varr.

167 686 214 720 de
228 695 268 721 re
279 686 378 720 Rust-
394 695 422 720 ῐ.
455 687 588 721 Notum
603 688 711 720 etiam
738 688 880 730 vulgare

166 737 383 773 diverbium.
373 750 382 758 ·
405 740 416 757 ‘
427 737 550 772 Artem
563 739 696 782 pudere
711 740 882 783 proloqui,

168 799 272 835 quam
301 790 466 824 factites0’
489 791 595 825 Axen.
640 792 698 825 Ita
725 793 735 811 ‘
751 793 881 826 Facere

166 841 400 885 lenociuium‚'
436 843 580 877 Sueton.
613 844 727 887 Calig.
757 848 812 879 40.
845 848 883 878 et

166 894 324 928 ‘Lanam
345 893 490 937 facere‚'
514 895 620 929 ovid.
648 897 739 930 Met.
756 906 808 930 vr.
825 899 881 929 31.

167 952 207 981 et
235 946 357 990 Epigr.
384 947 507 982 Veter.
536 948 668 982 Pithoei
694 958 730 991 p.
746 951 825 982 121
845 953 884 982 et

167 998 432 1038 (Barbatoriam
439 998 582 1042 facere,’
592 1001 737 1033 Petron.
749 1009 882 1035 xxxm-

168 1051 220 1087 ita
244 1050 339 1086 enim
362 1052 454 1085 malo
482 1062 575 1085 nunc
599 1062 778 1095 exponere
805 1063 883 1096 pro,

166 1101 352 1136 artificium
364 1103 513 1137 tonsoris
524 1113 692 1138 exercere
705 1116 714 1137 :
731 1104 782 1138 sic
796 1105 806 1124 ‘
815 1105 886 1138 To·

165 1154 317 1198 piat-iam
331 1153 473 1198 facere,'
509 1156 624 1190 Cicer.
641 1157 686 1190 ad
703 1158 748 1192 Q.
766 1157 808 1191 F.
825 1166 884 1191 ιιι.

168 1208 203 1239 1.
222 1205 235 1224 ⁴
247 1205 503 1240 Naviculariam
519 1206 659 1251 facere‚'
680 1209 761 1242 Ver.
778 1217 813 1242 v.
830 1211 884 1242 18.

165 1257 228 1292 ubi
239 1256 390 1292 vide-cl.
414 1259 535 1293 Graev.
560 1263 598 1293 et
613 1270 693 1303 cap.
711 1263 767 1295 59.
793 1261 805 1279 ‘
820 1259 885 1293 Ar-

167 1310 363 1354 gentariam
389 1309 534 1353 ἥσει-εἶ
550 1315 595 1345 'et
608 1312 744 1347 similia.
768 1313 885 1347 Burm.

209 1364 231 1396 8
253 1362 350 1396 Fauo
378 1363 558 1397 antidotum
583 1364 727 1406 nomine]
773 1364 832 1397 Ita
855 1373 882 1397 1.

166 1414 295 1449 Timot.
309 1417 342 1448 ὓ.
351 1417 406 1449 20.
429 1415 603 1458 Vulgatus
617 1416 627 1435 ‘
640 1414 721 1449 falsi
737 1416 886 1449 nominis

168 1465 386 1508 scientiam3’
407 1466 454 1500 ad
479 1476 583 1511 quem
604 1468 719 1501 locum
744 1468 887 1501 consule

166 1517 355 1552 Pricoeum.
387 1519 496 1552 Axen-
542 1519 628 1560 Pro,
642 1519 722 1552 falsi
737 1519 887 1553 nominis

168 1569 381 1611 antidotum3
406 1569 443 1603 id
468 1573 536 1612 est,
557 1570 652 1614 quod
675 1570 765 1604 falso
783 1571 888 1604 habe-

166 1619 231 1655 bat
242 1621 310 1655 hoc
322 1630 470 1662 nomen3
494 1631 538 1654 an
554 1622 686 1665 potius,
710 1622 774 1656 sub
795 1622 888 1656 falso

168 1672 230 1707 illo
256 1672 407 1715 nomine,
429 1673 602 1717 quomodo
627 1673 813 1708 ,loven-iis
825 1674 889 1718 ait,

169 1725 182 1744 ‘
195 1724 286 1758 falso
299 1725 441 1759 nomine
457 1723 626 1767 posceres
650 1725 724 1759 Sat.
748 1735 775 1759 1.
818 1725 889 1759 Διι-

166 1776 306 1811 tidotum
315 1776 609 1810 medicamentum
621 1779 686 1819 est,
699 1776 792 1820 quod
807 1786 890 1810 con-

168 1833 228 1863 tra
262 1837 398 1862 venena
428 1827 544 1862 datur.
590 1827 729 1861 Cornel.
753 1828 890 1871 Celsus,

168 1879 325 1915 modicus
338 1879 578 1921 latinissimus,
606 1884 644 1918 et
661 1881 720 1923 qui
737 1880 802 1913 sub
817 1880 891 1914 Au-

572 1931 582 1950 ‘
595 1931 770 1966 Antidota
801 1942 892 1975 raro,

171 1984 233 2020 ted
263 1983 444 2028 precipue
482 1982 658 2017 interdum
695 1984 893 2017 necessaria

171 2035 277 2070 suut?
321 2035 425 2070 Adde
438 2039 570 2069 cetera.
616 2035 709 2069 Nam
731 2036 814 2069 inde
826 2036 894 2069 dis·

172 2097 244 2130 cas,
269 2087 450 2131 proprium
477 2096 552 2120 esse
568 2087 653 2120 artis
669 2097 809 2126 nomen,
825 2096 893 2130 quo

172 2143 362 2183 propterea
376 2139 523 2180 Seneca,
552 2142 589 2171 et
604 2138 739 2171 Plinius
755 2138 892 2181 deinde,

170 2195 208 2225 et
222 2190 466 2227 Quintilianus
482 2189 537 2222 usi
551 2194 647 2223 sunt.
689 2189 800 2230 Schef.

214 2246 238 2277 4
266 2242 413 2277 Verbosis
438 2241 592 2284 atrophia]
630 2241 782 2274 Verbosus
810 2245 894 2275 stro-

171 2297 255 2340 phas
279 2300 384 2330 vocat
412 2295 603 2337 eleganter,
632 2294 828 2336 composita
856 2295 893 2328 iu

174 2349 373 2392 elegantem
388 2347 544 2390 speciem
565 2345 751 2379 verborum
767 2347 893 2380 multo-

173 2410 251 2434 rum
279 2399 389 2434 veluti
414 2398 588 2442 decipula.
633 2398 758 2431 Cicero
802 2398 892 2431 ‘La-

175 2462 283 2498 queos
299 2450 495 2486 verborum’
522 2449 719 2493 appellavit
733 2449 768 2482 iu
784 2450 894 2483 Caeci-

173 2514 229 2539 na.
273 2504 322 2537 Et
352 2507 434 2536 sunt
456 2501 594 2544 strophoe
617 2500 760 2544 proprie
776 2501 895 2544 laquei

176 2553 396 2598 decipiendis
430 2551 527 2586 feris.
565 2550 675 2591 Schef.
719 2551 891 2594 Proprie:

175 2616 268 2650 nam,
290 2610 330 2639 ut
343 2609 463 2638 monet
478 2603 699 2637 doctissimus
715 2602 893 2636 scholiast-

177 2657 436 2700 Aristophauis,
450 2654 584 2697 στροφαὶ
609 2652 759 2695 λέγονται
781 2653 835 2687 καὶ
865 2654 896 2687 οἱ

179 2705 451 2749 συμπεπλεγμένοι
464 2705 516 2739 καὶ
531 2704 650 2748 θολεροὶ
668 2704 772 2746 λόγοι.
820 2705 893 2739 Ali·

180 2759 316 2802 quando
345 2759 447 2792 latius
470 2761 582 2799 patet,
598 2760 638 2789 ut
659 2756 752 2798 apud
770 2755 894 2790 Plato·

180 2809 301 2843 nemin
313 2808 416 2842 tertio
423 2809 589 2842 Πολιτειῶν
599 2807 792 2850 ρξεεεοκῐ..
804 2806 892 2840 edit.

182 2860 428 2897 Lamarianae:
452 2859 559 2896 Δεινὸς
573 2858 616 2897 ὃν
629 2857 699 2902 περὶ
711 2857 750 2894 τὸ
770 2859 895 2900 ἀδικεῖν.

1558 214 1647 259 377

932 322 985 356 καὶ
1013 321 1117 357 ἱκανὸς
1143 322 1249 356 πάσας
1277 323 1419 366 στροφὰς
1448 322 1648 366 στρέφεσθαι.

933 376 1014 409 Fab.
1027 418 1029 420 q
1058 376 1212 409 Martini.
1225 377 1291 419 Ep.
1303 385 1361 410 ιιι.
1372 379 1407 409 7.
1432 376 1442 395 ‘
1455 376 1551 409 Nihil
1560 380 1649 409 stro-

931 428 1077 470 pharum
1104 431 1183 461 est:
1202 427 1278 470 jam
1308 428 1468 461 salarium
1495 427 1651 460 dandum

931 478 1009 514 est!
1045 478 1139 512 Hinc
1153 479 1364 522 adjectivum
1378 479 1542 521 simforus,
1555 479 1649 524 quod

931 533 967 566 iu
984 532 1163 566 Glossario
1177 532 1282 566 δόλιος
1297 533 1495 576 exponitur.
1530 532 1648 565 Burm.

981 583 1128 618 Verbosis
1162 584 1316 627 strophis]
1370 585 1483 617 Vetus
1514 584 1654 618 Glossa-

933 636 1040 670 rium:
1053 636 1064 655 ‘
1075 630 1336 679 Συνεάτραμμένη
1348 635 1456 678 ὁμιλία
1469 648 1478 670 :
1498 636 1652 669 'sortilo-

932 686 1075 731 quium.’
1113 688 1286 721 Martialis
1302 688 1369 730 Ep.
1386 697 1444 721 111.
1459 690 1493 720 7.
1527 688 1538 706 ⁴
1554 686 1652 720 Nihil

933 740 1154 782 stropharum
1177 744 1252 773 est:
1275 740 1351 782 jam
1381 740 1543 772 salarium
1567 739 1654 772 dan-

933 791 1013 824 dum
1029 790 1105 825 est.'
1150 792 1215 834 Ep.
1239 791 1302 824 lib.
1318 799 1356 824 x.
1384 793 1418 824 8.
1441 792 1451 810 ‘
1467 790 1550 824 Jam
1563 795 1654 823 stro·

933 842 1004 884 pha
1035 842 1115 876 talis
1145 842 1241 875 abit:
1290 842 1404 875 Vetus
1434 842 1552 876 Gloss.
1582 841 1652 874 Ms.

932 894 943 912 ‘
953 893 1106 937 Στροφάς·
1118 893 1329 937 miamin,
1335 892 1554 937 διαστροφάς-3
1564 893 1654 935 Hip-

934 950 1117 988 pocrates:
1141 945 1235 987 Νόμῳ
1258 947 1362 979 ταῦτα
1383 945 1426 979 ὧν
1451 946 1514 988 χρὴ
1537 945 1571 979 ἐς
1591 944 1656 984 τὴν

934 997 1074 1041 ἰητρικὴν
1089 996 1210 1039 τέχνην
1232 996 1468 1040 ἑνεγκαμένους,
1484 997 1538 1030 καὶ
1560 996 1652 1039 &rpe-

934 1049 1013 1084 κέως
1026 1049 1142 1090 αὐτέης
1154 1053 1273 1091 ’γνῶσιν
1293 1050 1463 1093 λαβόντας,
1484 1050 1581 1084 οὕτως
1595 1050 1659 1083 dud*

934 1102 994 1136 τὰς
1006 1101 1118 1135 πόλιας
1144 1102 1341 1144 φοιτεῦντας,
1362 1102 1406 1143 μὴ
1419 1101 1506 1143 λόγῳ
1526 1103 1654 1143 μοῦνον,

935 1152 1024 1187 ἀλλὰ
1036 1152 1089 1186 καὶ
1111 1151 1193 1196 ἔργῳ
1208 1152 1333 1196 impons·
1360 1152 1553 1195 νομίζεσθαι·
1573 1152 1599 1193 ἦ
1619 1152 1656 1186 δὲ

936 1203 1067 1248 ἀπειρίη,
1081 1203 1178 1238 κακὸς
1190 1203 1354 1247 θησαυρὸς,
1366 1203 1422 1237 καὶ
1442 1203 1540 1237 κακὸν
1550 1203 1658 1245 κειμή-

936 1262 1007 1290 λιον
1019 1258 1122 1290 τοῖσιν
1136 1255 1266 1298 ἔχουσιν
1279 1255 1406 1299 αὐτέην,
1429 1256 1482 1290 καὶ
1509 1255 1586 1299 ὄναρ
1605 1255 1661 1289 καὶ

937 1307 1028 1352 ὕπαρ.
1072 1307 1233 1341 Eundem
1255 1309 1361 1342 etiam
1383 1308 1466 1342 vide
1489 1308 1560 1352 περὶ
1581 1306 1659 1351 τέχ-

937 1371 1002 1401 νης.
1026 1359 1108 1402 Rig.

987 1411 1134 1446 Verbosis
1160 1412 1329 1455 acquisivit
1352 1411 1415 1445 sibi
1428 1411 1556 1452 famam
1574 1414 1658 1444 stro-

934 1463 1024 1507 phis]
1047 1464 1099 1497 Ut
1111 1464 1202 1498 solet
1215 1463 1302 1497 illud
1324 1468 1524 1506 agyrtarum
1540 1466 1577 1496 et
1592 1463 1656 1497 cir-

938 1515 1239 1551 cumforaneorum
1255 1527 1377 1559 genus,
1393 1527 1462 1550 non
1479 1517 1591 1549 solum
1606 1514 1659 1549 fa··

938 1579 1043 1612 mam,
1055 1569 1117 1603 sed
1129 1573 1167 1603 et
1179 1579 1252 1603 rem
1262 1571 1380 1603 facere
1397 1580 1408 1602 ι
1431 1569 1441 1588 ‘
1451 1569 1566 1603 Aures
1581 1578 1660 1602 ver·

940 1619 994 1654 bis
1008 1620 1161 1654 divitant
1175 1619 1333 1663 Alienus,
1354 1631 1433 1654 suas
1453 1624 1493 1654 ut
1508 1630 1594 1654 auro
1610 1620 1660 1653 lo-

940 1673 1124 1715 cupletent
1146 1672 1266 1706 domos
1280 1671 1303 1705 :’
1339 1675 1380 1706 ut
1401 1671 1533 1705 Accius
1559 1674 1659 1705 vetus

939 1723 1046 1768 poeta
1061 1723 1105 1757 de
1123 1723 1313 1767 auguribus
1333 1722 1433 1764 fecit,
1456 1722 1582 1766 quibus
1606 1723 1659 1755 ni-

938 1774 989 1808 hil
1002 1783 1039 1808 se
1055 1774 1201 1808 credere
1214 1775 1275 1808 ait.
1319 1775 1450 1807 Versus
1461 1773 1571 1808 refert
1586 1773 1660 1807 No-

939 1826 1017 1859 uius
1032 1826 1070 1859 iu
1084 1826 1198 1860 Divit.
1243 1826 1291 1858 Et
1315 1825 1402 1858 alius
1426 1826 1531 1868 poeta
1546 1826 1660 1859 Pacu·

940 1877 1016 1911 vius
1030 1878 1096 1911 hoc
1115 1886 1223 1920 genus
1233 1876 1543 1910 hominnmfcenset
1553 1878 1662 1920 magis

940 1929 1167 1972 audiendum,
1190 1938 1292 1973 quam
1317 1928 1596 1970 auscultandum,
1622 1928 1660 1961 id

942 1983 1010 2022 est,
1040 1990 1143 2023 quam
1169 1980 1220 2012 eis
1243 1979 1486 2021 obsequamur.
1529 1979 1662 2012 Versus

942 2030 1016 2073 ejus
1033 2034 1114 2063 sunt
1140 2029 1232 2071 apud
1249 2028 1452 2062 Ciceronem
1467 2029 1502 2061 in
1516 2027 1586 2062 fine
1601 2029 1662 2063 lib.

942 2091 968 2115 1.
980 2082 1025 2115 de
1041 2080 1198 2114 Divinat.
1215 2090 1360 2123 quorum
1372 2080 1408 2112 in
1423 2079 1536 2122 primo
1548 2080 1663 2123 legen-

941 2133 1021 2166 dum
1030 2137 1130 2174 puto,
1143 2132 1230 2164 Num
1240 2131 1338 2164 istos:
1350 2130 1409 2164 ubi
1420 2132 1536 2174 vulgo,
1548 2131 1660 2165 ‘Nam

941 2183 1042 2218 istis.'
1092 2183 1176 2216 Istos
1218 2182 1406 2215 audiendum
1449 2182 1662 2217 Graecismus

943 2239 1000 2269 est
1027 2236 1194 2278 elegans:
1226 2231 1397 2277 ἀκροατέον
1423 2232 1546 2268 αὐτούς.
1590 2235 1663 2268 Ex-

943 2287 1060 2330 empla
1086 2285 1212 2319 similia
1233 2295 1278 2318 ex
1307 2285 1447 2327 Plauto,
1482 2286 1661 2328 Lucretio,

944 2338 1164 2381 Symmacho,
1187 2338 1261 2380 jam
1284 2337 1328 2370 ab
1351 2336 1440 2378 aliis,
1466 2338 1662 2380 praesertim

944 2389 1122 2433 Schoppio
1136 2393 1257 2422 nostro
1271 2388 1458 2421 Verisimil.
1482 2388 1542 2422 lib.
1557 2397 1615 2423 ιιι.
1629 2392 1663 2423 3.

945 2447 1026 2476 sunt
1041 2443 1239 2482 observata,
1257 2450 1336 2484 quae
1356 2449 1425 2474 uon
1442 2441 1661 2483 compilabm

944 2494 1004 2527 sed
1021 2494 1064 2527 iis
1083 2498 1120 2527 et
1134 2493 1200 2526 hoc
1215 2491 1410 2525 addendum
1426 2492 1517 2525 dico.
1549 2492 1639 2525 Βία.

987 2544 1188 2589 Adquisivit]
1215 2545 1283 2577 Ms.
1306 2543 1482 2586 adquesivie
1507 2543 1664 2586 strophis:

944 2598 981 2632 id
997 2603 1063 2639 est,
1075 2596 1268 2638 fraudibus,
1283 2595 1508 2636 impostor-in
1539 2605 1560 2628 a
1579 2599 1664 2631 stro-

941 2651 1019 2694 pha,
1027 2647 1249 2692 stropharius,
1261 2646 1468 2688 atrophiam,
1484 2646 1663 2689 impostor,

944 2701 1137 2735 fraudator.
1175 2698 1351 2731 Martialis
1382 2698 1449 2739 Ep,
1479 2697 1539 2731 lib.
1564 2706 1605 2733 11.
1629 2701 1662 2733 8.

945 2753 955 2772 ⁸
971 2753 1050 2787 Jam
1066 2751 1209 2794 stropha
1222 2749 1301 2782 talis
1316 2748 1413 2782 abit?
1450 2748 1664 2783 Prudentius

944 2803 1051 2838 Ἀποθ.
1078 2813 1104 2836 1.
1130 2803 1140 2821 ‘
1158 2800 1332 2844 Captiosis
1370 2800 1664 2843 sycophantarum

947 2854 1120 2900 strophis!
1179 2855 1189 2875 ‘
1215 2853 1248 2888 Τ
1250 2852 1473 2898 ortiloquium
1486 2853 1508 2888 ι’
1544 2853 1664 2890 Gloss.
