1806 3236
225 209 284 251 40
516 220 718 253 PHAEDRI
753 220 1068 255 FABULARUM
1099 222 1403 256 AESOPIARUM

226 317 414 372 Duplex
432 317 574 360 libelli
594 317 675 360 dos
697 323 790 362 est:
822 319 941 374 quod
960 320 1092 362 risum
1112 324 1275 373 movet,

224 385 283 428 Et
303 385 422 440 quod
447 386 648 440 prudenti
664 386 802 428 vitam
823 388 1010 430 consilio
1031 393 1194 431 monet.

226 451 497 497 Calumniari
518 453 558 496 si
579 453 680 508 quis
699 457 844 496 autem
863 455 1063 507 voluerit,
1662 458 1693 501 5

227 519 365 572 Quod
387 521 567 563 arbores
582 521 840 576 loquantur,
860 536 949 566 non
970 527 1141 567 tantum
1159 525 1288 581 ferae3

226 587 367 631 Fictis
381 589 525 644 jocari
543 602 628 631 nos
648 591 892 634 meminerit
908 591 1089 635 fabulis.

225 715 389 756 cogitavit.
428 717 488 747 Est
501 717 628 757 gemina
643 717 767 750 utilitas
780 718 920 759 hujusce
935 718 1010 751 libri
1019 730 1030 751 .·
1048 719 1124 761 ‘quia
1139 720 1273 754 concitat
1287 720 1387 753 risum
1395 730 1408 759 ‚⁶
1429 724 1460 754 et
1474 721 1548 764 quia
1562 721 1692 755 inm&

223 760 322 791 vitam
335 759 529 801 sapientibus
555 761 694 792 monitis.
740 761 863 802 Siquis
875 771 948 793 vero
970 762 1175 803 reprehendat
1197 763 1333 803 maligne
1347 765 1491 805 quoniam
1510 765 1635 798 arbores
1647 766 1692 798 lo·

223 806 369 844 quantur,
384 812 445 835 non
459 804 558 836 solum
572 803 693 842 belluae,
707 806 886 837 recordetur
900 815 956 837 nos
969 805 1074 837 ludere
1074 805 1260 848 fictionibus
1269 806 1412 848 politicis.

844 899 1080 915 eeeeeeeeeeee

224 965 309 998 Mss.
334 969 371 998 et
395 965 647 1008 Inscriptiones
671 968 823 1010 antiquae
849 970 932 1003 satis
956 970 1219 1003 ostendunt-3
1242 969 1323 1002 Dos.
1347 968 1390 1001 In
1412 967 1524 1011 prima
1548 966 1693 1010 Rigaltii

224 1009 387 1041 Editione
403 1009 550 1050 legitur:
578 1011 709 1052 Duplex
722 1012 834 1044 libellis
849 1023 884 1044 os
897 1017 956 1046 est.
1002 1014 1060 1046 Ita
1074 1017 1111 1045 et
1127 1013 1316 1046 Neveletus
1330 1025 1339 1051 ;
1362 1021 1431 1054 que
1445 1010 1596 1044 lectione
1607 1011 1693 1045 nihil

224 1057 277 1084 est
293 1052 422 1084 durius.
438 1053 508 1084 Ms.
523 1053 617 1084 Pith.
641 1054 770 1095 Duplex
784 1055 882 1088 libelli
895 1066 962 1089 mos
978 1060 1038 1089 est.
1063 1056 1121 1088 Sic
1137 1056 1270 1098 priores
1286 1054 1397 1088 Editt.
1412 1054 1507 1087 Pith.
1522 1053 1692 1088 Rittersh.

224 1096 382 1136 aliorum,
395 1099 435 1128 ut
449 1106 514 1127 unos
526 1096 572 1127 sit
585 1096 729 1138 indoles,
743 1098 922 1140 qualitas..
947 1099 1050 1132 Hanc
1075 1099 1257 1132 lectionem
1273 1102 1391 1130 tuetur
1416 1096 1592 1131 Gebhard.
1607 1097 1693 1130 Cre-

227 1139 334 1180 pund.
348 1147 390 1170 11.
405 1143 442 1170 et
457 1138 622 1171 Praschio
638 1140 824 1182 placebat3
847 1142 895 1174 ita
911 1146 1039 1182 tamen,
1052 1146 1091 1175 ut
1101 1152 1219 1175 vocem
1232 1142 1328 1174 moris
1350 1141 1526 1184 acciperet
1541 1150 1603 1183 pro
1617 1141 1697 1182 103«.

226 1182 379 1214 Gronov.
395 1182 524 1223 Duplex
529 1181 662 1220 fabellis
675 1193 709 1215 os
724 1188 783 1224 est,
799 1184 822 1217 i.
843 1195 875 1217 e.
891 1185 1063 1227 duplicem
1082 1185 1213 1217 habent
1234 1184 1369 1227 faciem,
1395 1184 1467 1216 sive
1489 1190 1690 1226 personum

222 1225 382 1266 alteram,
393 1234 470 1267 quae
487 1225 631 1258 ridicula
643 1231 811 1268 apparet3
833 1229 990 1269 alteram,
1005 1239 1081 1271 quae
1094 1238 1215 1270 sapere
1228 1228 1342 1260 docet.
1366 1227 1446 1259 Vid.
1464 1228 1548 1259 Not.
1561 1224 1692 1259 Scheff.

222 1268 294 1300 Sed
310 1278 425 1300 veram
438 1268 633 1310 lectionem,
649 1280 725 1312 quae
741 1275 795 1303 est
810 1272 1003 1313 elegantior
1019 1272 1172 1315 reliquis,
1188 1271 1319 1312 Duplex
1332 1270 1431 1303 libelli
1444 1271 1500 1302 dos
1510 1272 1573 1311 ed,
1584 1269 1693 1303 habet

224 1311 311 1345 cod.
332 1311 431 1344 Rem.
453 1312 507 1344 cui
523 1311 760 1355 obsequuntur
775 1313 946 1356 Rigaltius
969 1315 1005 1346 in
1019 1315 1085 1348 Ed.
1101 1317 1133 1348 2.
1148 1313 1272 1354 Faber,
1287 1314 1442 1346 Freinsh.
1458 1322 1490 1346 c.
1501 1310 1695 1355 Scheffero,

223 1360 260 1387 et
286 1354 408 1397 optimi
423 1354 641 1396 interpretes.
686 1356 888 1390 Lectionem
902 1358 969 1399 dos,
985 1362 1110 1399 utpote
1127 1357 1382 1390 Latinissimam
1402 1362 1439 1388 et
1454 1356 1522 1388 Ms.
1546 1355 1694 1389 auctori-

223 1402 298 1430 tate
314 1397 496 1438 firmatam,
513 1398 638 1439 probat
660 1399 764 1431 etiam
777 1400 897 1433 Claud.
915 1400 1047 1442 Civilis,
1061 1402 1084 1433 i.
1099 1410 1130 1433 e.
1147 1399 1339 1440 Withofius,
1352 1398 1448 1442 (vid.
1462 1398 1692 1432 Schrader-um

223 1441 258 1473 in
274 1441 472 1473 Emendatt.
488 1441 577 1473 libro
594 1452 626 1484 p.
639 1442 710 1484 85.)
724 1442 759 1474 in
775 1443 857 1476 Obs.
872 1443 974 1476 Misc.
988 1444 1080 1476 Nov.
1092 1444 1171 1476 Vol.
1185 1453 1212 1477 1.
1228 1443 1266 1476 Τ.
1278 1453 1302 1476 1.
1316 1453 1350 1485 p.
1367 1444 1506 1475 114.-4
1518 1441 1691 1477 Praesenti.

223 1484 283 1516 Sic
306 1484 435 1526 reperit
456 1483 618 1516 Heinsius
643 1485 678 1516 in
704 1485 744 1518 V.
761 1486 801 1519 C.
817 1486 961 1528 Pithoei,
977 1490 1015 1519 ut
1038 1486 1185 1519 videtur.
1227 1486 1332 1519 Teste
1351 1484 1526 1518 Brotierio
1548 1485 1588 1517 in
1605 1484 1693 1522 Mu.

224 1527 317 1560 Pith.
345 1531 382 1559 et
410 1527 511 1559 Rem.
530 1531 567 1559 et
591 1528 690 1560 Vett.
718 1529 830 1561 Editt.
855 1533 910 1561 est
930 1529 1108 1571 prudentis.
1153 1529 1333 1562 Alterutra
1358 1527 1462 1561 lectio
1487 1531 1542 1560 est
1555 1537 1576 1559 a
1588 1535 1693 1560 manu

224 1569 387 1603 secunda.
432 1571 572 1603 Placuit
598 1571 851 1604 recentioribus
876 1572 1038 1614 prudenti,
1053 1571 1145 1615 quod
1171 1575 1312 1605 tuentur
1337 1571 1453 1604 Gebh.
1480 1570 1584 1613 Crep.
1599 1573 1693 1613 122⁶.

224 1619 261 1646 et
281 1614 400 1646 Burm-
418 1614 506 1648 Quae
523 1614 625 1655 enim,
639 1614 812 1657 inquiunt,
828 1625 867 1647 su
893 1615 986 1648 erbia
1001 1615 1142 1650 Phaedri
1159 1614 1263 1656 foret,
1284 1614 1313 1647 si
1328 1613 1537 1657 prudentem
1545 1615 1694 1649 monim

222 1657 287 1689 sibi
300 1657 474 1689 sumeret?
496 1656 547 1689 At
561 1661 658 1690 recte
674 1658 825 1690 Brotier.
840 1659 850 1676 ‘
886 1668 926 1691 ac
941 1658 1072 1691 ratione
1087 1657 1226 1691 minime
1239 1667 1389 1690 moveor.
1419 1657 1548 1690 verum
1563 1665 1640 1690 cum
1655 1658 1694 1690 et

219 1699 370 1742 prudenti
395 1700 466 1732 dici
491 1701 614 1742 possit,
628 1705 664 1733 et
689 1701 735 1733 sit
756 1706 952 1743 receptum,
975 1701 1060 1734 nihil
1083 1700 1239 1734 mutui?
1279 1701 1440 1734 Grunero
1461 1700 1500 1733 in
1524 1698 1691 1742 spicileg.

225 1743 429 1776 Observatt.
454 1742 499 1774 ad
527 1743 590 1776 Ph.
611 1745 748 1785 prudens
761 1749 816 1777 est
832 1745 1026 1786 perspicax,
1040 1745 1097 1787 qui
1113 1743 1322 1777 sententiam
1342 1743 1536 1777 fabularum
1557 1741 1695 1785 assequi

223 1787 330 1823 valet,
375 1786 422 1818 Et
446 1786 510 1819 hoc
533 1796 635 1821 sensu
657 1786 814 1821 defendit
827 1787 1004 1829 prudentis,
1019 1797 1121 1830 qnam
1142 1787 1330 1821 lectionem
1345 1795 1481 1829 quoque
1500 1783 1696 1828 preferant

225 1829 317 1862 Gaii.
332 1833 369 1861 et
381 1829 490 1871 Lang.
515 1833 631 1862 monet.
642 1830 805 1862 Heinsius
810 1831 915 1870 sonet,
926 1829 1014 1874 quod
1028 1830 1178 1862 insolens
1189 1830 1327 1862 videtur
1339 1830 1458 1862 Burm.
1468 1827 1695 1865 Reum-nnus

224 1873 259 1903 in
289 1873 432 1905 Censur.
454 1872 594 1905 Phaedri
610 1873 741 1905 Walch.
758 1872 820 1916 (N.
834 1874 878 1906 B.
894 1874 937 1906 P.
952 1882 1076 1906 xxvii.
1091 1883 1126 1914 p.
1142 1872 1237 1916 605.)
1251 1873 1372 1905 mallet
1389 1872 1485 1913 regit,
1495 1870 1602 1914 quod,
1614 1879 1694 1904 cnm

226 1915 292 1948 vita
307 1925 369 1958 pro
380 1915 573 1948 hominibus
590 1916 740 1958 dicatur,
753 1926 820 1948 non
836 1919 889 1948 est
904 1926 1069 1957 necesse;
1091 1916 1229 1955 deinde,
1241 1915 1269 1949 si
1283 1915 1370 1957 regit
1384 1914 1580 1957 scripsisset
1593 1910 1696 1949 Phe·

224 1958 320 2000 drus,
334 1958 394 2001 qui
411 1962 516 1991 monet
529 1959 699 2000 potuisset
711 1959 866 2001 irrepere
878 1959 957 1992 ?—6
978 1958 1180 1993 Bentleius:
1214 1959 1307 1999 Quod
1329 1961 1362 1991 et
1383 1958 1510 1991 arbores
1531 1957 1554 1990 1.
1567 1967 1602 1990 n.
1616 1959 1643 2006 t,
1658 1955 1694 1996 s.

225 2002 295 2034 Sed
310 2001 438 2034 Harius
464 2001 628 2043 ostendit,
652 2002 718 2034 hoc
742 2002 880 2037 minime
895 2002 1126 2035 necessarium
1141 2011 1227 2035 esse.
1272 2001 1450 2034 omittunt
1464 1999 1554 2033 enim
1575 1998 1694 2044 po'etn
1759 2014 1770 2023 ν

224 2045 411 2086 particulas
430 2048 475 2084 et,
499 2045 607 2086 etiam,
623 2048 662 2077 ut
683 2045 774 2086 apud
790 2045 893 2079 Ovid.
909 2045 952 2079 A.
967 2044 1012 2079 A.
1036 2045 1097 2079 lib.
1114 2054 1141 2078 1.
1157 2047 1234 2078 384.
1256 2046 1266 2064 ‘
1283 2044 1452 2088 Corpore,
1474 2052 1542 2076 non
1557 2045 1693 2078 tantm

227 2088 428 2130 sedulitate,
444 2088 587 2131 placet?
611 2087 692 2121 Vid.
707 2088 895 2122 Burmann.
1695 2110 1697 2112 -

887 2196 1031 2231 NOTAE

225 2273 370 2314 quatuor
384 2269 530 2312 pedum;
552 2274 589 2302 et
612 2269 752 2303 iambici
773 2274 933 2310 tetrame-

226 2324 286 2364 tri,
307 2322 343 2355 id
367 2326 434 2360 est,
459 2326 539 2355 octo
564 2322 711 2364 pedum3
734 2327 772 2355 et
795 2322 932 2356 iambici

227 2376 389 2416 trimetri,
411 2375 446 2408 id
472 2379 538 2417 est,
562 2385 623 2408 sex
649 2376 787 2417 pedum,
814 2376 934 2419 quales

226 2431 308 2460 snut
324 2436 442 2459 versus
461 2425 652 2459 fabularum
675 2426 829 2467 Phaedri,
842 2427 935 2468 iique

225 2478 374 2510 maxime
389 2477 518 2510 usitati.
541 2477 629 2510 Nam
645 2475 840 2509 tetrametri
855 2480 935 2509 sunt

226 2528 446 2561 comicorum.

270 2582 290 2612 3
322 2579 441 2612 Libelli
471 2579 541 2621 dos]
585 2578 817 2621 Metaphora:
853 2586 934 2611 nam

225 2632 280 2662 dos
295 2630 435 2672 proprie
451 2629 581 2663 dicitur
607 2629 698 2673 quod
715 2629 841 2661 marito
856 2637 934 2661 cnm

227 2686 334 2716 uxore
349 2680 463 2715 datur.
505 2681 660 2713 Sumitur
685 2683 856 2722 praeterea
879 2680 934 2711 dos

226 2740 290 2773 pro
305 2740 346 2762 eo
369 2730 462 2773 quod
485 2731 586 2763 alicui
610 2730 730 2763 datum
754 2732 820 2771 est,
843 2730 898 2761 vel
913 2739 934 2761 a

226 2785 363 2823 natura,
385 2783 441 2814 vel
466 2781 509 2814 ab
531 2781 743 2822 hominibns;
766 2780 858 2813 unde
871 2780 933 2813 do-

229 2835 281 2864 tes
296 2830 399 2865 animi
407 2831 581 2875 dicuntur,
591 2835 628 2865 et
642 2831 745 2865 etiam
757 2830 933 2874 librorum,

987 2274 1024 2304 et
1038 2270 1180 2317 aliarum
1202 2279 1317 2302 rerum
1340 2278 1418 2312 quoe
1441 2267 1625 2301 utilitatem
1641 2265 1694 2300 nf-

985 2319 1114 2353 ferunt.
1710 2330 1713 2332 -

1030 2373 1052 2403 7
1074 2369 1182 2403 Fictis
1196 2368 1335 2411 sabulis]
1371 2369 1448 2402 Nec
1477 2369 1597 2411 inepte
1623 2373 1693 2401 vox

987 2421 1147 2464 illafictis
1157 2419 1309 2453 additur.
1353 2419 1480 2452 Maluit
1491 2419 1628 2462 proprie
1643 2419 1693 2451 lo-

989 2472 1046 2514 qui
1062 2470 1202 2504 Phaedr.
1218 2474 1256 2503 ut
1266 2469 1340 2502 Cic.
1354 2469 1390 2502 in
1404 2469 1605 2502 Miloniana.
1626 2469 1693 2502 1³·ae-

987 2522 1068 2556 bula
1090 2522 1180 2554 enim
1201 2531 1245 2554 ex
1267 2530 1384 2553 earum
1405 2530 1529 2553 vocum
1549 2527 1692 2554 nouom

987 2577 1052 2615 est,
1067 2583 1144 2616 quae
1165 2581 1283 2604 verum
1308 2575 1345 2603 et
1366 2570 1492 2604 falsum
1508 2568 1693 2612 significet.

986 2624 1089 2657 Unde
1120 2622 1209 2656 infra
1243 2621 1371 2662 legitur
1390 2625 1401 2640 ⁶
1417 2629 1501 2654 vern
1529 2618 1694 2653 Fabella?

987 2675 1062 2708 Lib.
1076 2684 1119 2708 11.
1133 2673 1202 2707 fab.
1219 2677 1250 2706 5.
1273 2673 1320 2705 Et
1332 2671 1424 2715 apud
1441 2672 1583 2705 Graecos
1597 2670 1693 2710 μῦθσς

986 2735 1049 2768 pro
1064 2725 1194 2758 Fabula
1208 2723 1306 2765 falsa,
1321 2726 1358 2755 et
1373 2732 1470 2764 vera,
1494 2720 1692 2763 usurpetur.

985 2778 1032 2810 Et
1046 2776 1140 2820 apud
1157 2776 1262 2810 Hom.
1278 2783 1343 2818 pro
1357 2781 1515 2807 sermone
1536 2779 1619 2805 vero
1634 2776 1691 2804 ιιι-

986 2829 1104 2863 mitur.
1155 2858 1160 2862 ,
