1806 3236
221 228 307 273 468

686 243 831 277 NOTAE
865 245 1132 284 VARIORUM
1166 249 1219 281 IN

748 507 993 578 LIBER
1047 499 1150 580 111.

525 709 866 754 PROLOGUS
898 713 987 756 AD
1019 713 1398 760 EUTYCHUM.

272 837 426 873 Phaedrus
440 842 481 873 ud
497 842 689 884 Eutychum]
713 843 768 876 Sic
780 845 849 877 Ms.

220 924 223 929 Χ
271 893 289 922 1
313 890 444 923 Phaedri
474 892 605 934 libellos]
639 893 694 925 Ita
720 898 855 927 veteres
878 905 929 927 so-

225 934 296 973 lere
311 937 439 974 Poetas
465 943 568 987 loqui,
582 954 657 985 pro,
679 955 773 977 meos
787 945 931 988 libellos,

227 993 392 1034 exemplis
409 993 539 1036 aliquot
554 996 704 1027 ostendit
727 997 932 1038 elegantissi-

226 1051 301 1074 mus
317 1043 604 1084 Hoogstratanus.

270 1095 291 1125 2
319 1093 415 1126 Vaces
428 1096 564 1137 oportet]
584 1095 678 1127 Plin.
705 1097 772 1138 Ep.
797 1106 851 1129 tx:
876 1100 929 1129 31.

225 1143 334 1175 ‘Eam
364 1146 592 1178 reverentiam
615 1156 692 1178 cum
713 1147 822 1180 literis
838 1148 932 1190 ipsis,

227 1198 301 1226 tum
331 1195 468 1236 scriptis
499 1196 565 1227 tuis
590 1197 713 1238 debeo,
734 1202 772 1229 ut
798 1209 932 1231 sumere

226 1243 297 1285 illa,
326 1245 393 1277 nisi
422 1255 530 1277 vacuo
557 1246 682 1287 animo,
706 1247 931 1290 irreligiosum

227 1293 372 1336 putem.’
399 1296 477 1329 Neo.

210 1344 214 1348 '
271 1341 428 1387 Eutyche]
449 1341 561 1379 Vetus
585 1347 764 1390 inscriptio
788 1348 931 1381 Romae:

225 1394 237 1413 ‘
257 1395 432 1437 Eutychus
446 1396 605 1439 Aug.lib.
622 1398 849 1440 Neronianus,
863 1409 933 1432 me-

228 1446 324 1479 dicus
354 1448 425 1479 ludi
450 1449 636 1481 matutini!
678 1449 796 1482 Ludus
817 1454 933 1482 autem

213 1493 286 1531 'ine
309 1499 508 1539 matutinus,
529 1499 539 1517 ‘
555 1499 670 1532 Arena
689 1500 867 1533 matutina’
882 1501 933 1532 di-

228 1549 321 1581 citur
331 1549 485 1581 Martiali
498 1549 616 1591 Epigr.
629 1550 691 1583 lib.
708 1559 746 1583 x.
761 1554 801 1583 25
819 1561 935 1593 quem-

231 1598 415 1632 admodum
426 1603 462 1632 et
477 1600 486 1618 ‘
496 1600 677 1632 Matutinus
689 1600 798 1642 ferae,'
816 1601 934 1643 Epigr.

229 1651 292 1683 lib.
311 1660 394 1683 xm.
409 1655 462 1684 95.
497 1647 555 1683 Fit
584 1656 621 1684 et
644 1652 772 1685 mentio
795 1652 935 1685 aliorum

229 1701 239 1719 ‘
255 1698 499 1743 Eutychorum’
514 1702 548 1734 in
565 1701 844 1744 inscriptionibus
860 1712 936 1744 pas·

230 1750 305 1782 sim.
327 1751 408 1791 Rig.

275 1797 434 1843 Eutyche]
484 1802 620 1844 Eutychi
641 1813 764 1835 nomen
793 1803 936 1836 adbaesit

229 1849 386 1893 piurimis
409 1848 559 1886 familiis.
605 1854 660 1886 Sic
682 1854 759 1886 ‘Ti.
773 1854 936 1886 Claudius

230 1902 419 1945 Eutychus'
449 1903 484 1935 in
515 1904 638 1936 nostris
663 1905 819 1937 collectis
856 1915 935 1946 pag.

229 1962 331 1987 10L11.
363 1956 395 1986 1.
441 1954 508 1986 Ἰ..
539 1954 722 1986 Publicius
762 1956 936 1997 Eutychus

230 2004 329 2036 Mun.
345 2004 422 2037 Tar.
439 2004 508 2037 lib.'
525 2004 559 2036 id
572 2009 640 2045 est,
652 2005 837 2047 Municipii
851 2005 936 2038 Tar-

231 2054 339 2086 sensis
354 2054 529 2096 Libertus‚
554 2055 644 2096 apud
661 2055 805 2088 Gruter.
829 2065 864 2097 p.
881 2058 935 2088 83.

231 2115 264 2138 n.
276 2108 329 2138 13.
366 2104 449 2143 Alii,
464 2105 586 2147 quibus
604 2104 640 2136 id
653 2115 841 2146 cognomen
857 2106 936 2147 fuit,

231 2160 323 2194 sunt,
341 2156 379 2188 C.
404 2155 573 2195 Abienus,
595 2156 646 2187 M.
666 2155 810 2188 Acutius
829 2157 880 2189 M.
896 2157 934 2189 L.

233 2207 275 2240 A.
293 2207 458 2244 AEmiHus,
476 2207 515 2238 L.
540 2205 680 2247 Agrius,
696 2207 746 2238 M.
761 2205 936 2246 Aurelius,

233 2258 355 2289 Caelius
369 2258 411 2289 Τ.
428 2258 466 2289 L.
481 2257 518 2288 L.
536 2257 752 2298 Calpurnius,
779 2257 818 2289 C.
835 2258 936 2290 Cani-

232 2308 319 2348 nius,
345 2308 387 2340 L.
410 2307 596 2348 Cominius,
622 2307 660 2339 C.
676 2307 869 2348 Cornelius,
885 2308 935 2340 M.

232 2359 402 2391 Cusinius.
447 2358 535 2391 Aliis
563 2357 630 2390 fuit
654 2367 775 2390 nomen
799 2360 937 2400 paulum

231 2409 459 2449 immutatum,
476 2408 653 2450 Eutyches:
677 2412 716 2439 ut
734 2408 772 2439 1..
796 2406 938 2448 Acilius,

232 2460 354 2501 AElius,
380 2461 423 2492 P.
450 2460 572 2498 AEliuS,
588 2459 626 2490 L.
650 2457 780 2490 Annius
795 2457 881 2498 Lib,
894 2458 936 2491 P.

234 2511 369 2553 Appius
398 2511 440 2542 P.
471 2511 509 2542 F.
540 2510 580 2540 L.
604 2508 742 2548 Atilius,
764 2506 937 2549 Aurelius,

233 2562 406 2602 Caeeilius,
433 2561 488 2604 M.x
509 2559 653 2600 Caesius,
677 2557 746 2600 Ap.
762 2557 937 2598 Claudius,

232 2612 286 2644 Ti.
300 2611 475 2644 Claudius.
522 2610 710 2652 Eutychetes
731 2617 853 2640 nomen
868 2617 937 2639 ser-

234 2662 268 2694 vi
281 2666 334 2694 est
349 2662 383 2692 in
403 2660 518 2702 lapide
546 2660 696 2691 Romano
719 2668 755 2700 p.
777 2666 936 2690 cmLxxl.

233 2711 291 2743 ubi
309 2721 501 2752 perperam,
517 2710 686 2742 Gruterus
701 2708 809 2741 edidit
833 2709 936 2750 Euty-

233 2762 348 2793 chides.
396 2761 498 2802 Lapis
528 2761 614 2802 ipse,
642 2769 745 2802 quem
770 2759 805 2790 in
836 2758 936 2790 domo

235 2812 482 2843 Caelimontana
496 2811 742 2842 Mattheiorum
760 2808 826 2841 Au.
840 2810 935 2841 1662.

984 846 1139 889 vidimus,
1166 847 1295 882 diserte
1325 850 1536 893 Eutychum
1556 851 1684 897 quoin

983 897 1098 939 lapide
1112 899 1254 941 insignis
1278 910 1372 934 error
1391 902 1428 934 'm
1453 902 1590 934 nomine
1605 910 1686 938 con-

986 949 1086 989 sulis;
1113 959 1189 982 nam
1205 961 1266 992 pro
1283 952 1332 984 M.
1356 952 1534 994 Virgilium>
1552 953 1688 994 Ponione,

985 993 1076 1034 quod
1102 1003 1218 1026 verum
1242 995 1317 1036 ejus
1345 1004 1468 1028 nomen
1503 996 1688 1038 est,.lnpis

984 1042 1091 1075 habet
1101 1044 1152 1077 M.
1169 1045 1361 1087 Mergilhmo
1377 1046 1513 1088 Pedonae.

1026 1094 1056 1125 A
1072 1095 1223 1136 negotiis]
1245 1096 1302 1128 Itu
1326 1102 1430 1138 vocat
1448 1107 1546 1131 curas
1559 1097 1689 1140 publici

987 1141 1104 1185 officii,
1137 1146 1307 1187 quomodo
1341 1147 1497 1190 plerique
1532 1153 1716 1190 veteten-

987 1194 1076 1226 unde
1104 1195 1208 1228 etiam
1243 1197 1455 1239 ‘Negotiosa
1482 1198 1580 1240 vital
1610 1209 1688 1242 quoe

986 1246 1171 1286 opponitur
1186 1247 1346 1288 privatae,
1360 1251 1397 1280 et
1410 1248 1546 1292 otiose,
1559 1253 1596 1282 et
1610 1259 1690 1289 con-
1759 1267 1768 1275 -

986 1296 1201 1337 temptationi
1225 1297 1419 1341 litterisque
1443 1298 1583 1341 deditae.
1626 1299 1691 1336 Di-

986 1354 1059 1377 cam
1075 1346 1230 1387 pluribus
1247 1348 1280 1379 in
1296 1349 1549 1381 commentariis
1568 1349 1612 1382 ad
1637 1349 1689 1384 of-

985 1394 1064 1427 ficia
1080 1396 1240 1429 Ciceron.
1263 1397 1369 1444 Schef.
1411 1399 1478 1432 Vel
1492 1400 1621 1441 negotia
1633 1400 1689 1432 hic

987 1455 1112 1487 capere
1142 1448 1238 1488 licet,
1263 1452 1302 1480 ut
1336 1449 1347 1466 ‘
1366 1449 1618 1491 Negotiantes}
1645 1449 1690 1482 de

988 1497 1111 1539 quibus
1125 1498 1169 1530 ad
1183 1498 1324 1531 Petron.
1334 1507 1381 1532 οι.
1391 1504 1430 1531 et
1441 1499 1590 1532 Gronov.
1605 1499 1690 1535 Obs.

989 1556 1039 1580 ιν.
1054 1550 1108 1580 24.
1153 1547 1211 1580 Ita
1230 1548 1353 1582 Horat.
1378 1549 1443 1590 Ep.
1464 1558 1508 1581 11.
1536 1549 1690 1582 ‘Beatus

990 1600 1060 1641 ille,
1086 1600 1143 1643 qui
1158 1601 1281 1643 procul·
1303 1601 1447 1643 negotiis
1460 1604 1480 1634 ι’
1501 1607 1538 1639 et
1552 1601 1627 1636 *hoc
1642 1603 1690 1640 in-

989 1659 1096 1683 nuere
1126 1650 1313 1684 Phaedrum
1341 1651 1507 1693 suspicari
1534 1651 1618 1684 licet
1647 1661 1691 1684 ex

989 1711 1078 1735 vers.
1093 1704 1147 1735 21.
1170 1702 1284 1735 Burm.
1471 1724 1480 1725 ff

1029 1755 1050 1784 4
1073 1753 1199 1794 Inquis]
1223 1753 1266 1786 V.
1279 1753 1442 1795 &inquit
1466 1752 1590 1795 Heius..
1621 1751 1691 1795 Pa-

989 1811 1101 1834 remus
1127 1802 1277 1834 libenter
1302 1802 1354 1834 ita
1385 1802 1580 1844 legentibus
1608 1801 1691 1844 viris

989 1851 1112 1893 doctis,
1138 1855 1175 1884 et
1201 1851 1267 1893 ipsi
1289 1852 1393 1884 etiam
1408 1852 1543 1885 Jacobo
1558 1852 1692 1893 Grono-

990 1902 1059 1944 vio,
1084 1902 1144 1944 qui
1158 1902 1302 1934 Patrem
1327 1907 1425 1935 certe
1449 1903 1483 1934 iu
1507 1903 1597 1934 hanc
1618 1912 1691 1936 rem

990 1952 1161 1985 debuisset
1175 1952 1327 1994 laudare,
1347 1952 1406 1994 qui
1420 1953 1566 1994 plurimu
1580 1963 1693 1986 exem-

993 2004 1049 2044 pla
1063 2003 1160 2036 dedit
1176 2004 1218 2036 ad
1234 2004 1308 2037 Liv.
1322 2012 1456 2036 xxxiv.
1467 2007 1546 2036 λεὶ
1558 2004 1693 2037 Brouk-

990 2053 1124 2086 husium
1140 2063 1273 2096 quoque
1289 2054 1333 2086 ad
1347 2055 1510 2096 Propert.
1522 2063 1563 2087 ιι.
1576 2057 1629 2087 24.
1639 2057 1693 2089 35.

990 2103 1109 2136 solitos
1128 2108 1264 2136 veteres
1284 2114 1304 2136 a
1329 2104 1478 2137 secunda
1494 2104 1538 2136 ad
1553 2105 1694 2138 tertiam

991 2164 1170 2196 personam
1199 2153 1384 2187 transferre
1413 2155 1604 2188 orationem
1633 2166 1693 2190 no-

992 2209 1084 2237 tasse
1114 2205 1233 2237 docuit
1259 2205 1314 2237 hic
1345 2204 1634 2247 Hoogstratanus:
1657 2210 1694 2238 et

991 2254 1035 2286 de
1053 2254 1186 2287 Graecis
1207 2255 1298 2287 idem
1321 2255 1488 2287 indicavit
1505 2265 1616 2297 nuper
1629 2256 1695 2288 Ra-

991 2305 1124 2347 phelius
1139 2305 1174 2337 in
1191 2304 1356 2338 Annotat.
1378 2305 1413 2337 in
1437 2306 1484 2338 N.
1499 2306 1540 2338 T.
1566 2315 1611 2338 ex
1624 2306 1694 2338 Xe-

991 2357 1166 2398 nophonte
1182 2356 1226 2388 ad
1248 2355 1328 2388 Act.
1351 2354 1473 2397 Apost.
1497 2365 1522 2389 ¹.
1534 2358 1569 2389 4.
1613 2355 1693 2398 Ipse

992 2410 1106 2438 tamen
1123 2406 1330 2446 Gronovius,
1350 2405 1409 2448 qui
1431 2405 1529 2438 nimis
1551 2405 1693 2446 inertes,

992 2456 1027 2488 in
1042 2466 1082 2488 eo
1099 2455 1189 2498 quod
1211 2456 1389 2498 pulchrum
1418 2454 1552 2496 suisset,
1575 2465 1693 2488 omnes

993 2506 1092 2547 dicit,
1107 2506 1163 2539 edi
1180 2516 1299 2548 passus
1313 2511 1378 2547 est,
1391 2506 1506 2547 inquis.
1531 2506 1651 2538 Burm.

1036 2557 1200 2598 Ingenium
1212 2556 1314 2597 tuum]
1326 2556 1368 2588 Id
1377 2561 1443 2597 est,
1453 2555 1574 2598 poelma
1583 2560 1692 2598 tuum,

992 2609 1202 2648 opusculum.
1261 2606 1406 2648 Proprie
1436 2605 1528 2647 apud
1555 2607 1694 2639 Latinos

990 2657 1109 2689 Poe'tis
1148 2657 1309 2697 ingenium
1346 2656 1563 2689 adscribitur.
1607 2658 1695 2691 Pro·

991 2712 1079 2749 pert.
1094 2716 1119 2738 1.
1146 2710 1179 2740 7.
1201 2708 1211 2725 ‘
1226 2708 1324 2741 Tunc
1349 2716 1412 2747 ego
1428 2707 1590 2739 Romanis
1607 2717 1693 2749 prae-

989 2755 1082 2788 ferar
1095 2756 1263 2797 ingeniis,'
1278 2757 1312 2788 id
1335 2760 1401 2796 est,
1418 2756 1548 2790 Poetis.
1592 2757 1693 2800 Vide,

991 2817 1066 2849 quae
1082 2806 1129 2848 ibi
1145 2811 1243 2839 notat
1259 2806 1488 2840 Passeratius.
1510 2808 1627 2840 Burm.
