1806 3236
180 215 290 259 356*

181 320 285 362 Saepe
307 318 394 351 hanc
411 325 529 350 vocem
547 326 567 349 a
590 315 739 349 librariis
765 316 801 348 in
817 315 890 356 sac-

181 374 249 402 tum
260 372 437 410 mutatam,
461 367 635 400 docebunt
649 371 738 399 notoe
756 365 890 399 Heinsii

184 420 228 453 ad
243 419 350 454 ovid.
365 419 449 451 Her.
462 427 520 451 111.
535 428 587 450 vs.
602 421 679 451 115.
696 422 732 450 et
755 417 891 450 Graevii

181 469 226 501 ad
248 469 342 502 Flor.
358 477 382 500 1.
399 471 453 499 15.
477 467 621 500 Minime
645 467 751 500 etiam
774 476 892 500 neces·

184 520 310 553 sarium
327 522 380 551 est
394 527 472 550 cnm
498 518 704 561 quibusdam
728 519 844 561 legere
859 517 890 551 A

183 581 262 613 quo.-
285 579 363 602 nam
380 578 442 611 pro
457 569 628 602 medicina
643 569 734 612 petit
757 569 893 611 praemi-

183 631 253 661 um,
279 623 316 652 et
340 619 423 652 satis
446 620 653 663 intelligitur
676 630 697 653 a
720 621 819 662 Lupo
836 628 893 662 pe-

181 672 288 704 tiisse.
311 671 427 704 Bur-m.
643 692 645 694 -

227 724 295 756 Pro
309 733 368 766 quo
393 733 465 756 cum
484 723 754 767 factoflagitaret
768 722 895 766 praemi-

183 775 252 816 um]
269 776 336 807 Ms.
353 775 586 815 Rem.sactum
597 787 608 809 .·
630 775 744 808 scribe
755 777 895 817 pactum.

185 826 338 858 Dixerat
353 826 443 858 enim
456 826 638 867 Phaedrus,
650 826 769 868 lupum
782 825 896 866 singn-

184 877 237 909 los
251 875 403 909 illexisse
416 876 543 919 pretio,
559 880 597 909 et
619 877 758 910 tandem
774 886 896 910 conve-

186 928 278 961 nisse
294 938 371 961 cum
388 929 484 962 Grue
498 939 507 961 ε
531 929 710 971 praemium
726 939 810 971 ergo
820 933 896 961 erat

185 983 320 1021 pactum.
364 978 483 1022 Atque
513 979 564 1012 ita
591 979 682 1022 apud
708 979 895 1012 Phaedrum

185 1030 291 1063 fuisse
302 1029 484 1063 confirmat
494 1028 694 1072 Anonymus
705 1028 895 1069 fabulator-3

187 1081 303 1114 ‘Grus
333 1080 500 1122 promissa
529 1081 633 1122 petit,
664 1080 709 1113 de
738 1080 896 1113 faucibus

187 1140 263 1164 osse
273 1130 433 1163 revulso?
475 1131 585 1164 Immo
601 1131 707 1164 etiam
722 1136 822 1164 vetus
837 1131 897 1164 ille

188 1182 370 1223 glossator,
385 1181 458 1214 sive
485 1182 739 1224 metaphrastes
764 1181 898 1215 fabula-

187 1242 264 1265 rum
279 1233 434 1274 Phaedri,
449 1243 550 1275 quem
566 1233 695 1266 rectius
711 1233 898 1265 Phaedrum

188 1283 335 1316 barbare
348 1283 534 1325 glossatum
549 1283 689 1325 dixeris,
709 1284 898 1325 Romulius,

188 1343 282 1366 sanus
309 1344 379 1367 cum
402 1337 482 1366 esset
508 1334 612 1375 lupus,
636 1334 769 1375 rogabat
798 1334 899 1366 Gmis

187 1385 279 1417 reddi
301 1385 363 1417 sibi
385 1383 542 1427 promma
566 1385 714 1427 proemia.
755 1384 814 1418 Sic
838 1384 898 1417 ille

186 1435 222 1467 in
238 1436 306 1468 Ms.
322 1434 537 1468 Divionensi.
582 1434 684 1469 Quod
707 1434 766 1467 isti
788 1438 898 1476 petere

186 1486 341 1527 promissa
359 1485 506 1527 proemia,
530 1485 566 1518 id
592 1485 786 1528 elegantius
809 1485 901 1517 dixit

190 1536 362 1569 Phaedrus
390 1539 517 1577 pactum
538 1536 704 1577 proemium
718 1535 876 1578 flagitare
888 1545 902 1574 ‚-

191 1588 293 1629 piane
321 1591 360 1620 ut
383 1586 474 1629 apud
503 1586 680 1619 Valerium
709 1585 900 1619 Maximum

189 1637 251 1670 lib.
275 1647 325 1672 lv.
350 1647 382 1670 c.
411 1640 444 1671 3.
472 1638 482 1657 ‘
498 1637 715 1680 Factumque
743 1636 900 1670 victoriae

192 1691 370 1731 praemium
401 1689 638 1732 flagitantibus
652 1689 675 1722 :¹
714 1694 752 1723 et
789 1690 901 1723 Cicer.

191 1742 260 1786 Ep.
273 1740 317 1772 ad
333 1741 376 1774 Q.
390 1740 490 1773 fratr.
506 1749 562 1774 ιιι.
578 1743 613 1772 3.
633 1743 643 1760 ‘
659 1740 814 1782 Propter
828 1750 901 1772 sus-

190 1790 362 1832 picionem
372 1795 555 1832 pactorum
569 1791 812 1832 praemiorum!
841 1792 900 1825 Sic

192 1841 277 1874 alibi
299 1845 416 1874 noster
434 1841 496 1875 lib.
513 1850 570 1874 111.
585 1841 653 1875 fab.
670 1845 722 1875 14.
744 1843 755 1861 ‘
767 1843 801 1875 Si
818 1853 898 1885 pac-

192 1896 264 1924 tam
275 1891 347 1924 fuci
356 1901 424 1924 non
437 1896 651 1925 recusassent
661 1891 785 1926 fidem:
816 1894 899 1926 Pac-

194 1946 260 1975 tum
282 1942 448 1983 proemium
475 1942 606 1974 Noster
631 1941 691 1975 lib.
707 1951 733 1975 1.
757 1941 829 1975 fab.
845 1946 898 1976 14.

195 1994 284 2027 dixit
315 1994 487 2036 ‘positum
516 1994 718 2036 praemium,'
745 1999 783 2028 et
811 1995 836 2028 l.
863 2004 899 2027 v.

193 2044 428 2087 ‘propositum
448 2042 652 2086 praemium!
675 2044 762 2077 Gud.

239 2098 280 2127 11
307 2096 372 2127 Ore
386 2104 454 2136 quae
468 2094 590 2136 nostro]
613 2095 685 2127 Pro
701 2105 756 2138 ex,
771 2097 825 2129 vel
841 2098 900 2131 abs

196 2155 275 2185 ore;
297 2145 352 2177 cui
365 2145 499 2177 seilicet
514 2144 715 2180 immiseras.
760 2147 901 2191 Praepo-

195 2196 353 2228 sitionem
379 2195 511 2227 omittit
541 2195 585 2227 ob
614 2196 753 2229 verbum
783 2198 900 2232 subse-

197 2255 318 2288 quens,
345 2245 521 2287 abstuleris,
542 2245 598 2278 cui
624 2246 676 2278 vis
702 2249 774 2289 eius
798 2249 900 2284 inest.

195 2295 302 2335 Schef.

244 2347 310 2377 Ore
323 2355 392 2387 qwae
406 2349 511 2378 nostro
526 2350 620 2388 caput
634 2346 782 2382 incolume
795 2350 900 2384 abstu-

196 2396 287 2437 leris]
310 2396 368 2428 Ita
391 2397 496 2429 etiam
520 2398 719 2431 Crocodilus
740 2399 901 2435 benefici-

198 2456 255 2479 um
271 2450 307 2480 et
322 2447 517 2480 mercedem
539 2448 697 2482 Trochilo
713 2460 749 2483 se
765 2451 900 2486 dedisse

653 220 797 254 NOTAE
830 217 1098 254 vAnloRuM
1132 218 1183 253 IN

940 319 1054 358 putat,
1067 326 1145 350 cum
1160 316 1208 349 illi
1225 315 1379 359 permisit
1399 314 1566 348 incolume
1589 314 1648 361 ceso

940 371 1005 408 put
1029 366 1170 400 referre.
1214 367 1337 400 AElian.
1352 376 1409 400 ιιι.
1428 376 1504 409 cap.
1529 368 1582 398 11.
1602 363 1648 398 ’st

939 416 1035 457 μηδὲν
1055 417 1200 456 ἀδικῆσαι
1223 417 1278 450 τὸν
1301 417 1460 460 τρόχιλον,
1483 415 1645 458 λογίζεται

940 467 1061 508 μισθόν.
1106 468 1248 502 Pliiles:
1272 468 1334 501 Καὶ
1357 468 1414 508 τήν
1438 480 1478 509 -γε
1506 466 1650 509 κεφαλὴν

942 517 1012 552 ἀντὶ
1021 519 1131 559 μισθοῦ
1138 518 1302 562 λαμβάνει,
1312 519 1418 560 Μηδὲν
1425 519 1523 552 κακὸν
1534 515 1649 551 παθού-

942 581 1003 603 σαν
1018 571 1053 602 ἐκ
1066 571 1124 603 τοῦ
1137 569 1250 612 θηρίου.
1292 571 1376 604 Tale
1388 572 1399 590 ‘
1411 571 1580 604 latronum
1589 569 1649 602 bea

942 620 1116 662 neficium,
1127 621 1170 653 iis
1195 630 1234 653 se
1246 619 1380 654 dedisse
1396 621 1514 662 vitam,
1528 619 1651 664 quisn-

943 681 1012 704 non
1042 672 1233 705 ademerint
1244 671 1266 705 ι’
1303 672 1356 705 M.
1383 672 1460 705 Tul.
1487 671 1580 704 Phil.
1608 679 1651 704 11.

945 723 1027 763 Rig.

990 773 1071 810 Quae
1098 773 1220 815 nostro]
1264 773 1397 821 Quid(
1415 772 1446 805 si
1474 771 1649 806 scribun-

944 832 1036 866 qrmm
1050 828 1167 866 nostro,
1182 828 1328 867 propter
1342 821 1566 868 subsequens,
1578 822 1650 856 dt·-

945 873 1082 909 tuleris?
1105 874 1221 909 Schef.

992 925 1111 968 Caput]
1122 926 1235 968 Supra
1250 926 1405 958 ‘collum'
1421 925 1522 958 dixit.
1544 923 1654 958 Nem·

946 986 991 1019 pe
1004 977 1062 1009 hic
1078 981 1259 1019 respectus
1273 976 1315 1010 fit
1330 976 1373 1010 ad
1389 977 1495 1010 vitam
1512 979 1549 1009 et
1562 976 1655 1008 selu-

947 1030 1032 1068 tem,
1059 1037 1137 1070 quae
1161 1027 1297 1070 vulgari
1325 1027 1574 1061 consuetudine
1603 1027 1654 1060 lo⁴⁴

948 1076 1076 1120 qnendi
1100 1078 1214 1120 posita
1237 1082 1292 1111 est
1316 1078 1352 1111 in
1377 1078 1506 1122 capite.
1552 1076 1656 1110 Unde

927 1170 929 1172 Ι
948 1128 1029 1161 illa:
1053 1128 1064 1147 ‘
1077 1129 1195 1171 capite
1210 1138 1273 1162 suo
1298 1129 1486 1171 dimicare:
1508 1129 1520 1148 ‘
1536 1127 1656 1162 defen*

948 1179 1032 1211 dere
1045 1183 1150 1221 caput
1166 1180 1331 1221 alterius,'
1345 1183 1382 1212 et
1393 1179 1526 1213 similia.
1558 1178 1656 1212 Aun-

949 1236 1134 1274 utrumque
1153 1232 1315 1274 junctum
1339 1231 1516 1274 intelligit,
1536 1234 1574 1263 et
1599 1240 1657 1264 ca-

950 1286 1024 1325 put,
1036 1288 1078 1315 ¹et
1102 1284 1240 1315 collum.
1286 1283 1411 1326 Neque
1436 1281 1550 1324 video,
1571 1287 1656 1324 qno-

948 1333 1050 1366 modo
1074 1337 1245 1376 repugnet
1270 1333 1363 1374 fidei,
1378 1333 1470 1376 quod
1485 1337 1656 1365 nonnemo

948 1383 1003 1416 hic
1028 1381 1175 1425 putavit.
1231 1383 1321 1416 Nam
1348 1392 1412 1416 nec
1433 1382 1550 1416 fauces
1576 1385 1658 1416 sunt

950 1439 1021 1467 tam
1045 1434 1166 1467 breves
1194 1434 1229 1466 in
1260 1433 1555 1477 quadrupedibus,
1590 1440 1656 1466 nec

950 1489 1102 1517 rostrum*
1111 1485 1201 1526 gruis
1215 1484 1276 1528 (de
1289 1493 1374 1526 grue
1386 1493 1498 1517 sermo
1511 1486 1578 1524 est,
1587 1490 1657 1516 non

951 1534 1100 1577 ciconia)
1115 1538 1185 1567 tam
1198 1544 1391 1577 procerum.
1434 1534 1482 1567 Et
1496 1533 1578 1577 qnid
1592 1533 1606 1565 ἰ
1626 1533 1658 1566 υἱ

950 1585 1107 1619 dicamus
1121 1595 1159 1617 os
1176 1584 1314 1617 haesisse
1329 1585 1363 1618 iu
1389 1583 1464 1616 imis
1477 1582 1658 1617 faucibus?

951 1638 1116 1681 Denique
1147 1637 1292 1680 AEsopus
1327 1638 1403 1680 ipse
1429 1637 1508 1671 ideo
1538 1637 1660 1671 scribit

952 1699 1071 1732 gruem
1083 1699 1159 1722 esse
1176 1689 1329 1732 potuisse
1344 1689 1424 1732 lupo
1433 1689 1533 1722 saluti
1546 1689 1612 1723 hoe
1621 1689 1658 1722 in

950 1740 1103 1781 negotio,
1113 1740 1204 1782 quod
1217 1740 1362 1773 heberet
1372 1741 1509 1782 longum
1521 1735 1657 1774 collum.

951 1790 1050 1822 Adeo
1074 1784 1143 1823 non
1168 1791 1280 1832 major
1304 1795 1360 1823 est
1385 1790 1422 1823 in
1442 1791 1517 1833 ipso
1532 1791 1658 1833 cautio,

950 1850 1051 1883 quam
1063 1844 1201 1873 auctore
1214 1845 1343 1881 nostro,
1353 1841 1383 1873 si
1395 1841 1550 1874 incantus
1567 1842 1657 1874 Nos-

952 1896 1006 1924 ter
1021 1890 1101 1932 fuit,
1126 1891 1170 1924 de
1196 1900 1262 1933 quo
1278 1891 1362 1924 nihil
1377 1891 1500 1934 adhuc,
1513 1892 1569 1935 qui
1585 1901 1658 1925 sus·

951 1941 1145 1984 picabatur,
1157 1941 1281 1974 idonee
1296 1941 1465 1983 probavit.
1488 1941 1594 1982 Schef.

995 1997 1036 2026 12
1059 1994 1220 2036 Postulas]
1245 1995 1318 2036 Ego
1330 1995 1411 2027 nihil
1423 1999 1542 2028 muto:
1566 2005 1657 2038 nam,

951 2045 1241 2088 conjunctionem,
1268 2049 1312 2087 et,
1338 2056 1407 2080 non
1428 2046 1466 2079 τὸ
1479 2046 1659 2090 abstuleris,

952 2096 1013 2128 sed
1044 2096 1181 2137 Ingrata
1209 2107 1252 2139 es,
1282 2107 1359 2130 cum
1388 2098 1493 2131 verbo
1516 2099 1658 2140 postulas

952 2152 1172 2190 connectere,
1197 2149 1371 2182 existimo.
1429 2149 1556 2183 Sensus
1582 2155 1656 2184 est:

950 2198 1001 2230 Tu
1017 2208 1080 2240 pro
1094 2198 1157 2230 hoc
1167 2208 1244 2231 meo
1258 2199 1428 2232 beneficio
1444 2209 1511 2233 non
1526 2201 1658 2243 ingrata

950 2250 1058 2282 solum
1073 2259 1122 2291 es,
1146 2259 1214 2283 non
1230 2250 1403 2284 laudando
1420 2251 1582 2286 videlicet
1603 2263 1656 2287 ra-

951 2310 1024 2333 ram
1049 2301 1137 2333 hanc
1164 2306 1200 2333 et
1222 2301 1429 2343 singularem
1453 2313 1564 2336 meam
1588 2305 1657 2338 cle·

950 2351 1128 2392 mendam,
1155 2352 1216 2384 sed
1243 2353 1383 2395 insuper
1406 2357 1443 2386 et
1461 2355 1655 2388 mercedem

951 2402 1117 2445 postulaS,
1131 2402 1229 2445 quasi
1245 2413 1310 2435 non
1325 2403 1407 2436 satis
1418 2403 1462 2437 sit
1471 2405 1654 2448 mercedis,

950 2453 1042 2496 quod
1053 2453 1159 2486 vitam
1175 2453 1238 2486 tibi
1254 2455 1491 2489 concesserim.
1513 2454 1619 2496 Schts.
