1806 3236
225 258 312 302 620

226 362 352 401 maltos
368 370 485 395 versus
499 361 579 395 hinc
593 361 688 406 illine
701 369 746 393 ex
759 360 824 394 bac
837 358 932 394 fabu-

225 413 260 446 la
272 412 451 446 excidisse.
473 412 590 445 Faber.

271 463 408 504 Misere]
429 463 567 496 Tacitus
577 462 634 496 lib.
647 471 724 497 xlv.
739 462 748 480 ‘
761 462 934 496 Miserunt

228 515 382 558 Hyrcani
396 516 439 548 ad
463 515 661 558 Principem
676 516 866 549 Romanum
880 525 933 548 so-

226 567 391 601 cietatem
407 566 587 608 rogatum!
611 567 698 599 Gud.

271 621 292 650 2
314 618 461 651 Melioris
486 618 564 650 vitae
598 618 735 661 tempus]
783 619 934 662 Tempus

226 679 295 713 quo
311 670 487 703 meliorem
509 670 613 703 vitam
640 674 781 712 possent
806 670 935 711 vivere,

229 731 331 764 quam
344 732 384 755 ea
397 726 461 764 est,
471 732 571 765 quam
582 722 747 755 hactenus
763 722 934 761 vixerant.

228 771 336 812 Schef.
380 773 492 815 Lege:
532 773 669 805 Meliora
693 773 769 806 vitae
795 776 936 815 tempora

224 826 352 855 oratum
365 823 437 857 sibi.
456 823 578 856 Heius.
611 824 668 857 Sic
683 825 808 859 Justin.
826 834 867 858 ιι.
881 827 934 858 11.

229 877 265 907 et
280 883 414 908 xxvm.
429 878 462 908 4.
485 875 497 893 ‘
509 875 555 908 Se
571 875 616 908 ad
642 875 786 909 meliora
812 876 935 918 patriae

228 929 388 967 tempora
423 926 664 960 reservarent!
725 927 936 969 Simpliciter

228 976 357 1008 meliora
394 975 485 1010 dixit
519 978 599 1010 Val.
647 978 741 1011 Flac.
786 987 824 1010 v.
857 981 934 1012 459.

229 1027 239 1044 ⁴
256 1026 391 1069 Dignus
407 1038 483 1070 avo,
492 1038 662 1072 quemque
677 1030 850 1063 insontem
864 1040 936 1063 me·

228 1077 315 1111 liora
330 1084 512 1113 manerent
523 1079 546 1112 ι’
571 1080 631 1113 sed
647 1091 746 1123 aeque
761 1085 858 1114 recte
873 1091 935 1114 me·

229 1130 289 1163 lior
303 1131 371 1164 vita
399 1142 462 1174 pro
473 1131 626 1166 feliciori
641 1133 795 1174 dicitur;
830 1143 936 1176 quare

228 1183 312 1215 nihil
327 1188 475 1225 mutem;
497 1183 563 1217 nisi
579 1184 673 1228 quod
697 1194 761 1227 pro
775 1194 839 1217 suoe
853 1185 935 1217 mal·

230 1233 297 1267 lem
311 1234 384 1268 sibi.
405 1235 525 1267 Burm.

271 1287 292 1316 8
319 1285 365 1316 Ut
392 1294 426 1317 sc
450 1285 625 1327 abriperet]
647 1285 820 1328 Eriperet.
864 1286 936 1319 No·

227 1335 335 1369 tanda
350 1341 464 1369 autem
480 1337 689 1379 estloeutio,
712 1336 856 1379 abripere
879 1337 937 1369 ali·

227 1397 318 1429 quem
329 1387 535 1430 contumeliis,
548 1397 624 1431 pro,
638 1397 761 1430 rapere
787 1388 936 1431 aliquem

229 1447 250 1470 a
263 1438 501 1480 contumeliis3
524 1449 603 1471 nam
625 1440 728 1481 vulgo
742 1438 936 1481 praepositi·

229 1498 333 1522 onem
348 1489 491 1522 addunt.
536 1490 614 1522 Nisi
629 1494 743 1533 putes,
759 1489 936 1532 scripsisse

230 1541 412 1583 Nostrum,
425 1541 582 1574 hominum
600 1551 616 1574 e
636 1542 842 1583 contumeliis,
857 1550 936 1573 nam

229 1596 348 1635 potest
361 1592 451 1634 fieri,
481 1598 520 1626 ut
541 1593 626 1626 illud
642 1603 658 1626 e
674 1592 717 1625 ob
743 1591 937 1625 similitudi-

229 1653 308 1676 nem
323 1644 498 1687 sequentis
515 1644 642 1677 litterae
658 1644 703 1677 sit
730 1643 938 1686 absorptum.

230 1695 288 1728 Irta
318 1695 442 1728 Cicero
465 1696 476 1714 ‘
492 1697 522 1728 E
550 1697 733 1738 complexu
757 1700 939 1739 parentum

232 1745 396 1788 abreptos
408 1745 507 1779 filios’
521 1746 623 1780 dixit.
646 1746 754 1786 Schef.

273 1797 460 1839 Abriperet]
497 1798 582 1830 Mss.
597 1798 696 1830 Rem.
710 1807 775 1830 sese
789 1797 937 1839 ariperet.

231 1849 347 1890 L8ge:
381 1858 448 1881 sese
462 1848 606 1890 eriperet.
650 1847 725 1881 Sese
739 1858 835 1890 saepe
847 1848 939 1889 apud

233 1897 434 1931 Plnaedrum.
469 1898 528 1930 lib.
559 1907 601 1930 11.
633 1897 701 1930 fab.
718 1901 749 1931 4.
784 1897 795 1915 ‘
807 1898 940 1930 Dolosa

231 1953 309 1982 tuto
337 1948 492 1982 condidit
522 1958 599 1981 sese
629 1947 740 1981 cavo!
790 1947 940 1989 Eriperet

231 1999 379 2042 probum
395 2003 458 2032 est.
504 1999 560 2031 Sic
575 1998 636 2031 lib.
652 2008 678 2032 1.
694 1997 767 2031 fab.
784 2001 838 2031 28.
854 2001 863 2017 ⁶
876 1998 941 2030 Pe·

231 2051 316 2083 riclo
332 2050 451 2082 mortis
466 2051 619 2092 eriperet
631 2049 731 2083 suos!
757 2050 843 2082 Gud.

265 2105 287 2134 4
299 2101 504 2143 Furfuribus]
513 2101 684 2134 Neveleto
696 2101 705 2118 ‘
717 2101 822 2133 Panis
833 2100 940 2133 sordi-

232 2152 322 2194 dus,’
346 2157 385 2186 ut
396 2157 454 2186 est
467 2152 559 2195 apud
576 2153 737 2185 Plautum
757 2151 852 2184 Asin.
867 2161 892 2184 1.
908 2153 941 2185 2.

233 2204 369 2237 Nonius
400 2203 558 2245 appellat
590 2202 600 2219 ‘
611 2201 826 2243 Acerosum:
861 2202 942 2245 quia

233 2259 287 2287 est
299 2265 343 2287 ex
357 2255 465 2297 paleis
479 2263 635 2287 acereve.
659 2253 766 2292 Schef.
809 2253 820 2271 ‘
832 2252 940 2295 Aplu-

233 2307 323 2340 dam'
345 2311 479 2339 veteres
506 2306 636 2338 dixisse
657 2304 850 2338 furfureum
880 2315 940 2346 pa·

234 2367 314 2391 nem
328 2357 435 2391 docet
449 2357 541 2390 Gell.
554 2366 607 2390 x1.
619 2359 652 2389 7.
673 2356 733 2388 ubi
754 2356 834 2388 vide
850 2365 941 2388 oom-

235 2413 459 2442 mentatores.
502 2409 512 2426 ‘
525 2407 726 2441 Acerosum’
748 2407 905 2439 eumdem
921 2417 942 2439 a

235 2460 352 2493 Nonio
367 2459 451 2500 dici,
465 2463 565 2492 notat
578 2457 734 2493 Nonnius
750 2457 795 2490 de
810 2458 863 2491 Re
886 2457 941 2490 Ci-

235 2511 332 2544 baria
346 2510 405 2543 lib.
421 2513 489 2543 ιδ.
513 2510 627 2543 Burm.

273 2562 464 2602 Furfuribus
472 2571 666 2603 conspersum
671 2560 799 2603 panem]
815 2559 838 2594 J
841 2569 940 2592 uven.

236 2615 308 2647 Sat.
323 2624 355 2647 V.
368 2615 378 2633 ⁴
392 2614 541 2646 Tantine
558 2613 682 2656 injuria
697 2613 829 2646 caenae?
852 2612 939 2644 Tam

231 2666 352 2708 jeJuna
367 2663 487 2707 fames,
502 2675 579 2697 cnm
597 2663 707 2706 poscis
720 2663 894 2696 honestius
904 2662 942 2694 il-

235 2716 280 2748 lic
289 2717 335 2748 Et
346 2720 493 2748 tremere
503 2722 540 2748 et
551 2715 669 2747 sordes
679 2713 776 2746 farris
784 2713 942 2746 mordere

236 2766 350 2799 canini
364 2766 388 2798 ?'
432 2766 514 2799 Vet.
529 2765 665 2807 Interp.
694 2765 705 2784 ‘
718 2764 824 2797 Panis
837 2763 943 2796 sordi-

237 2818 302 2850 dus
337 2812 460 2850 eanum
496 2818 575 2851 est!
616 2817 811 2851 Pacuvius:
847 2817 858 2834 ⁴
874 2816 943 2850 Qui

239 2869 330 2912 apud
355 2873 391 2903 te
413 2868 509 2913 quasi
535 2878 653 2902 servus
681 2872 737 2901 est
764 2867 941 2901 caniceum

695 266 838 298 NOTAE
870 265 1137 298 vAmoRUM
1170 265 1222 297 IN

982 361 1131 404 panem!
1175 361 1314 394 Festus:
1343 359 1505 394 ‘Canicae
1529 358 1682 394 furfure·

982 411 1027 445 de
1062 410 1168 455 farre,
1204 422 1225 444 a
1260 412 1339 446 cibo
1373 421 1495 446 canum
1525 410 1684 446 vocate-⁹

981 463 1062 505 Rig.
1651 462 1654 465 '

1028 513 1246 557 conspersum]
1289 515 1395 549 Forte
1420 514 1597 556 consortum
1620 513 1685 559 qni.

982 565 1107 599 Heius.
1668 561 1671 565 “

1026 621 1045 649 5
1070 617 1220 660 Fimoque
1232 617 1334 660 turpi]
1371 617 1462 652 Quia
1475 626 1578 651 eones
1591 627 1613 650 a
1627 626 1687 650 ve-

985 668 1115 702 teribus
1126 678 1194 702 non
1210 669 1309 701 aliter
1322 668 1444 711 babiti,
1471 673 1512 702 ut
1523 668 1598 702 vult
1611 667 1686 702 Rit-

985 720 1194 762 tershusius;
1215 720 1283 753 imo
1299 720 1380 763 quia
1403 719 1470 763 ipsi
1492 719 1536 753 ad
1549 720 1614 753 hoc
1629 728 1686 763 ge-

985 780 1047 804 nus
1062 772 1236 814 propensi.
1281 770 1368 804 Ideo
1389 770 1687 812 moxs‘Scmtan-

985 827 1042 855 tur
1055 831 1168 855 escam
1183 822 1218 855 in
1233 822 1412 856 stercore!
1456 821 1590 855 Firmat
1617 821 1684 855 Ar·

984 873 1105 907 nobins
1119 873 1181 906 lib.
1194 883 1259 906 vn.
1283 874 1419 915 ubisit,
1448 873 1476 906 si
1504 872 1690 906 animantia

985 924 1109 958 offerre
1133 924 1314 964 deberent,
1337 925 1347 943 ‘
1364 923 1489 968 quibus
1516 923 1562 956 ali
1583 923 1690 957 moris

985 980 1039 1010 est
1055 976 1135 1017 illis,
1158 976 1376 1019 imponerent
1400 975 1466 1008 aris
1480 983 1584 1008 canes
1599 984 1690 1016 ossa,

985 1033 1022 1062 et
1036 1028 1172 1062 humani
1185 1029 1345 1062 stercoris
1359 1027 1550 1071 proluviem
1561 1036 1691 1062 crema·

985 1079 1086 1113 rent!
1119 1078 1227 1119 Schef.
1272 1078 1330 1112 Sic
1359 1083 1398 1112 et
1427 1079 1548 1122 Cyprii
1570 1077 1690 1126 Boves

985 1135 1086 1164 erant
1101 1129 1304 1173 κοπρυφάγοι.
1340 1130 1598 1174 Diogeniandn
1613 1139 1691 1174 pro-

987 1182 1083 1215 verb.
1119 1182 1195 1215 Βοΰς
1209 1181 1343 1225 κάπριος.
1372 1183 1505 1214 Erasm-
1533 1180 1690 1215 Chilisde

985 1242 1011 1267 1.
1029 1236 1081 1267 10.
1105 1236 1159 1266 95.
1182 1233 1243 1266 ubi
1269 1237 1307 1266 et
1327 1232 1372 1266 de
1397 1231 1543 1266 Boeotiis
1564 1228 1688 1266 bubus.

986 1283 1132 1318 Freinsh.
1366 1278 1373 1285 “
1394 1302 1398 1303 ⁷

1029 1335 1208 1367 Maximam
1219 1335 1378 1376 explerent
1385 1333 1524 1375 samm]
1545 1333 1692 1367 Plautus

986 1385 1126 1419 Sticho:
1148 1385 1218 1418 ‘At
1244 1394 1308 1428 ego
1325 1394 1393 1418 non
1416 1384 1639 1428 pauxillulam
1655 1384 1692 1417 in

985 1441 1086 1469 utero
1115 1439 1213 1478 gesto
1243 1435 1394 1468 famem:
1419 1435 1549 1468 Verum
1574 1435 1692 1468 hercle

986 1488 1093 1520 multo
1126 1486 1310 1519 maximam
1353 1489 1391 1519 et
1436 1485 1694 1528 gravissimam?

988 1539 1069 1579 Rig.
1631 1535 1634 1539 '
1662 1550 1665 1561 2

1029 1592 1050 1622 7
1073 1589 1261 1622 scrutantur
1274 1598 1374 1622 escam
1387 1588 1422 1621 in
1433 1588 1582 1632 stercore]
1630 1587 1693 1621 Su-

987 1651 1071 1684 pra:
1095 1641 1232 1674 ‘Trivio
1249 1644 1453 1682 conceptus,
1479 1643 1516 1672 et
1530 1638 1694 1672 educatus

988 1691 1163 1726 stercore?
1206 1691 1383 1724 Martialis
1395 1691 1497 1734 Epig.
1514 1700 1540 1724 1.
1550 1693 1605 1723 84.
1619 1690 1694 1724 ‘0⁵

989 1747 1026 1776 et
1041 1743 1137 1775 labra
1153 1742 1216 1774 tibi
1231 1742 1366 1784 linguit,
1387 1742 1564 1782 Manneia,
1589 1742 1695 1775 catel-

989 1794 1061 1833 lus;
1083 1793 1164 1826 Non
1178 1793 1294 1834 miror,
1308 1791 1446 1825 merdas
1461 1792 1490 1824 si
1517 1792 1605 1825 libet
1617 1801 1695 1825 vesse

989 1844 1090 1878 cani?
1113 1845 1189 1886 Rig.
1479 1878 1481 1880 ,

1032 1897 1052 1927 8
1078 1895 1181 1927 Citati
1202 1904 1262 1927 non
1272 1894 1474 1937 respondent]
1503 1895 1696 1929 Praecesse-

990 1945 1061 1978 rint
1080 1946 1153 1978 sine
1176 1945 1280 1979 dnbio
1302 1946 1426 1989 aliqua,
1451 1956 1527 1989 quae
1557 1947 1695 1980 excide-

989 2001 1093 2037 runt3
1117 2006 1194 2029 nam
1208 1997 1282 2030 haec
1309 2007 1377 2030 non
1399 1997 1584 2031 cohaerent.
1626 1997 1696 2030 Sed

990 2052 1099 2081 totam
1113 2048 1203 2081 hanc
1217 2047 1377 2081 fabellam
1396 2048 1502 2081 'nimis
1523 2048 1696 2091 negligen-

991 2104 1045 2133 ter
1059 2100 1242 2143 exscripsit
1266 2100 1434 2142 librarius,
1458 2101 1612 2134 versibus
1637 2102 1697 2135 ali·

990 2156 1076 2194 quot
1091 2151 1146 2184 hio
1162 2152 1246 2193 illic,
1260 2161 1324 2194 per
1337 2152 1553 2185 oscitantiam
1570 2152 1698 2194 dicam,

991 2212 1035 2235 an
1063 2201 1333 2244 festinationem,
1358 2202 1502 2237 omissis.
1544 2202 1602 2237 Sic
1630 2203 1695 2236 ita·

991 2264 1058 2297 que
1081 2255 1157 2287 haec
1169 2254 1225 2286 edi
1241 2253 1390 2287 debentz
1417 2254 1559 2294 Profecti
1572 2258 1647 2287 sunt
1656 2256 1699 2287 le-

987 2305 1060 2347 gati
1074 2315 1135 2338 non
1148 2305 1240 2338 celeri
1251 2306 1341 2347 pede,
1364 2306 1452 2338 Dum
1472 2305 1599 2338 naribus
1610 2315 1696 2338 scru-

990 2360 1102 2389 tantur
1116 2366 1218 2389 escam
1240 2356 1276 2388 in
1297 2359 1444 2390 stercore.
1465 2355 1486 2376 ⁸*
1507 2355 1528 2375 ⁴·
1549 2355 1570 2375 ³
1594 2356 1698 2390 Citati

988 2419 1051 2441 non
1066 2410 1247 2450 respondent
1259 2419 1270 2441 .-
1291 2409 1349 2440 vix
1360 2409 1485 2441 tandem
1497 2408 1620 2442 incenit
1631 2409 1698 2441 Eos

991 2460 1181 2501 Mercurius,
1206 2462 1238 2492 et
1260 2460 1402 2492 turbatos
1416 2459 1570 2492 adtrahit.
1616 2459 1695 2493 stin

990 2522 1062 2543 vero
1085 2513 1205 2546 vultum
1229 2511 1338 2553 magni
1360 2515 1398 2544 ut
1423 2512 1566 2544 ciamus
1593 2511 1697 2555 Jovis,

994 2562 1104 2594 Totam
1136 2563 1280 2594 timentes
1323 2565 1527 2595 concacarunt
1561 2562 1696 2603 regiam.

992 2613 1141 2654 Propulsi
1154 2622 1227 2644 vero
1244 2612 1388 2652 fustibus
1408 2614 1530 2645 vadunt
1547 2611 1651 2652 foras.
1672 2611 1693 2632 ⁴*

993 2662 1013 2682 ⁸*
1035 2662 1055 2681 *
1082 2663 1175 2695 Vetat
1189 2662 1310 2696 dimitti
1321 2673 1451 2704 magnus
1462 2663 1535 2695 illos
1554 2663 1696 2706 Jupiter.

991 2713 1012 2733 '
1034 2713 1053 2733 ⁵
1077 2713 1097 2732 *
1119 2713 1238 2746 Mirati
1252 2714 1314 2746 sibi
1330 2715 1448 2754 legatos
1460 2724 1520 2746 non
1531 2715 1696 2756 revertier‚

996 2763 1098 2806 Turpe
1111 2764 1301 2796 estimantes
1323 2764 1444 2806 aliquid
1468 2765 1660 2798 commissum
1675 2775 1697 2797 a

992 2816 1069 2857 suis,
1092 2816 1172 2848 Post
1186 2815 1311 2857 aliquod
1323 2818 1444 2857 tempus
1462 2815 1540 2847 alios
1561 2815 1696 2848 adscribi

984 2866 1108 2907 jubent.
1130 2866 1148 2887 ⁸
1168 2865 1191 2885 ⁸*
1214 2864 1234 2885 ³*
1256 2866 1376 2898 Rumor
1390 2866 1510 2907 legatos
1523 2866 1696 2907 superiores
