1806 3236
422 204 623 236 PnAEnm
659 204 766 235 mu.
800 203 1102 236 assonantur
1137 203 1233 237 Lm.
1268 204 1298 236 1.
1329 193 1401 237 26.

171 299 303 334 fuctum
317 299 482 333 ostendit.
505 299 611 339 Sches.
649 299 809 332 Vitreum
825 309 884 332 vas

168 350 348 387 substituit
375 349 591 393 Auouymus,
619 350 709 383 bona
735 350 884 392 ratione,

169 400 243 440 suh.
270 403 328 438 ⁸8.
363 401 506 439 Pron-12.
550 402 606 435 De
636 402 770 444 Lagona
811 402 882 436 vid.

167 451 213 487 sd
227 451 372 487 Petron.
385 461 480 486 xxn.

210 507 234 538 9
253 503 402 541 Satiatu-
427 504 508 548 s'psa,
531 510 562 539 et
577 505 717 548 torquet]
741 506 882 540 Scribo:

166 559 352 600 “W-
395 557 601 600 Elegantius
615 567 699 590 sane
711 558 789 591 boc.
830 558 882 591 Si-

166 607 296 643 militer
318 607 450 643 Accius
471 609 648 651 Telepho:
676 609 688 628 ‘
703 609 795 643 Nam
819 608 848 641 si
863 618 884 642 a

100 705 105 707 -
166 668 222 703 me
246 669 391 703 reguum
411 659 562 693 fortuuae
584 664 691 703 atque
705 670 791 703 opes
805 660 882 694 Eri-

165 720 251 754 pere
281 711 408 756 quivit,
435 716 474 746 et
504 706 670 746 virtutem
699 711 882 756 nequivit!

163 762 281 806 Lego:
319 766 356 797 nt
379 763 532 797 virtum
557 774 590 797 n.
635 764 748 799 Quem
768 765 882 799 locum

165 813 203 847 iu
218 814 333 848 animo
347 814 469 849 habuit
482 815 582 858 Vll-g.
607 815 684 851 AEu.
699 826 742 851 11.
777 820 788 837 ⁴
805 817 883 851 Nec

158 866 195 899 si
220 866 383 900 miserum
396 866 540 900 fortuna
564 867 728 901 Sinonem
752 868 884 911 Finxit,

166 928 292 952 vanum
307 918 413 952 etiam
429 919 701 963 mendacemque
723 920 883 963 improba

163 969 295 1013 finget!
315 968 441 1013 Βελίαρ.
484 970 677 1013 Schoppins
704 975 883 1014 praeoptet

166 1021 296 1064 legere,
318 1024 355 1054 ut
375 1024 519 1064 torquet.-
553 1022 645 1065 quod
670 1023 758 1056 mire
780 1033 882 1056 aures

165 1073 430 1116 adspernantur.
478 1074 614 1107 Pmch.
674 1075 883 1118 Schoppius,

164 1127 201 1156 at
227 1127 363 1167 torquet,
401 1124 493 1168 quod
528 1134 597 1158 non
629 1125 706 1159 sine
742 1126 880 1159 ratione

164 1175 350 1208 Praschius
367 1175 418 1208 ait
433 1176 614 1218 aspernari
640 1187 755 1212 aures.
802 1177 880 1210 Tor-

163 1234 258 1268 φατε
271 1225 326 1260 hic
342 1230 410 1268 est,
427 1236 520 1270 aegre
535 1227 639 1261 alicui
653 1228 789 1262 facere.
822 1228 880 1262 Ita

163 1275 302 1318 eicere,
326 1277 338 1296 ‘
353 1278 530 1321 Torquere
545 1279 803 1322 expectatioue’
825 1280 880 1313 di-

161 1329 215 1363 cit
227 1329 263 1363 iu
277 1330 344 1373 Ep.
360 1330 404 1363 sd
421 1329 591 1365 Atticum.
614 1332 721 1373 selues.
754 1333 880 1367 Marti-

163 1380 251 1415 nllst
288 1381 300 1401 ‘
314 1380 390 1415 Ant
413 1383 518 1416 torsit
548 1384 644 1417 lenta
670 1385 784 1418 tristia
806 1384 880 1420 fata

162 1431 283 1466 fame!
301 1434 411 1467 Am.
628 1466 635 1472 ,

208 1486 250 1517 1⁰
271 1483 428 1528 Lagea-0]
451 1485 563 1519 Recte
579 1496 601 1519 a
615 1487 697 1520 viris
708 1486 822 1521 doctis
835 1498 881 1521 ex

165 1534 251 1568 Mes.
269 1536 470 1570 restitutum
484 1539 628 1580 lagonoe5
649 1539 706 1582 iis,
727 1550 805 1583 quae
821 1540 882 1573 Ri-

163 1586 289 1629 gamus
304 1587 410 1621 etalii
423 1593 606 1632 notarunt,
616 1590 717 1631 adde,
732 1592 881 1633 lagonam

162 1638 311 1681 reperiri
340 1637 414 1672 fere
439 1640 474 1672 in
499 1641 657 1674 omuibus
688 1642 777 1675 Mss.
821 1642 881 1676 Sic

162 1688 354 1722 invenimus
368 1689 405 1722 iu
416 1691 650 1724 vetustissimo
661 1692 784 1725 codice
795 1691 882 1736 (quo

161 1739 243 1773 olim
281 1749 360 1773 usus
387 1745 444 1774 est
473 1741 666 1785 Victorius)
699 1743 881 1776 Ciceronis

163 1790 275 1834 Epist.
288 1790 347 1825 lib.
363 1800 443 1825 xvt.
469 1792 584 1835 Epist.
619 1793 743 1828 Quinti
764 1793 881 1828 fratris

163 1842 208 1876 ad
217 1842 382 1876 Tironem
395 1846 450 1878 26.
474 1843 486 1863 ‘
504 1843 668 1887 Lagouss
683 1845 791 1878 etiam
809 1845 882 1879 ina-

161 1903 224 1928 nes
239 1894 473 1938 obsignabat!
515 1895 575 1929 Sic
591 1896 626 1929 in
644 1897 881 1930 vetustissimo

163 1945 270 1979 Plinii
283 1946 387 1989 libro,
403 1946 500 1980 locus
526 1947 586 1980 ille
606 1947 685 1980 libri
702 1955 780 1981 xv1.
825 1948 836 1967 ‘
853 1949 882 1981 E

163 2000 290 2044 quibus
305 2001 462 2035 montani
479 2001 671 2044 preteuuia
683 2000 743 2034 fila
759 2001 883 2035 decer-

163 2058 303 2096 pentes,
328 2052 538 2097 spectabiles
568 2053 722 2095 lagonas,
749 2057 787 2086 et
815 2053 884 2086 alia

163 2112 246 2137 vasa
258 2103 430 2138 nectunt!
473 2102 532 2137 sic
547 2103 583 2137 in
608 2104 753 2136 Catonis
769 2103 813 2136 de
830 2104 882 2136 Re

167 2155 314 2188 Rustica
337 2154 572 2188 vetustissimo
596 2154 729 2187 Codice
744 2155 883 2188 Veneto

161 2205 355 2249 ‘Lagouas’
383 2205 504 2248 scribi,
530 2210 683 2239 testatur
707 2206 883 2239 Victorius

165 2255 211 2291 nd
224 2257 350 2291 Catou.
362 2267 397 2300 p.
414 2258 468 2291 12.
493 2257 713 2301 Etymologia
724 2257 759 2290 id
775 2257 883 2290 etiam

165 2308 305 2342 videtur
319 2309 510 2352 postulare,
525 2318 604 2342 cum
615 2310 707 2342 enim
723 2319 743 2342 a
753 2309 883 2343 Graeco

164 2359 218 2403 νὺξ
243 2359 378 2394 Latinis
400 2370 479 2402 nox,
494 2370 514 2393 a
532 2358 619 2401 μύλα
641 2361 724 2393 mola
747 2360 883 2394 derive-

165 2413 235 2454 tur,
250 2411 301 2445 sic
315 2421 336 2445 u
348 2410 484 2453 λάγυνος
498 2413 626 2454 lagona,
642 2417 682 2445 ut
697 2411 812 2445 Faber
823 2422 883 2445 uo-

165 2464 271 2498 tavit.
315 2465 327 2483 ‘
344 2464 497 2507 Lageua'
524 2470 640 2497 autem
678 2468 883 2498 constanter

166 2514 334 2548 scribitur
360 2515 396 2547 in
423 2519 573 2559 quatuor
600 2514 884 2557 inscriptionibus

166 2565 358 2609 Ligurianis
386 2566 478 2599 inter
507 2566 726 2599 collectanea
750 2570 883 2600 nostra.

168 2617 237 2651 Sed
263 2618 273 2637 ⁸
285 2617 440 2661 Lagnna’
455 2617 561 2650 etiam
576 2618 612 2650 in
628 2618 781 2661 antiquis
793 2617 882 2651 Mss.

168 2665 352 2711 reperitur.
399 2668 537 2701 Glossae
555 2669 798 2702 vetustissimae
819 2669 884 2702 Di-

169 2719 371 2753 vionenses:
387 2720 397 2737 ‘
412 2720 576 2763 Lagueua
587 2730 597 2761 ;
610 2730 672 2753 vas
682 2721 849 2754 amorium
864 2720 886 2754 ι’

169 2770 301 2811 Scribe,
316 2770 471 2812 Lagnum
495 2780 555 2804 vas
572 2771 750 2804 aviarium.
798 2771 885 2804 Erat

172 2821 262 2853 enim
281 2830 336 2853 vas
351 2821 470 2864 fictile,
489 2823 578 2855 collo
591 2827 750 2866 angusto,
764 2823 884 2856 avibus

1561 195 1650 239 413

935 306 1056 343 potum
1087 299 1260 344 praebens,
1279 309 1325 334 ne
1346 309 1471 344 aquam
1497 301 1653 345 inquina-

935 357 1026 395 rent,
1037 358 1077 387 ut
1091 358 1129 386 et
1150 353 1254 386 hodie
1276 353 1366 386 solet
1389 352 1477 386 fieri.
1521 353 1650 397 Itaque

933 409 971 438 et
987 404 1169 448 peregrin-
1181 405 1241 438 illa
1254 404 1406 438 volucris
1431 404 1526 447 apud
1549 405 1653 439 Phae·

933 457 1033 490 drum
1049 467 1112 490 usa
1127 460 1181 489 est
1195 457 1334 498 laguna,
1349 462 1389 489 ut
1404 460 1489 498 apta
1500 456 1578 490 sibi.
1618 457 1649 489 A

933 508 1069 549 Lagnum
1083 507 1266 541 descendit
1283 506 1542 550 diminutivum,
1552 508 1651 551 ‘quod

933 563 988 592 est
1001 559 1093 602 apud
1117 559 1322 593 Ciceronem
1338 564 1375 592 et
1389 558 1544 593 Plinium
1559 560 1652 602 Juni-

932 620 1042 653 orem,
1071 611 1082 630 ‘
1097 610 1348 654 Lauguncula.'
1404 611 1539 645 Glossae
1573 611 1651 645 sliae

932 662 1176 705 Divionenses,
1191 672 1276 706 quas
1286 662 1417 706 primas
1429 663 1651 704 vocavimus;

930 713 942 732 ⁴
959 714 1195 757 Langunculae
1210 724 1223 756 3
1240 724 1324 748 vasa
1338 713 1486 748 fictilia!
1520 715 1531 733 ‘
1542 715 1654 757 tago-

932 764 989 798 ua’
1017 769 1136 799 antem
1167 770 1206 799 et
1231 766 1242 784 ‘
1267 765 1422 809 Laguua'
1453 766 1652 808 promiscue

933 821 1134 860 usurpatur,
1160 820 1201 850 ut
1240 817 1251 836 ‘
1269 816 1472 851 Incolumis'
1497 820 1536 850 et
1567 816 1653 850 ‘ln-

931 867 1101 909 colomis‚'
1139 868 1226 902 Fab.
1251 870 1308 901 28.
1349 867 1360 886 ‘
1374 867 1577 901 Postulare’
1614 871 1652 900 et

931 919 941 937 ‘
959 919 1167 961 Postolsre:
1189 920 1200 938 ‘
1214 918 1445 952 Adolescens'
1465 924 1503 952 et
1529 919 1541 938 ‘
1556 918 1653 952 Adu-

932 969 1091 1011 lescens‚'
1122 970 1134 989 ‘
1151 969 1323 1010 Soboles,’
1355 971 1366 988 ‘
1382 969 1551 1002 Snboles.'
1594 970 1653 1003 Sic

933 1031 1038 1064 supra
1054 1031 1131 1064 pro,
1145 1021 1246 1054 Furti
1267 1021 1305 1054 in
1329 1021 1413 1054 Mss-
1427 1025 1483 1054 est
1508 1021 1518 1039 ⁴
1532 1020 1652 1054 Porti!

933 1073 980 1105 Et
1002 1072 1054 1106 ita
1068 1073 1103 1105 in
1120 1073 1200 1106 Kal.
1218 1073 1318 1106 Rust.
1339 1072 1350 1090 ‘
1366 1072 1558 1110 Frundem’
1573 1082 1653 1115 pro,

932 1122 1105 1156 Frondem
1119 1133 1130 1164 ς
1153 1125 1163 1141 ⁸
1180 1122 1364 1156 Tundent’
1380 1132 1458 1165 pro,
1471 1123 1650 1163 Tondeut3

932 1173 943 1192 ‘
961 1172 1098 1206 Consol’
1115 1183 1193 1216 pro,
1220 1173 1374 1215 Consu13
1397 1173 1556 1207 ‘Sedolo'
1577 1184 1654 1217 pro,

931 1223 1071 1258 Sedulo.
1098 1225 1186 1258 Gud.

974 1274 1117 1316 Lagona
1137 1275 1266 1318 conum]
1300 1275 1466 1320 Reliquas
1481 1276 1557 1319 ejtts
1574 1285 1654 1319 par-

932 1331 999 1368 tes,
1025 1326 1220 1360 suriculam
1244 1330 1282 1360 et
1310 1331 1469 1361 ventrem
1496 1327 1654 1371 suggerit

929 1377 1090 1420 Sympos.
1105 1377 1257 1421 AEuigm.
1275 1381 1350 1412 loo.
1379 1379 1520 1412 Pmsch.

974 1429 1126 1471 Lagoenae
1139 1429 1268 1472 cottum]
1291 1431 1440 1464 Petron.
1455 1432 1531 1465 Sat.
1546 1431 1557 1450 ‘
1570 1431 1653 1464 Am·

931 1482 1114 1525 phorarum
1129 1483 1297 1517 cervices’
1311 1485 1414 1518 dixit.
1441 1485 1520 1526 Rig.

976 1537 1017 1567 11
1035 1535 1262 1578 Peregrinam]
1287 1536 1522 1570 Philostratus
1538 1537 1654 1579 Epist.

932 1595 1034 1620 XLVI.
1080 1587 1143 1619 Καὶ
1165 1587 1183 1619 ὁ
1203 1588 1284 1630 ὅρνις
1305 1588 1323 1620 ὁ
1343 1587 1442 1630 φοίνιξ
1462 1588 1653 1621 τῶν’1νδῶν“

931 1634 1024 1671 οὗτος
1037 1637 1096 1679 μὲν
1118 1639 1136 1671 ὁ
1149 1637 1233 1680 ξένος
1249 1639 1301 1672 καὶ
1320 1638 1449 1682 βραδύς·
1464 1639 1523 1672 τὸν
1544 1638 1578 1672 δὲ
1598 1652 1654 1673 πε-

932 1690 1055 1732 zambre
1074 1690 1104 1723 οἱ
1116 1692 1234 1734 πρῶτοι
1248 1689 1435 1732 θεασάμενοι
1447 1691 1501 1724 καὶ
1514 1702 1652 1734 προσκυ·

931 1741 1028 1773 vnvm.
1054 1741 1139 1774 Neo.
1183 1742 1257 1774 Pro
1273 1742 1538 1785 peregrinante,
1561 1741 1654 1774 sicut

931 1794 942 1812 ‘
957 1790 1103 1825 festina’
1115 1802 1180 1835 pro
1195 1792 1400 1836 festinante,
1413 1802 1492 1836 qnae
1508 1797 1654 1836 quotan-

931 1844 985 1877 nis
1010 1853 1160 1887 peregre
1188 1845 1285 1878 abire
1322 1854 1364 1878 ac
1398 1844 1529 1878 reverti
1553 1845 1654 1877 solet.

931 1895 1012 1928 Non
1028 1896 1115 1929 satis
1138 1896 1397 1939 circumspecte
1414 1896 1592 1939 Rigaltius
1607 1896 1653 1928 ad

932 1946 1022 1980 hunc
1050 1947 1164 1980 locum
1195 1947 1344 1981 adduxit
1371 1947 1480 1980 verba
1517 1947 1656 1989 Pacuti,

933 1999 1057 2042 quibus
1081 2000 1236 2043 loquitur
1259 1999 1303 2032 de
1328 1999 1339 2018 ‘
1354 1999 1532 2041 peregrini
1562 1997 1653 2031 aeris

933 2051 1089 2084 volucri-³
1134 2052 1226 2085 Nam
1243 2051 1304 2084 illa
1325 2061 1394 2084 non
1410 2056 1465 2085 est
1480 2049 1572 2092 talis,
1589 2059 1655 2083 nec

932 2103 982 2136 sic
998 2112 1018 2136 a
1034 2104 1167 2136 Pacato
1193 2108 1394 2146 usurpatur,
1420 2101 1482 2136 sed
1504 2112 1560 2144 ea,
1575 2111 1654 2146 quae

934 2163 979 2187 ex
1006 2154 1105 2186 terris
1137 2154 1330 2197 peregrinis
1355 2153 1400 2187 ad
1430 2153 1592 2186 convivia
1619 2157 1655 2185 et

933 2205 1052 2238 luxum
1086 2205 1232 2248 petitur,
1254 2205 1348 2249 quod
1374 2204 1583 2247 notandum,
1611 2213 1656 2238 ne

936 2256 1011 2301 quis
1026 2255 1118 2289 forte
1146 2255 1300 2290 fallatur.
1345 2256 1433 2290 Cnm
1459 2256 1655 2300 praesertim

934 2317 979 2340 ne
1006 2307 1181 2351 interpres
1221 2308 1365 2351 quidem
1394 2307 1554 2341 Gallicus
1589 2308 1655 2341 hac

935 2363 1038 2402 parte
1053 2358 1160 2392 fuerit
1176 2360 1262 2392 satis
1278 2364 1415 2393 cautus.
1436 2357 1545 2400 Sches.
1590 2358 1659 2391 Pe·

936 2411 1069 2444 tronius
1085 2421 1115 2444 c.
1130 2414 1185 2444 55.
1232 2410 1242 2428 ‘
1256 2410 1404 2444 Ciconia
1418 2410 1523 2443 etiam
1540 2415 1655 2453 grata,

934 2462 1133 2505 peregrina,
1148 2461 1308 2505 hospita,'
1331 2463 1397 2495 &c-

979 2514 1194 2554 Peregrinam
1241 2511 1413 2555 volucrem]
1482 2511 1656 2545 Videatur

935 2566 1029 2599 Plin.
1047 2573 1084 2598 x.
1102 2575 1133 2597 e.
1150 2567 1204 2598 28.
1250 2564 1407 2598 Pacatus
1431 2564 1565 2606 Paneg.
1587 2563 1654 2596 Tb.

939 2617 980 2651 A.
1001 2617 1012 2635 ‘
1029 2617 1213 2650 Neminem
1228 2626 1332 2649 uuum
1348 2615 1582 2658 inveniri‚qui
1599 2624 1659 2648 au-

936 2668 1037 2701 deret
1054 2668 1095 2700 ad
1113 2678 1254 2710 poenum
1276 2668 1408 2710 regiam
1431 2665 1589 2709 flagitare
1602 2675 1655 2699 re-

935 2725 1106 2753 motorum
1137 2719 1279 2753 litorum
1303 2719 1450 2761 piscem,
1475 2716 1655 2760 peregrini

937 2770 1026 2803 aeris
1054 2771 1240 2812 volucrem,
1273 2770 1377 2803 alieni
1399 2768 1566 2812 temporis
1593 2765 1655 2801 flo-

937 2822 1031 2855 rem!
1058 2822 1136 2861 Rig.
