<?xml version="1.0" encoding="UTF-8"?>
<!DOCTYPE html PUBLIC "-//W3C//DTD XHTML 1.0 Transitional//EN"
    "http://www.w3.org/TR/xhtml1/DTD/xhtml1-transitional.dtd">
<html xmlns="http://www.w3.org/1999/xhtml" xml:lang="en" lang="en">
 <head>
  <title>
</title>
<meta http-equiv="Content-Type" content="text/html;charset=utf-8" />
  <meta name='ocr-system' content='tesseract 3.04.00' />
  <meta name='ocr-capabilities' content='ocr_page ocr_carea ocr_par ocr_line ocrx_word'/>
</head>
<body>
  <div class='ocr_page' id='page_1' title='image "./fabualeaesopiae00phaeuoft_0072.png"; bbox 0 0 1806 3236; ppageno 0'>
   <div class='ocr_carea' id='block_1_1' title="bbox 279 203 1449 261">
    <p class='ocr_par' dir='ltr' id='par_1_1' title="bbox 279 203 1449 261">
     <span class='ocr_line' id='line_1_1' title="bbox 279 203 1449 261; baseline 0.006 -7"><span class='ocrx_word' id='word_1_1' title='bbox 279 203 338 255; x_wconf 82' lang='lat'>‘60</span> <span class='ocrx_word' id='word_1_2' title='bbox 568 223 770 257; x_wconf 63' lang='lat' dir='ltr'>minum</span> <span class='ocrx_word' id='word_1_3' title='bbox 804 224 1117 259; x_wconf 71' lang='lat' dir='ltr'>nAnunAnuM</span> <span class='ocrx_word' id='word_1_4' title='bbox 1148 222 1449 261; x_wconf 60' lang='lat' dir='ltr'>insomnium</span> 
     </span>
    </p>
   </div>
   <div class='ocr_carea' id='block_1_2' title="bbox 282 316 1737 445">
    <p class='ocr_par' dir='ltr' id='par_1_2' title="bbox 282 316 1737 445">
     <span class='ocr_line' id='line_1_2' title="bbox 283 316 1286 375; baseline 0.007 -16"><span class='ocrx_word' id='word_1_5' title='bbox 283 316 376 370; x_wconf 85' lang='lat' dir='ltr'>Qui</span> <span class='ocrx_word' id='word_1_6' title='bbox 390 316 525 361; x_wconf 89' lang='lat' dir='ltr'>modo</span> <span class='ocrx_word' id='word_1_7' title='bbox 546 331 724 362; x_wconf 85' lang='lat' dir='ltr'>securus</span> <span class='ocrx_word' id='word_1_8' title='bbox 743 324 898 363; x_wconf 85' lang='lat' dir='ltr'>nostra</span> <span class='ocrx_word' id='word_1_9' title='bbox 916 320 1133 365; x_wconf 79' lang='lat' dir='ltr'><strong>irridebas</strong></span> <span class='ocrx_word' id='word_1_10' title='bbox 1152 322 1286 375; x_wconf 84' lang='lat' dir='ltr'>mala,</span> 
     </span>
     <span class='ocr_line' id='line_1_3' title="bbox 282 383 1737 445; baseline 0.006 -18"><span class='ocrx_word' id='word_1_11' title='bbox 282 383 428 428; x_wconf 89' lang='lat' dir='ltr'>Simili</span> <span class='ocrx_word' id='word_1_12' title='bbox 449 388 625 442; x_wconf 85' lang='lat' dir='ltr'>querela</span> <span class='ocrx_word' id='word_1_13' title='bbox 642 384 736 431; x_wconf 84' lang='lat' dir='ltr'>fata</span> <span class='ocrx_word' id='word_1_14' title='bbox 754 388 965 445; x_wconf 82' lang='lat' dir='ltr'><strong>deploras</strong></span> <span class='ocrx_word' id='word_1_15' title='bbox 983 392 1075 433; x_wconf 84' lang='lat' dir='ltr'>tua.</span> <span class='ocrx_word' id='word_1_16' title='bbox 1676 391 1737 436; x_wconf 90' lang='lat'>10</span> 
     </span>
    </p>
   </div>
   <div class='ocr_carea' id='block_1_3' title="bbox 278 518 1739 609">
    <p class='ocr_par' dir='ltr' id='par_1_3' title="bbox 278 518 1739 609">
     <span class='ocr_line' id='line_1_4' title="bbox 279 518 1739 566; baseline 0.003 -14"><span class='ocrx_word' id='word_1_17' title='bbox 279 518 445 553; x_wconf 65' lang='lat' dir='ltr'>moinus</span> <span class='ocrx_word' id='word_1_18' title='bbox 458 521 493 553; x_wconf 77' lang='lat' dir='ltr'>in</span> <span class='ocrx_word' id='word_1_19' title='bbox 506 522 744 555; x_wconf 69' lang='lat' dir='ltr'>consolationem</span> <span class='ocrx_word' id='word_1_20' title='bbox 766 523 878 556; x_wconf 76' lang='lat' dir='ltr'>mortis</span> <span class='ocrx_word' id='word_1_21' title='bbox 892 522 941 556; x_wconf 76' lang='lat' dir='ltr'>nit</span> <span class='ocrx_word' id='word_1_22' title='bbox 953 534 962 556; x_wconf 70' lang='grc' dir='ltr'><strong>ε</strong></span> <span class='ocrx_word' id='word_1_23' title='bbox 975 523 1039 556; x_wconf 83' lang='grc' dir='ltr'>’Τιι</span> <span class='ocrx_word' id='word_1_24' title='bbox 1055 523 1263 566; x_wconf 75' lang='lat' dir='ltr'>passercule,</span> <span class='ocrx_word' id='word_1_25' title='bbox 1276 522 1330 566; x_wconf 78' lang='lat' dir='ltr'>qui</span> <span class='ocrx_word' id='word_1_26' title='bbox 1336 521 1471 563; x_wconf 49' lang='lat' dir='ltr'>januam</span> <span class='ocrx_word' id='word_1_27' title='bbox 1484 523 1553 557; x_wconf 72' lang='lat' dir='ltr'>niue</span> <span class='ocrx_word' id='word_1_28' title='bbox 1566 533 1642 557; x_wconf 72' lang='lat' dir='ltr'>eum</span> <span class='ocrx_word' id='word_1_29' title='bbox 1653 523 1739 558; x_wconf 72' lang='lat' dir='ltr'>deri·</span> 
     </span>
     <span class='ocr_line' id='line_1_5' title="bbox 278 561 1257 609; baseline 0.003 -13"><span class='ocrx_word' id='word_1_30' title='bbox 278 561 372 596; x_wconf 73' lang='lat' dir='ltr'>debas</span> <span class='ocrx_word' id='word_1_31' title='bbox 386 574 486 596; x_wconf 83' lang='lat' dir='ltr'>meum</span> <span class='ocrx_word' id='word_1_32' title='bbox 498 564 820 609; x_wconf 67' lang='lat' dir='ltr'>infortunium‚defles</span> <span class='ocrx_word' id='word_1_33' title='bbox 831 567 903 608; x_wconf 77' lang='lat' dir='ltr'>pari</span> <span class='ocrx_word' id='word_1_34' title='bbox 913 570 1021 608; x_wconf 78' lang='lat' dir='ltr'>questu</span> <span class='ocrx_word' id='word_1_35' title='bbox 1031 570 1118 599; x_wconf 79' lang='lat' dir='ltr'>tuam</span> <span class='ocrx_word' id='word_1_36' title='bbox 1130 569 1257 600; x_wconf 78' lang='lat' dir='ltr'>sortem.</span> 
     </span>
    </p>
   </div>
   <div class='ocr_carea' id='block_1_4' title="bbox 888 651 1126 666">
    <p class='ocr_par' dir='ltr' id='par_1_4' title="bbox 888 651 1126 666">
     <span class='ocr_line' id='line_1_6' title="bbox 888 651 1126 666; baseline 0 -2"><span class='ocrx_word' id='word_1_37' title='bbox 888 651 1085 665; x_wconf 57' lang='lat' dir='ltr'>OOONOOO‘O</span> <span class='ocrx_word' id='word_1_38' title='bbox 1090 652 1126 666; x_wconf 67' lang='lat'>00</span> 
     </span>
    </p>
   </div>
   <div class='ocr_carea' id='block_1_5' title="bbox 271 701 1774 2162">
    <p class='ocr_par' dir='ltr' id='par_1_5' title="bbox 277 701 1754 1507">
     <span class='ocr_line' id='line_1_7' title="bbox 279 701 1740 748; baseline 0.004 -14"><span class='ocrx_word' id='word_1_39' title='bbox 279 701 454 735; x_wconf 80' lang='lat' dir='ltr'>Mem-sius</span> <span class='ocrx_word' id='word_1_40' title='bbox 470 704 606 746; x_wconf 80' lang='lat' dir='ltr'>reponit</span> <span class='ocrx_word' id='word_1_41' title='bbox 620 706 655 737; x_wconf 72' lang='lat' dir='ltr'>in</span> <span class='ocrx_word' id='word_1_42' title='bbox 667 705 824 748; x_wconf 70' lang='lat' dir='ltr'>solatium,</span> <span class='ocrx_word' id='word_1_43' title='bbox 837 706 892 739; x_wconf 91' lang='lat' dir='ltr'>cui</span> <span class='ocrx_word' id='word_1_44' title='bbox 908 705 1036 738; x_wconf 87' lang='lat' dir='ltr'>deinde</span> <span class='ocrx_word' id='word_1_45' title='bbox 1053 705 1237 739; x_wconf 80' lang='lat' dir='ltr'>obsecutus</span> <span class='ocrx_word' id='word_1_46' title='bbox 1252 709 1306 738; x_wconf 88' lang='lat' dir='ltr'>est</span> <span class='ocrx_word' id='word_1_47' title='bbox 1319 706 1444 748; x_wconf 84' lang='lat' dir='ltr'>cuper.</span> <span class='ocrx_word' id='word_1_48' title='bbox 1457 705 1544 740; x_wconf 87' lang='lat' dir='ltr'>Obs.</span> <span class='ocrx_word' id='word_1_49' title='bbox 1559 706 1620 740; x_wconf 86' lang='lat' dir='ltr'>lib.</span> <span class='ocrx_word' id='word_1_50' title='bbox 1630 715 1673 739; x_wconf 85' lang='lat' dir='ltr'>u.</span> <span class='ocrx_word' id='word_1_51' title='bbox 1683 708 1740 740; x_wconf 69' lang='lat'>2⁰.</span> 
     </span>
     <span class='ocr_line' id='line_1_8' title="bbox 280 745 1738 792; baseline 0.003 -15"><span class='ocrx_word' id='word_1_52' title='bbox 280 750 322 778; x_wconf 87' lang='lat' dir='ltr'>ut</span> <span class='ocrx_word' id='word_1_53' title='bbox 335 745 379 778; x_wconf 89' lang='lat' dir='ltr'>sit</span> <span class='ocrx_word' id='word_1_54' title='bbox 394 747 538 788; x_wconf 89' lang='lat' dir='ltr'>dictum,</span> <span class='ocrx_word' id='word_1_55' title='bbox 560 748 661 780; x_wconf 87' lang='lat' dir='ltr'>sicuti</span> <span class='ocrx_word' id='word_1_56' title='bbox 683 749 719 780; x_wconf 80' lang='lat' dir='ltr'>in</span> <span class='ocrx_word' id='word_1_57' title='bbox 742 759 838 790; x_wconf 81' lang='lat' dir='ltr'>spem,</span> <span class='ocrx_word' id='word_1_58' title='bbox 862 749 898 781; x_wconf 76' lang='lat' dir='ltr'>in</span> <span class='ocrx_word' id='word_1_59' title='bbox 922 749 1149 782; x_wconf 73' lang='lat' dir='ltr'>contumeliam.</span> <span class='ocrx_word' id='word_1_60' title='bbox 1194 750 1337 781; x_wconf 76' lang='lat' dir='ltr'><strong>Frustra</strong></span> <span class='ocrx_word' id='word_1_61' title='bbox 1361 753 1475 782; x_wconf 80' lang='lat' dir='ltr'>nutem</span> <span class='ocrx_word' id='word_1_62' title='bbox 1502 749 1661 792; x_wconf 71' lang='lat' dir='ltr'>putebat,</span> <span class='ocrx_word' id='word_1_63' title='bbox 1682 749 1738 782; x_wconf 81' lang='lat' dir='ltr'>bic</span> 
     </span>
     <span class='ocr_line' id='line_1_9' title="bbox 280 788 1738 830; baseline 0.003 -10"><span class='ocrx_word' id='word_1_64' title='bbox 280 788 406 830; x_wconf 84' lang='lat' dir='ltr'>aliquid</span> <span class='ocrx_word' id='word_1_65' title='bbox 424 789 554 822; x_wconf 78' lang='lat' dir='ltr'>deesse.</span> <span class='ocrx_word' id='word_1_66' title='bbox 601 791 678 823; x_wconf 85' lang='lat' dir='ltr'>Vid.</span> <span class='ocrx_word' id='word_1_67' title='bbox 692 791 829 824; x_wconf 86' lang='lat' dir='ltr'>Barthii</span> <span class='ocrx_word' id='word_1_68' title='bbox 844 791 936 824; x_wconf 86' lang='lat' dir='ltr'>Adv.</span> <span class='ocrx_word' id='word_1_69' title='bbox 953 800 1067 823; x_wconf 73' lang='lat' dir='ltr'>xnvrr.</span> <span class='ocrx_word' id='word_1_70' title='bbox 1084 794 1136 823; x_wconf 90' lang='grc'>10.</span> <span class='ocrx_word' id='word_1_71' title='bbox 1181 792 1274 824; x_wconf 85' lang='lat' dir='ltr'>Nam</span> <span class='ocrx_word' id='word_1_72' title='bbox 1295 793 1408 824; x_wconf 84' lang='lat' dir='ltr'>solent</span> <span class='ocrx_word' id='word_1_73' title='bbox 1433 792 1556 826; x_wconf 87' lang='lat' dir='ltr'>crebro</span> <span class='ocrx_word' id='word_1_74' title='bbox 1577 792 1738 826; x_wconf 86' lang='lat' dir='ltr'>omittere</span> 
     </span>
     <span class='ocr_line' id='line_1_10' title="bbox 280 831 1738 876; baseline 0.003 -13"><span class='ocrx_word' id='word_1_75' title='bbox 280 831 423 863; x_wconf 86' lang='lat' dir='ltr'>verbum</span> <span class='ocrx_word' id='word_1_76' title='bbox 446 833 562 874; x_wconf 78' lang='lat' dir='ltr'>inquit.</span> <span class='ocrx_word' id='word_1_77' title='bbox 606 834 748 866; x_wconf 86' lang='lat' dir='ltr'>Meursii</span> <span class='ocrx_word' id='word_1_78' title='bbox 775 834 1046 866; x_wconf 80' lang='lat' dir='ltr'>emendationem</span> <span class='ocrx_word' id='word_1_79' title='bbox 1076 835 1133 867; x_wconf 85' lang='lat' dir='ltr'>vel</span> <span class='ocrx_word' id='word_1_80' title='bbox 1161 835 1324 876; x_wconf 89' lang='lat' dir='ltr'>probant,</span> <span class='ocrx_word' id='word_1_81' title='bbox 1352 835 1408 867; x_wconf 86' lang='lat' dir='ltr'>vel</span> <span class='ocrx_word' id='word_1_82' title='bbox 1435 835 1588 868; x_wconf 79' lang='lat' dir='ltr'>retinent</span> <span class='ocrx_word' id='word_1_83' title='bbox 1611 835 1738 876; x_wconf 75' lang='lat' dir='ltr'>Faber,</span> 
     </span>
     <span class='ocr_line' id='line_1_11' title="bbox 278 873 1742 920; baseline 0.003 -14"><span class='ocrx_word' id='word_1_84' title='bbox 278 873 420 907; x_wconf 83' lang='lat' dir='ltr'>Prascb.</span> <span class='ocrx_word' id='word_1_85' title='bbox 437 876 564 908; x_wconf 90' lang='lat' dir='ltr'>Danet.</span> <span class='ocrx_word' id='word_1_86' title='bbox 579 876 722 909; x_wconf 81' lang='lat' dir='ltr'>Salmas.</span> <span class='ocrx_word' id='word_1_87' title='bbox 741 878 783 909; x_wconf 86' lang='lat' dir='ltr'>ad</span> <span class='ocrx_word' id='word_1_88' title='bbox 798 877 983 919; x_wconf 80' lang='lat' dir='ltr'>marginem</span> <span class='ocrx_word' id='word_1_89' title='bbox 999 877 1091 915; x_wconf 84' lang='lat' dir='ltr'>libri,</span> <span class='ocrx_word' id='word_1_90' title='bbox 1103 877 1262 911; x_wconf 70' lang='lat' dir='ltr'>Jiirdens.</span> <span class='ocrx_word' id='word_1_91' title='bbox 1278 876 1344 909; x_wconf 86' lang='lat' dir='ltr'>nisi</span> <span class='ocrx_word' id='word_1_92' title='bbox 1356 877 1447 920; x_wconf 88' lang='lat' dir='ltr'>quod</span> <span class='ocrx_word' id='word_1_93' title='bbox 1465 877 1577 910; x_wconf 78' lang='lat' dir='ltr'>Faber</span> <span class='ocrx_word' id='word_1_94' title='bbox 1587 882 1742 920; x_wconf 65' lang='lat' dir='ltr'>censen,</span> 
     </span>
     <span class='ocr_line' id='line_1_12' title="bbox 279 918 1740 964; baseline 0.004 -15"><span class='ocrx_word' id='word_1_95' title='bbox 279 918 515 959; x_wconf 72' lang='lat' dir='ltr'>prosdocium,</span> <span class='ocrx_word' id='word_1_96' title='bbox 545 919 732 952; x_wconf 78' lang='lat' dir='ltr'>Phaedrum</span> <span class='ocrx_word' id='word_1_97' title='bbox 755 920 898 963; x_wconf 79' lang='lat' dir='ltr'>antique</span> <span class='ocrx_word' id='word_1_98' title='bbox 923 920 1102 962; x_wconf 75' lang='lat' dir='ltr'>scripsisse</span> <span class='ocrx_word' id='word_1_99' title='bbox 1124 920 1282 960; x_wconf 63' lang='lat' dir='ltr'>solatiam,</span> <span class='ocrx_word' id='word_1_100' title='bbox 1311 930 1376 962; x_wconf 88' lang='lat' dir='ltr'>pro</span> <span class='ocrx_word' id='word_1_101' title='bbox 1400 929 1468 964; x_wconf 86' lang='lat' dir='ltr'>quo</span> <span class='ocrx_word' id='word_1_102' title='bbox 1489 921 1669 963; x_wconf 70' lang='lat' dir='ltr'>negligens</span> <span class='ocrx_word' id='word_1_103' title='bbox 1681 929 1740 955; x_wconf 67' lang='lat' dir='ltr'>ex·</span> 
     </span>
     <span class='ocr_line' id='line_1_13' title="bbox 278 960 1741 1005; baseline 0.004 -14"><span class='ocrx_word' id='word_1_104' title='bbox 278 960 428 1002; x_wconf 88' lang='lat' dir='ltr'>scriptor</span> <span class='ocrx_word' id='word_1_105' title='bbox 443 961 621 1003; x_wconf 79' lang='lat' dir='ltr'>scripserit</span> <span class='ocrx_word' id='word_1_106' title='bbox 634 964 756 996; x_wconf 73' lang='lat' dir='ltr'>solatio.</span> <span class='ocrx_word' id='word_1_107' title='bbox 790 963 953 996; x_wconf 82' lang='lat' dir='ltr'>Heinsius</span> <span class='ocrx_word' id='word_1_108' title='bbox 966 963 1049 995; x_wconf 84' lang='lat' dir='ltr'>satis</span> <span class='ocrx_word' id='word_1_109' title='bbox 1064 963 1256 1005; x_wconf 84' lang='lat' dir='ltr'>ingeniose:</span> <span class='ocrx_word' id='word_1_110' title='bbox 1279 963 1383 1005; x_wconf 79' lang='lat' dir='ltr'>Lepus</span> <span class='ocrx_word' id='word_1_111' title='bbox 1394 963 1613 1005; x_wconf 72' lang='lat' dir='ltr'>semianimus:</span> <span class='ocrx_word' id='word_1_112' title='bbox 1628 963 1741 997; x_wconf 61' lang='lat' dir='ltr'>mnae</span> 
     </span>
     <span class='ocr_line' id='line_1_14' title="bbox 278 1003 1740 1048; baseline 0.003 -13"><span class='ocrx_word' id='word_1_113' title='bbox 278 1012 318 1035; x_wconf 79' lang='lat' dir='ltr'>en</span> <span class='ocrx_word' id='word_1_114' title='bbox 332 1003 467 1036; x_wconf 78' lang='lat' dir='ltr'>solatia!</span> <span class='ocrx_word' id='word_1_115' title='bbox 483 1010 521 1036; x_wconf 91' lang='lat' dir='ltr'>ut</span> <span class='ocrx_word' id='word_1_116' title='bbox 536 1005 606 1037; x_wconf 85' lang='lat' dir='ltr'>sint</span> <span class='ocrx_word' id='word_1_117' title='bbox 623 1006 728 1038; x_wconf 80' lang='lat' dir='ltr'>verba</span> <span class='ocrx_word' id='word_1_118' title='bbox 741 1006 878 1048; x_wconf 89' lang='lat' dir='ltr'>leporis.</span> <span class='ocrx_word' id='word_1_119' title='bbox 922 1006 1010 1039; x_wconf 79' lang='lat' dir='ltr'>Quae</span> <span class='ocrx_word' id='word_1_120' title='bbox 1026 1005 1228 1048; x_wconf 86' lang='lat' dir='ltr'>conjectura</span> <span class='ocrx_word' id='word_1_121' title='bbox 1242 1006 1359 1047; x_wconf 73' lang='lat' dir='ltr'>placet</span> <span class='ocrx_word' id='word_1_122' title='bbox 1372 1005 1493 1039; x_wconf 81' lang='lat' dir='ltr'>Hario.</span> <span class='ocrx_word' id='word_1_123' title='bbox 1510 1004 1740 1040; x_wconf 69' lang='lat' dir='ltr'>simillimae</span> 
     </span>
     <span class='ocr_line' id='line_1_15' title="bbox 277 1045 1754 1093; baseline 0.004 -15"><span class='ocrx_word' id='word_1_124' title='bbox 277 1045 449 1079; x_wconf 82' lang='lat' dir='ltr'>Sanadon.</span> <span class='ocrx_word' id='word_1_125' title='bbox 473 1051 509 1080; x_wconf 90' lang='lat' dir='ltr'>et</span> <span class='ocrx_word' id='word_1_126' title='bbox 525 1048 692 1090; x_wconf 64' lang='lat' dir='ltr'>Philipp„</span> <span class='ocrx_word' id='word_1_127' title='bbox 713 1049 968 1091; x_wconf 78' lang='lat' dir='ltr'>quossequitnr</span> <span class='ocrx_word' id='word_1_128' title='bbox 983 1049 1125 1082; x_wconf 87' lang='lat' dir='ltr'>Lallem.</span> <span class='ocrx_word' id='word_1_129' title='bbox 1147 1059 1186 1081; x_wconf 82' lang='lat' dir='ltr'>en</span> <span class='ocrx_word' id='word_1_130' title='bbox 1199 1050 1346 1082; x_wconf 73' lang='lat' dir='ltr'>solatium</span> <span class='ocrx_word' id='word_1_131' title='bbox 1357 1058 1371 1087; x_wconf 89' lang='lat'>‚·</span> <span class='ocrx_word' id='word_1_132' title='bbox 1393 1049 1482 1091; x_wconf 85' lang='lat' dir='ltr'>quod</span> <span class='ocrx_word' id='word_1_133' title='bbox 1499 1049 1620 1091; x_wconf 74' lang='lat' dir='ltr'>mgis,</span> <span class='ocrx_word' id='word_1_134' title='bbox 1638 1058 1754 1093; x_wconf 20' lang='lat' dir='ltr'>quem.</span> 
     </span>
     <span class='ocr_line' id='line_1_16' title="bbox 278 1088 1740 1133; baseline 0.004 -13"><span class='ocrx_word' id='word_1_135' title='bbox 278 1088 416 1121; x_wconf 88' lang='lat' dir='ltr'>Heinsii</span> <span class='ocrx_word' id='word_1_136' title='bbox 439 1090 655 1132; x_wconf 82' lang='lat' dir='ltr'>conjectura,</span> <span class='ocrx_word' id='word_1_137' title='bbox 673 1091 805 1124; x_wconf 87' lang='lat' dir='ltr'>recedit</span> <span class='ocrx_word' id='word_1_138' title='bbox 821 1102 841 1124; x_wconf 87' lang='lat' dir='ltr'>a</span> <span class='ocrx_word' id='word_1_139' title='bbox 856 1092 1027 1133; x_wconf 75' lang='lat' dir='ltr'>scriptura</span> <span class='ocrx_word' id='word_1_140' title='bbox 1042 1091 1151 1125; x_wconf 90' lang='lat' dir='ltr'>Codd.</span> <span class='ocrx_word' id='word_1_141' title='bbox 1167 1092 1253 1125; x_wconf 86' lang='lat' dir='ltr'>Mss.</span> <span class='ocrx_word' id='word_1_142' title='bbox 1265 1102 1298 1124; x_wconf 74' lang='lat' dir='ltr'>v·</span> <span class='ocrx_word' id='word_1_143' title='bbox 1314 1091 1463 1125; x_wconf 90' lang='lat' dir='ltr'>Brotier.</span> <span class='ocrx_word' id='word_1_144' title='bbox 1500 1091 1656 1126; x_wconf 84' lang='lat' dir='ltr'>Freinsh.</span> <span class='ocrx_word' id='word_1_145' title='bbox 1666 1093 1740 1126; x_wconf 83' lang='lat' dir='ltr'>vul-</span> 
     </span>
     <span class='ocr_line' id='line_1_17' title="bbox 279 1133 1741 1178; baseline 0.003 -14"><span class='ocrx_word' id='word_1_146' title='bbox 279 1136 396 1172; x_wconf 82' lang='lat' dir='ltr'>gatam</span> <span class='ocrx_word' id='word_1_147' title='bbox 413 1137 513 1174; x_wconf 85' lang='lat' dir='ltr'>putat</span> <span class='ocrx_word' id='word_1_148' title='bbox 530 1143 628 1175; x_wconf 81' lang='lat' dir='ltr'>posse</span> <span class='ocrx_word' id='word_1_149' title='bbox 644 1133 741 1173; x_wconf 86' lang='lat' dir='ltr'>ferri,</span> <span class='ocrx_word' id='word_1_150' title='bbox 756 1144 821 1167; x_wconf 88' lang='lat' dir='ltr'>nec</span> <span class='ocrx_word' id='word_1_151' title='bbox 832 1135 982 1167; x_wconf 78' lang='lat' dir='ltr'>hiulcam</span> <span class='ocrx_word' id='word_1_152' title='bbox 997 1144 1072 1167; x_wconf 82' lang='lat' dir='ltr'>esse</span> <span class='ocrx_word' id='word_1_153' title='bbox 1088 1134 1289 1167; x_wconf 84' lang='lat' dir='ltr'>orationem.</span> <span class='ocrx_word' id='word_1_154' title='bbox 1302 1134 1477 1168; x_wconf 75' lang='lat' dir='ltr'>Gebhard.</span> <span class='ocrx_word' id='word_1_155' title='bbox 1493 1133 1669 1178; x_wconf 72' lang='lat' dir='ltr'>Crepund.</span> <span class='ocrx_word' id='word_1_156' title='bbox 1681 1144 1741 1170; x_wconf 77' lang='grc' dir='ltr'>ιιι,</span> 
     </span>
     <span class='ocr_line' id='line_1_18' title="bbox 279 1175 1742 1220; baseline 0.004 -14"><span class='ocrx_word' id='word_1_157' title='bbox 279 1177 332 1207; x_wconf 83' lang='grc'>17.</span> <span class='ocrx_word' id='word_1_158' title='bbox 354 1175 438 1216; x_wconf 85' lang='lat' dir='ltr'>legit</span> <span class='ocrx_word' id='word_1_159' title='bbox 453 1177 565 1209; x_wconf 81' lang='lat' dir='ltr'>mortis</span> <span class='ocrx_word' id='word_1_160' title='bbox 579 1177 635 1218; x_wconf 82' lang='lat' dir='ltr'>cit,</span> <span class='ocrx_word' id='word_1_161' title='bbox 657 1178 709 1209; x_wconf 90' lang='lat' dir='ltr'>vel</span> <span class='ocrx_word' id='word_1_162' title='bbox 725 1177 799 1218; x_wconf 79' lang='lat' dir='ltr'>init,</span> <span class='ocrx_word' id='word_1_163' title='bbox 826 1178 983 1218; x_wconf 75' lang='lat' dir='ltr'>solatium,</span> <span class='ocrx_word' id='word_1_164' title='bbox 1008 1178 1098 1220; x_wconf 90' lang='lat' dir='ltr'>quod</span> <span class='ocrx_word' id='word_1_165' title='bbox 1113 1187 1181 1211; x_wconf 91' lang='lat' dir='ltr'>non</span> <span class='ocrx_word' id='word_1_166' title='bbox 1196 1177 1376 1210; x_wconf 86' lang='lat' dir='ltr'>ferendum</span> <span class='ocrx_word' id='word_1_167' title='bbox 1401 1187 1478 1210; x_wconf 83' lang='lat' dir='ltr'>esse</span> <span class='ocrx_word' id='word_1_168' title='bbox 1506 1177 1742 1219; x_wconf 48' lang='lat' dir='ltr'>recassisti-</span> 
     </span>
     <span class='ocr_line' id='line_1_19' title="bbox 277 1218 1742 1272; baseline 0.003 -23"><span class='ocrx_word' id='word_1_169' title='bbox 277 1220 351 1250; x_wconf 78' lang='lat' dir='ltr'>mat</span> <span class='ocrx_word' id='word_1_170' title='bbox 366 1218 554 1252; x_wconf 86' lang='lat' dir='ltr'>Burmann.</span> <span class='ocrx_word' id='word_1_171' title='bbox 576 1221 806 1262; x_wconf 86' lang='lat' dir='ltr'>Wopkensius</span> <span class='ocrx_word' id='word_1_172' title='bbox 832 1221 867 1252; x_wconf 92' lang='lat' dir='ltr'>in</span> <span class='ocrx_word' id='word_1_173' title='bbox 892 1220 994 1253; x_wconf 88' lang='lat' dir='ltr'>Misc.</span> <span class='ocrx_word' id='word_1_174' title='bbox 1013 1221 1097 1254; x_wconf 90' lang='lat' dir='ltr'>Obs.</span> <span class='ocrx_word' id='word_1_175' title='bbox 1115 1221 1206 1254; x_wconf 89' lang='lat' dir='ltr'>Nov.</span> <span class='ocrx_word' id='word_1_176' title='bbox 1224 1225 1304 1254; x_wconf 85' lang='lat' dir='ltr'>tom.</span> <span class='ocrx_word' id='word_1_177' title='bbox 1316 1229 1353 1253; x_wconf 85' lang='lat' dir='ltr'>x.</span> <span class='ocrx_word' id='word_1_178' title='bbox 1379 1230 1415 1262; x_wconf 87' lang='lat' dir='ltr'>p.</span> <span class='ocrx_word' id='word_1_179' title='bbox 1432 1221 1510 1255; x_wconf 70' lang='lat'>169.</span> <span class='ocrx_word' id='word_1_180' title='bbox 1529 1219 1682 1272; x_wconf 70' lang='lat' dir='ltr'>conjicit,</span> <span class='ocrx_word' id='word_1_181' title='bbox 1701 1225 1742 1258; x_wconf 82' lang='lat' dir='ltr'>ut</span> 
     </span>
     <span class='ocr_line' id='line_1_20' title="bbox 277 1259 1742 1307; baseline 0.003 -15"><span class='ocrx_word' id='word_1_182' title='bbox 277 1259 353 1293; x_wconf 83' lang='lat' dir='ltr'>fere</span> <span class='ocrx_word' id='word_1_183' title='bbox 369 1261 494 1300; x_wconf 83' lang='lat' dir='ltr'>Faber,</span> <span class='ocrx_word' id='word_1_184' title='bbox 510 1263 621 1294; x_wconf 79' lang='lat' dir='ltr'>mortis</span> <span class='ocrx_word' id='word_1_185' title='bbox 630 1263 665 1295; x_wconf 73' lang='lat' dir='ltr'>in</span> <span class='ocrx_word' id='word_1_186' title='bbox 677 1264 790 1296; x_wconf 76' lang='lat' dir='ltr'>solutio</span> <span class='ocrx_word' id='word_1_187' title='bbox 800 1274 812 1302; x_wconf 89' lang='lat'>‚·</span> <span class='ocrx_word' id='word_1_188' title='bbox 824 1264 875 1296; x_wconf 89' lang='lat' dir='ltr'>sic</span> <span class='ocrx_word' id='word_1_189' title='bbox 889 1263 979 1296; x_wconf 90' lang='lat' dir='ltr'>euim</span> <span class='ocrx_word' id='word_1_190' title='bbox 991 1264 1134 1306; x_wconf 88' lang='lat' dir='ltr'>propius</span> <span class='ocrx_word' id='word_1_191' title='bbox 1147 1263 1284 1296; x_wconf 82' lang='lat' dir='ltr'>accedit</span> <span class='ocrx_word' id='word_1_192' title='bbox 1297 1263 1341 1296; x_wconf 79' lang='lat' dir='ltr'>ad</span> <span class='ocrx_word' id='word_1_193' title='bbox 1355 1267 1509 1296; x_wconf 83' lang='lat' dir='ltr'>veterem</span> <span class='ocrx_word' id='word_1_194' title='bbox 1522 1268 1742 1307; x_wconf 68' lang='lat' dir='ltr'>scripturam,</span> 
     </span>
     <span class='ocr_line' id='line_1_21' title="bbox 277 1305 1742 1349; baseline 0.003 -14"><span class='ocrx_word' id='word_1_195' title='bbox 277 1307 318 1336; x_wconf 88' lang='lat' dir='ltr'>ut</span> <span class='ocrx_word' id='word_1_196' title='bbox 341 1312 459 1336; x_wconf 86' lang='lat' dir='ltr'>seusus</span> <span class='ocrx_word' id='word_1_197' title='bbox 486 1305 553 1337; x_wconf 85' lang='lat' dir='ltr'>sit:</span> <span class='ocrx_word' id='word_1_198' title='bbox 577 1310 650 1338; x_wconf 90' lang='lat' dir='ltr'>tum</span> <span class='ocrx_word' id='word_1_199' title='bbox 677 1307 774 1347; x_wconf 88' lang='lat' dir='ltr'>lepus</span> <span class='ocrx_word' id='word_1_200' title='bbox 799 1306 1018 1339; x_wconf 78' lang='lat' dir='ltr'>semianimus</span> <span class='ocrx_word' id='word_1_201' title='bbox 1045 1307 1110 1339; x_wconf 85' lang='lat' dir='ltr'>hoc</span> <span class='ocrx_word' id='word_1_202' title='bbox 1137 1306 1231 1339; x_wconf 89' lang='lat' dir='ltr'>dicto</span> <span class='ocrx_word' id='word_1_203' title='bbox 1255 1316 1292 1338; x_wconf 84' lang='lat' dir='ltr'>se</span> <span class='ocrx_word' id='word_1_204' title='bbox 1318 1307 1353 1338; x_wconf 91' lang='lat' dir='ltr'>in</span> <span class='ocrx_word' id='word_1_205' title='bbox 1378 1311 1492 1339; x_wconf 89' lang='lat' dir='ltr'>morte</span> <span class='ocrx_word' id='word_1_206' title='bbox 1514 1316 1576 1340; x_wconf 79' lang='lat' dir='ltr'>sua</span> <span class='ocrx_word' id='word_1_207' title='bbox 1599 1306 1742 1349; x_wconf 72' lang='lat' dir='ltr'>solatur.</span> 
     </span>
     <span class='ocr_line' id='line_1_22' title="bbox 277 1345 1742 1393; baseline 0.003 -15"><span class='ocrx_word' id='word_1_208' title='bbox 277 1345 360 1379; x_wconf 84' lang='lat' dir='ltr'>Non</span> <span class='ocrx_word' id='word_1_209' title='bbox 376 1352 489 1380; x_wconf 86' lang='lat' dir='ltr'>tamen</span> <span class='ocrx_word' id='word_1_210' title='bbox 508 1348 611 1389; x_wconf 88' lang='lat' dir='ltr'>plane</span> <span class='ocrx_word' id='word_1_211' title='bbox 627 1349 789 1390; x_wconf 82' lang='lat' dir='ltr'>repudiat</span> <span class='ocrx_word' id='word_1_212' title='bbox 802 1350 837 1381; x_wconf 76' lang='lat' dir='ltr'>in</span> <span class='ocrx_word' id='word_1_213' title='bbox 851 1349 972 1382; x_wconf 80' lang='lat' dir='ltr'>solatio.</span> <span class='ocrx_word' id='word_1_214' title='bbox 996 1349 1049 1382; x_wconf 88' lang='lat' dir='ltr'>Cl.</span> <span class='ocrx_word' id='word_1_215' title='bbox 1064 1348 1087 1382; x_wconf 88' lang='lat' dir='ltr'>J</span> <span class='ocrx_word' id='word_1_216' title='bbox 1091 1349 1193 1382; x_wconf 87' lang='lat' dir='ltr'>akob.</span> <span class='ocrx_word' id='word_1_217' title='bbox 1209 1348 1320 1382; x_wconf 82' lang='lat' dir='ltr'>edidit</span> <span class='ocrx_word' id='word_1_218' title='bbox 1333 1349 1367 1382; x_wconf 78' lang='lat' dir='ltr'>in</span> <span class='ocrx_word' id='word_1_219' title='bbox 1382 1350 1505 1383; x_wconf 70' lang='lat' dir='ltr'>solatio.</span> <span class='ocrx_word' id='word_1_220' title='bbox 1542 1347 1742 1393; x_wconf 73' lang='lat' dir='ltr'>(Accedunt</span> 
     </span>
     <span class='ocr_line' id='line_1_23' title="bbox 278 1391 1742 1435; baseline 0.004 -14"><span class='ocrx_word' id='word_1_221' title='bbox 278 1391 459 1432; x_wconf 86' lang='lat' dir='ltr'>sequentia</span> <span class='ocrx_word' id='word_1_222' title='bbox 482 1401 500 1422; x_wconf 90' lang='lat' dir='ltr'>e</span> <span class='ocrx_word' id='word_1_223' title='bbox 526 1391 695 1424; x_wconf 84' lang='lat' dir='ltr'>Schwabii</span> <span class='ocrx_word' id='word_1_224' title='bbox 710 1391 941 1434; x_wconf 73' lang='lat' dir='ltr'>Supplendis:</span> <span class='ocrx_word' id='word_1_225' title='bbox 964 1392 975 1411; x_wconf 89' lang='lat'>‘</span> <span class='ocrx_word' id='word_1_226' title='bbox 989 1392 1099 1424; x_wconf 72' lang='lat' dir='ltr'>mortis</span> <span class='ocrx_word' id='word_1_227' title='bbox 1121 1392 1156 1425; x_wconf 80' lang='lat' dir='ltr'>in</span> <span class='ocrx_word' id='word_1_228' title='bbox 1177 1392 1288 1424; x_wconf 76' lang='lat' dir='ltr'>solatio</span> <span class='ocrx_word' id='word_1_229' title='bbox 1314 1392 1428 1434; x_wconf 77' lang='lat' dir='ltr'>vulgo,</span> <span class='ocrx_word' id='word_1_230' title='bbox 1453 1393 1552 1435; x_wconf 73' lang='lat' dir='ltr'>cujus</span> <span class='ocrx_word' id='word_1_231' title='bbox 1580 1391 1742 1431; x_wconf 61' lang='lat' dir='ltr'>lectionis</span> 
     </span>
     <span class='ocr_line' id='line_1_24' title="bbox 278 1433 1742 1507; baseline 0.003 -43"><span class='ocrx_word' id='word_1_232' title='bbox 278 1433 540 1507; x_wconf 58' lang='lat' dir='ltr'>germanitatem</span> <span class='ocrx_word' id='word_1_233' title='bbox 556 1434 771 1466; x_wconf 85' lang='lat' dir='ltr'>Burmannus</span> <span class='ocrx_word' id='word_1_234' title='bbox 796 1435 925 1478; x_wconf 84' lang='lat' dir='ltr'>(Epist.</span> <span class='ocrx_word' id='word_1_235' title='bbox 940 1435 1019 1467; x_wconf 90' lang='lat' dir='ltr'>crit.</span> <span class='ocrx_word' id='word_1_236' title='bbox 1043 1435 1087 1467; x_wconf 93' lang='lat' dir='ltr'>de</span> <span class='ocrx_word' id='word_1_237' title='bbox 1110 1435 1163 1467; x_wconf 87' lang='lat' dir='ltr'>his</span> <span class='ocrx_word' id='word_1_238' title='bbox 1178 1434 1331 1477; x_wconf 80' lang='lat' dir='ltr'>Bentleii</span> <span class='ocrx_word' id='word_1_239' title='bbox 1344 1434 1453 1477; x_wconf 83' lang='lat' dir='ltr'>notis)</span> <span class='ocrx_word' id='word_1_240' title='bbox 1474 1445 1552 1468; x_wconf 88' lang='lat' dir='ltr'>cum</span> <span class='ocrx_word' id='word_1_241' title='bbox 1567 1435 1742 1479; x_wconf 67' lang='lat' dir='ltr'>plerisque</span> 
     </span>
    </p>

    <p class='ocr_par' dir='ltr' id='par_1_6' title="bbox 271 1476 1774 2162">
     <span class='ocr_line' id='line_1_25' title="bbox 304 1476 1742 1519; baseline 0.003 -12"><span class='ocrx_word' id='word_1_242' title='bbox 304 1476 390 1518; x_wconf 85' lang='lat' dir='ltr'>octis</span> <span class='ocrx_word' id='word_1_243' title='bbox 404 1476 624 1519; x_wconf 77' lang='lat' dir='ltr'>addubitans,</span> <span class='ocrx_word' id='word_1_244' title='bbox 637 1477 801 1518; x_wconf 84' lang='lat' dir='ltr'>correxit,</span> <span class='ocrx_word' id='word_1_245' title='bbox 818 1477 962 1510; x_wconf 85' lang='lat' dir='ltr'>Heinsio</span> <span class='ocrx_word' id='word_1_246' title='bbox 976 1481 1154 1519; x_wconf 73' lang='lat' dir='ltr'>praeeunte</span> <span class='ocrx_word' id='word_1_247' title='bbox 1169 1488 1177 1509; x_wconf 83' lang='lat' dir='ltr'><strong><em>z</em></strong></span> <span class='ocrx_word' id='word_1_248' title='bbox 1201 1477 1313 1510; x_wconf 74' lang='lat' dir='ltr'>mortis</span> <span class='ocrx_word' id='word_1_249' title='bbox 1327 1487 1365 1516; x_wconf 71' lang='lat' dir='ltr'>cn</span> <span class='ocrx_word' id='word_1_250' title='bbox 1378 1478 1504 1519; x_wconf 67' lang='lat' dir='ltr'>solatia,</span> <span class='ocrx_word' id='word_1_251' title='bbox 1515 1478 1573 1510; x_wconf 82' lang='lat' dir='ltr'>vel</span> <span class='ocrx_word' id='word_1_252' title='bbox 1585 1478 1742 1512; x_wconf 61' lang='lat' dir='ltr'>salutm</span> 
     </span>
     <span class='ocr_line' id='line_1_26' title="bbox 272 1517 1742 1562; baseline 0.003 -13"><span class='ocrx_word' id='word_1_253' title='bbox 272 1517 404 1551; x_wconf 84' lang='lat' dir='ltr'>Bothe.</span> <span class='ocrx_word' id='word_1_254' title='bbox 449 1519 550 1552; x_wconf 83' lang='lat' dir='ltr'>Quod</span> <span class='ocrx_word' id='word_1_255' title='bbox 566 1519 629 1551; x_wconf 88' lang='lat' dir='ltr'>Vir</span> <span class='ocrx_word' id='word_1_256' title='bbox 640 1521 684 1552; x_wconf 90' lang='lat' dir='ltr'>cl.</span> <span class='ocrx_word' id='word_1_257' title='bbox 699 1520 823 1553; x_wconf 88' lang='lat' dir='ltr'>scribit</span> <span class='ocrx_word' id='word_1_258' title='bbox 838 1520 882 1552; x_wconf 90' lang='lat' dir='ltr'>de</span> <span class='ocrx_word' id='word_1_259' title='bbox 898 1521 1109 1560; x_wconf 88' lang='lat' dir='ltr'>Burmanno,</span> <span class='ocrx_word' id='word_1_260' title='bbox 1133 1519 1392 1562; x_wconf 84' lang='lat' dir='ltr'>intelligendum</span> <span class='ocrx_word' id='word_1_261' title='bbox 1409 1519 1454 1553; x_wconf 86' lang='lat' dir='ltr'>de</span> <span class='ocrx_word' id='word_1_262' title='bbox 1470 1520 1592 1555; x_wconf 67' lang='lat' dir='ltr'>Hario.</span> <span class='ocrx_word' id='word_1_263' title='bbox 1613 1521 1742 1558; x_wconf 70' lang='lat' dir='ltr'>Huius</span> 
     </span>
     <span class='ocr_line' id='line_1_27' title="bbox 277 1560 1740 1608; baseline 0.003 -16"><span class='ocrx_word' id='word_1_264' title='bbox 277 1560 370 1593; x_wconf 90' lang='lat' dir='ltr'>enim</span> <span class='ocrx_word' id='word_1_265' title='bbox 394 1566 517 1595; x_wconf 81' lang='lat' dir='ltr'>auctor</span> <span class='ocrx_word' id='word_1_266' title='bbox 532 1567 586 1594; x_wconf 88' lang='lat' dir='ltr'>est</span> <span class='ocrx_word' id='word_1_267' title='bbox 599 1562 765 1604; x_wconf 81' lang='lat' dir='ltr'>Epistolae</span> <span class='ocrx_word' id='word_1_268' title='bbox 781 1563 911 1595; x_wconf 76' lang='lat' dir='ltr'>criticae</span> <span class='ocrx_word' id='word_1_269' title='bbox 928 1562 972 1595; x_wconf 92' lang='lat' dir='ltr'>de</span> <span class='ocrx_word' id='word_1_270' title='bbox 998 1563 1102 1595; x_wconf 88' lang='lat' dir='ltr'>Notis</span> <span class='ocrx_word' id='word_1_271' title='bbox 1117 1563 1269 1595; x_wconf 86' lang='lat' dir='ltr'>Bentleii</span> <span class='ocrx_word' id='word_1_272' title='bbox 1294 1562 1330 1594; x_wconf 89' lang='lat' dir='ltr'>iu</span> <span class='ocrx_word' id='word_1_273' title='bbox 1353 1563 1551 1603; x_wconf 64' lang='lat' dir='ltr'>Phaedrum,</span> <span class='ocrx_word' id='word_1_274' title='bbox 1571 1565 1641 1608; x_wconf 74' lang='lat' dir='ltr'>sion</span> <span class='ocrx_word' id='word_1_275' title='bbox 1652 1563 1740 1596; x_wconf 75' lang='lat' dir='ltr'>Bur-</span> 
     </span>
     <span class='ocr_line' id='line_1_28' title="bbox 277 1604 1742 1648; baseline 0.003 -13"><span class='ocrx_word' id='word_1_276' title='bbox 277 1612 430 1636; x_wconf 85' lang='lat' dir='ltr'>mannus.</span> <span class='ocrx_word' id='word_1_277' title='bbox 474 1604 555 1638; x_wconf 83' lang='lat' dir='ltr'>vid.</span> <span class='ocrx_word' id='word_1_278' title='bbox 572 1605 680 1646; x_wconf 85' lang='lat' dir='ltr'>Epist.</span> <span class='ocrx_word' id='word_1_279' title='bbox 694 1606 753 1638; x_wconf 85' lang='lat' dir='ltr'>cit.</span> <span class='ocrx_word' id='word_1_280' title='bbox 770 1605 814 1637; x_wconf 81' lang='lat' dir='ltr'>ad</span> <span class='ocrx_word' id='word_1_281' title='bbox 829 1607 959 1638; x_wconf 86' lang='lat' dir='ltr'>calcem</span> <span class='ocrx_word' id='word_1_282' title='bbox 976 1605 1150 1638; x_wconf 88' lang='lat' dir='ltr'>Editionis</span> <span class='ocrx_word' id='word_1_283' title='bbox 1171 1605 1438 1638; x_wconf 79' lang='lat' dir='ltr'>Burmannianae</span> <span class='ocrx_word' id='word_1_284' title='bbox 1453 1615 1488 1648; x_wconf 78' lang='lat' dir='ltr'>p.</span> <span class='ocrx_word' id='word_1_285' title='bbox 1504 1609 1559 1640; x_wconf 74' lang='lat'>16.</span> <span class='ocrx_word' id='word_1_286' title='bbox 1602 1606 1742 1645; x_wconf 79' lang='lat' dir='ltr'>Etenim</span> 
     </span>
     <span class='ocr_line' id='line_1_29' title="bbox 277 1646 1741 1691; baseline 0.003 -12"><span class='ocrx_word' id='word_1_287' title='bbox 277 1646 494 1680; x_wconf 87' lang='lat' dir='ltr'>Burmannus</span> <span class='ocrx_word' id='word_1_288' title='bbox 510 1647 619 1680; x_wconf 87' lang='lat' dir='ltr'>edidit</span> <span class='ocrx_word' id='word_1_289' title='bbox 632 1649 667 1680; x_wconf 77' lang='lat' dir='ltr'>in</span> <span class='ocrx_word' id='word_1_290' title='bbox 681 1648 805 1688; x_wconf 75' lang='lat' dir='ltr'>solatio,</span> <span class='ocrx_word' id='word_1_291' title='bbox 816 1658 915 1691; x_wconf 85' lang='lat' dir='ltr'>quam</span> <span class='ocrx_word' id='word_1_292' title='bbox 926 1649 1109 1681; x_wconf 87' lang='lat' dir='ltr'>lectionem</span> <span class='ocrx_word' id='word_1_293' title='bbox 1122 1653 1239 1680; x_wconf 85' lang='lat' dir='ltr'>tuetur</span> <span class='ocrx_word' id='word_1_294' title='bbox 1255 1649 1333 1681; x_wconf 84' lang='lat' dir='ltr'>loco</span> <span class='ocrx_word' id='word_1_295' title='bbox 1349 1648 1478 1682; x_wconf 82' lang='lat' dir='ltr'>Ovidii.</span> <span class='ocrx_word' id='word_1_296' title='bbox 1494 1649 1546 1683; x_wconf 87' lang='grc' dir='ltr'>Μ.</span> <span class='ocrx_word' id='word_1_297' title='bbox 1558 1649 1603 1683; x_wconf 81' lang='lat' dir='ltr'>V.</span> <span class='ocrx_word' id='word_1_298' title='bbox 1616 1652 1693 1683; x_wconf 73' lang='lat'>191.</span> <span class='ocrx_word' id='word_1_299' title='bbox 1703 1655 1741 1682; x_wconf 83' lang='lat' dir='ltr'>et</span> 
     </span>
     <span class='ocr_line' id='line_1_30' title="bbox 276 1687 1740 1734; baseline 0.003 -13"><span class='ocrx_word' id='word_1_300' title='bbox 276 1687 408 1721; x_wconf 75' lang='lat' dir='ltr'>Lucani</span> <span class='ocrx_word' id='word_1_301' title='bbox 426 1699 507 1722; x_wconf 84' lang='lat' dir='ltr'>vm.</span> <span class='ocrx_word' id='word_1_302' title='bbox 524 1693 600 1723; x_wconf 75' lang='lat'>314.</span> <span class='ocrx_word' id='word_1_303' title='bbox 627 1691 771 1733; x_wconf 87' lang='lat' dir='ltr'>addens,</span> <span class='ocrx_word' id='word_1_304' title='bbox 787 1690 924 1723; x_wconf 84' lang='lat' dir='ltr'>Heinsii</span> <span class='ocrx_word' id='word_1_305' title='bbox 939 1691 1176 1733; x_wconf 86' lang='lat' dir='ltr'>conjecturam</span> <span class='ocrx_word' id='word_1_306' title='bbox 1192 1701 1231 1723; x_wconf 77' lang='lat' dir='ltr'>eu</span> <span class='ocrx_word' id='word_1_307' title='bbox 1253 1691 1379 1732; x_wconf 74' lang='lat' dir='ltr'>solatia,</span> <span class='ocrx_word' id='word_1_308' title='bbox 1402 1701 1478 1734; x_wconf 71' lang='lat' dir='ltr'>qum</span> <span class='ocrx_word' id='word_1_309' title='bbox 1502 1691 1644 1734; x_wconf 60' lang='lat' dir='ltr'>placeat</span> <span class='ocrx_word' id='word_1_310' title='bbox 1666 1692 1740 1726; x_wconf 79' lang='lat' dir='ltr'>viro</span> 
     </span>
     <span class='ocr_line' id='line_1_31' title="bbox 278 1730 1741 1776; baseline 0.004 -13"><span class='ocrx_word' id='word_1_311' title='bbox 278 1730 478 1764; x_wconf 85' lang='lat' dir='ltr'>doctissimo</span> <span class='ocrx_word' id='word_1_312' title='bbox 492 1732 649 1775; x_wconf 73' lang='lat' dir='ltr'>(Herio),</span> <span class='ocrx_word' id='word_1_313' title='bbox 668 1733 937 1766; x_wconf 85' lang='lat' dir='ltr'>tolerabiliorem</span> <span class='ocrx_word' id='word_1_314' title='bbox 962 1743 1050 1774; x_wconf 86' lang='lat' dir='ltr'>esse,</span> <span class='ocrx_word' id='word_1_315' title='bbox 1075 1743 1177 1776; x_wconf 77' lang='lat' dir='ltr'>quam</span> <span class='ocrx_word' id='word_1_316' title='bbox 1193 1733 1372 1767; x_wconf 79' lang='lat' dir='ltr'>Gebbardi</span> <span class='ocrx_word' id='word_1_317' title='bbox 1385 1734 1584 1776; x_wconf 83' lang='lat' dir='ltr'>lectionem,</span> <span class='ocrx_word' id='word_1_318' title='bbox 1608 1744 1677 1769; x_wconf 88' lang='lat' dir='ltr'>non</span> <span class='ocrx_word' id='word_1_319' title='bbox 1690 1733 1741 1768; x_wconf 85' lang='lat' dir='ltr'>fe·</span> 
     </span>
     <span class='ocr_line' id='line_1_32' title="bbox 276 1773 1742 1819; baseline 0.004 -14"><span class='ocrx_word' id='word_1_320' title='bbox 276 1773 431 1815; x_wconf 88' lang='lat' dir='ltr'>rendam,</span> <span class='ocrx_word' id='word_1_321' title='bbox 451 1776 564 1808; x_wconf 71' lang='lat' dir='ltr'>mortis</span> <span class='ocrx_word' id='word_1_322' title='bbox 590 1777 635 1807; x_wconf 81' lang='lat' dir='ltr'>cit</span> <span class='ocrx_word' id='word_1_323' title='bbox 649 1776 804 1809; x_wconf 71' lang='lat' dir='ltr'>solatium.</span> <span class='ocrx_word' id='word_1_324' title='bbox 836 1776 957 1809; x_wconf 86' lang='lat' dir='ltr'>Edidit</span> <span class='ocrx_word' id='word_1_325' title='bbox 974 1776 1119 1809; x_wconf 86' lang='lat' dir='ltr'>Bothius</span> <span class='ocrx_word' id='word_1_326' title='bbox 1134 1777 1246 1808; x_wconf 80' lang='lat' dir='ltr'>mortis</span> <span class='ocrx_word' id='word_1_327' title='bbox 1259 1786 1298 1808; x_wconf 74' lang='lat' dir='ltr'>en</span> <span class='ocrx_word' id='word_1_328' title='bbox 1314 1776 1472 1819; x_wconf 73' lang='lat' dir='ltr'>solatium,</span> <span class='ocrx_word' id='word_1_329' title='bbox 1498 1776 1567 1810; x_wconf 84' lang='lat' dir='ltr'>etsi</span> <span class='ocrx_word' id='word_1_330' title='bbox 1579 1787 1619 1810; x_wconf 75' lang='lat' dir='ltr'>en</span> <span class='ocrx_word' id='word_1_331' title='bbox 1630 1778 1742 1811; x_wconf 67' lang='lat' dir='ltr'>eulatia</span> 
     </span>
     <span class='ocr_line' id='line_1_33' title="bbox 277 1817 1742 1864; baseline 0.003 -15"><span class='ocrx_word' id='word_1_332' title='bbox 277 1817 456 1859; x_wconf 82' lang='lat' dir='ltr'>scriptioni</span> <span class='ocrx_word' id='word_1_333' title='bbox 483 1818 624 1860; x_wconf 84' lang='lat' dir='ltr'>propius</span> <span class='ocrx_word' id='word_1_334' title='bbox 655 1818 812 1851; x_wconf 78' lang='lat' dir='ltr'>accedat.</span> <span class='ocrx_word' id='word_1_335' title='bbox 856 1819 900 1851; x_wconf 90' lang='lat' dir='ltr'>V.</span> <span class='ocrx_word' id='word_1_336' title='bbox 925 1819 1008 1851; x_wconf 71' lang='lat' dir='ltr'>Not:</span> <span class='ocrx_word' id='word_1_337' title='bbox 1023 1819 1211 1851; x_wconf 78' lang='lat' dir='ltr'>Burmanni</span> <span class='ocrx_word' id='word_1_338' title='bbox 1234 1819 1270 1850; x_wconf 91' lang='lat' dir='ltr'>in</span> <span class='ocrx_word' id='word_1_339' title='bbox 1296 1828 1386 1852; x_wconf 85' lang='lat' dir='ltr'>novo</span> <span class='ocrx_word' id='word_1_340' title='bbox 1413 1818 1742 1864; x_wconf 44' lang='lat' dir='ltr'>commentario&amp;—</span> 
     </span>
     <span class='ocr_line' id='line_1_34' title="bbox 272 1861 1741 1903; baseline 0.003 -11"><span class='ocrx_word' id='word_1_341' title='bbox 272 1861 320 1892; x_wconf 66' lang='lat' dir='ltr'>=1o</span> <span class='ocrx_word' id='word_1_342' title='bbox 329 1863 332 1866; x_wconf 61' lang='lat'><strong>⁴</strong></span> <span class='ocrx_word' id='word_1_343' title='bbox 342 1861 509 1901; x_wconf 73' lang='lat' dir='ltr'>Deploros.</span> <span class='ocrx_word' id='word_1_344' title='bbox 533 1861 661 1894; x_wconf 86' lang='lat' dir='ltr'>Harius</span> <span class='ocrx_word' id='word_1_345' title='bbox 678 1861 808 1901; x_wconf 89' lang='lat' dir='ltr'>mallet,</span> <span class='ocrx_word' id='word_1_346' title='bbox 822 1871 904 1894; x_wconf 78' lang='lat' dir='ltr'>nunc</span> <span class='ocrx_word' id='word_1_347' title='bbox 914 1862 1034 1903; x_wconf 80' lang='lat' dir='ltr'>ploras,</span> <span class='ocrx_word' id='word_1_348' title='bbox 1048 1861 1128 1903; x_wconf 81' lang='lat' dir='ltr'>quia</span> <span class='ocrx_word' id='word_1_349' title='bbox 1143 1861 1323 1903; x_wconf 78' lang='lat' dir='ltr'>praecessit</span> <span class='ocrx_word' id='word_1_350' title='bbox 1336 1863 1438 1902; x_wconf 78' lang='lat' dir='ltr'>modo,</span> <span class='ocrx_word' id='word_1_351' title='bbox 1465 1866 1503 1895; x_wconf 90' lang='lat' dir='ltr'>et</span> <span class='ocrx_word' id='word_1_352' title='bbox 1517 1863 1615 1897; x_wconf 76' lang='lat' dir='ltr'>certe</span> <span class='ocrx_word' id='word_1_353' title='bbox 1624 1861 1690 1898; x_wconf 74' lang='lat' dir='ltr'>lib.</span> <span class='ocrx_word' id='word_1_354' title='bbox 1704 1867 1741 1897; x_wconf 63' lang='lat' dir='ltr'>v}</span> 
     </span>
     <span class='ocr_line' id='line_1_35' title="bbox 271 1901 1740 1946; baseline 0.004 -12"><span class='ocrx_word' id='word_1_355' title='bbox 271 1901 350 1939; x_wconf 62' lang='lat' dir='ltr'>fab.</span> <span class='ocrx_word' id='word_1_356' title='bbox 364 1905 395 1935; x_wconf 81' lang='lat'>2.</span> <span class='ocrx_word' id='word_1_357' title='bbox 411 1907 445 1935; x_wconf 90' lang='grc'>8.</span> <span class='ocrx_word' id='word_1_358' title='bbox 463 1906 516 1943; x_wconf 80' lang='lat'>19.</span> <span class='ocrx_word' id='word_1_359' title='bbox 541 1908 617 1945; x_wconf 86' lang='lat' dir='ltr'>post</span> <span class='ocrx_word' id='word_1_360' title='bbox 642 1905 652 1923; x_wconf 89' lang='lat'>‘</span> <span class='ocrx_word' id='word_1_361' title='bbox 667 1903 857 1946; x_wconf 82' lang='lat' dir='ltr'>adjuvisses</span> <span class='ocrx_word' id='word_1_362' title='bbox 883 1903 1004 1936; x_wconf 90' lang='lat' dir='ltr'>modo&#39;</span> <span class='ocrx_word' id='word_1_363' title='bbox 1028 1904 1195 1946; x_wconf 86' lang='lat' dir='ltr'>sequitur,</span> <span class='ocrx_word' id='word_1_364' title='bbox 1216 1904 1227 1922; x_wconf 87' lang='lat'>‘</span> <span class='ocrx_word' id='word_1_365' title='bbox 1243 1913 1336 1936; x_wconf 86' lang='lat' dir='ltr'>nunc</span> <span class='ocrx_word' id='word_1_366' title='bbox 1350 1904 1460 1937; x_wconf 86' lang='lat' dir='ltr'>conde</span> <span class='ocrx_word' id='word_1_367' title='bbox 1476 1901 1627 1939; x_wconf 66' lang='lat' dir='ltr'>ferrum?</span> <span class='ocrx_word' id='word_1_368' title='bbox 1670 1904 1740 1939; x_wconf 78' lang='lat' dir='ltr'>Sed</span> 
     </span>
     <span class='ocr_line' id='line_1_36' title="bbox 278 1945 1742 1992; baseline 0.003 -14"><span class='ocrx_word' id='word_1_369' title='bbox 278 1954 356 1978; x_wconf 87' lang='lat' dir='ltr'>cum</span> <span class='ocrx_word' id='word_1_370' title='bbox 370 1945 539 1978; x_wconf 84' lang='lat' dir='ltr'>Phaedrus</span> <span class='ocrx_word' id='word_1_371' title='bbox 552 1947 609 1979; x_wconf 91' lang='lat' dir='ltr'>vix</span> <span class='ocrx_word' id='word_1_372' title='bbox 621 1947 700 1988; x_wconf 81' lang='lat' dir='ltr'>cogi</span> <span class='ocrx_word' id='word_1_373' title='bbox 717 1947 827 1988; x_wconf 87' lang='lat' dir='ltr'>possit</span> <span class='ocrx_word' id='word_1_374' title='bbox 843 1947 964 1979; x_wconf 90' lang='lat' dir='ltr'>eodem</span> <span class='ocrx_word' id='word_1_375' title='bbox 979 1956 1114 1988; x_wconf 86' lang='lat' dir='ltr'>semper</span> <span class='ocrx_word' id='word_1_376' title='bbox 1129 1946 1232 1979; x_wconf 89' lang='lat' dir='ltr'>modo</span> <span class='ocrx_word' id='word_1_377' title='bbox 1246 1946 1340 1989; x_wconf 87' lang='lat' dir='ltr'>loqui</span> <span class='ocrx_word' id='word_1_378' title='bbox 1353 1957 1374 1986; x_wconf 70' lang='lat' dir='ltr'>;r</span> <span class='ocrx_word' id='word_1_379' title='bbox 1387 1956 1466 1980; x_wconf 89' lang='lat' dir='ltr'>cum</span> <span class='ocrx_word' id='word_1_380' title='bbox 1480 1948 1587 1980; x_wconf 78' lang='lat' dir='ltr'>etism</span> <span class='ocrx_word' id='word_1_381' title='bbox 1601 1947 1742 1992; x_wconf 75' lang='lat' dir='ltr'>Anony-</span> 
     </span>
     <span class='ocr_line' id='line_1_37' title="bbox 277 1987 1741 2034; baseline 0.003 -14"><span class='ocrx_word' id='word_1_382' title='bbox 277 1997 352 2020; x_wconf 87' lang='lat' dir='ltr'>mus</span> <span class='ocrx_word' id='word_1_383' title='bbox 369 1989 444 2021; x_wconf 89' lang='lat' dir='ltr'>Nil.</span> <span class='ocrx_word' id='word_1_384' title='bbox 460 1990 601 2031; x_wconf 76' lang='lat' dir='ltr'>deploras</span> <span class='ocrx_word' id='word_1_385' title='bbox 613 1989 753 2030; x_wconf 79' lang='lat' dir='ltr'>habeat,</span> <span class='ocrx_word' id='word_1_386' title='bbox 776 1990 912 2022; x_wconf 86' lang='lat' dir='ltr'>retineo</span> <span class='ocrx_word' id='word_1_387' title='bbox 928 1989 1115 2031; x_wconf 77' lang='lat' dir='ltr'>vulgatum.</span> <span class='ocrx_word' id='word_1_388' title='bbox 1158 1987 1272 2022; x_wconf 87' lang='lat' dir='ltr'>Aliter</span> <span class='ocrx_word' id='word_1_389' title='bbox 1284 1993 1404 2022; x_wconf 85' lang='lat' dir='ltr'>contra</span> <span class='ocrx_word' id='word_1_390' title='bbox 1420 1988 1570 2032; x_wconf 74' lang='lat' dir='ltr'>Angluin</span> <span class='ocrx_word' id='word_1_391' title='bbox 1585 1990 1741 2034; x_wconf 67' lang='lat' dir='ltr'>disputat</span> 
     </span>
     <span class='ocr_line' id='line_1_38' title="bbox 272 2030 1740 2074; baseline 0.003 -10"><span class='ocrx_word' id='word_1_392' title='bbox 272 2030 470 2065; x_wconf 74' lang='lat' dir='ltr'>Burmann.</span> <span class='ocrx_word' id='word_1_393' title='bbox 497 2032 738 2074; x_wconf 80' lang='lat' dir='ltr'>Caunegieter.</span> <span class='ocrx_word' id='word_1_394' title='bbox 766 2033 811 2065; x_wconf 89' lang='lat' dir='ltr'>ad</span> <span class='ocrx_word' id='word_1_395' title='bbox 826 2032 949 2065; x_wconf 79' lang='lat' dir='ltr'>Avian.</span> <span class='ocrx_word' id='word_1_396' title='bbox 966 2042 1002 2073; x_wconf 86' lang='lat' dir='ltr'>p.</span> <span class='ocrx_word' id='word_1_397' title='bbox 1013 2035 1070 2065; x_wconf 77' lang='lat'>2⁷.</span> <span class='ocrx_word' id='word_1_398' title='bbox 1092 2033 1114 2065; x_wconf 83' lang='lat' dir='ltr'>d</span> <span class='ocrx_word' id='word_1_399' title='bbox 1152 2031 1231 2065; x_wconf 80' lang='lat' dir='ltr'>lora.</span> <span class='ocrx_word' id='word_1_400' title='bbox 1268 2032 1416 2065; x_wconf 76' lang='lat' dir='ltr'>Bai-thio</span> <span class='ocrx_word' id='word_1_401' title='bbox 1442 2032 1533 2066; x_wconf 84' lang='lat' dir='ltr'>Adv.</span> <span class='ocrx_word' id='word_1_402' title='bbox 1556 2036 1673 2070; x_wconf 64' lang='lat' dir='ltr'>nvn.</span> <span class='ocrx_word' id='word_1_403' title='bbox 1685 2036 1740 2067; x_wconf 82' lang='grc'>10.</span> 
     </span>
     <span class='ocr_line' id='line_1_39' title="bbox 271 2074 1774 2120; baseline 0.004 -15"><span class='ocrx_word' id='word_1_404' title='bbox 271 2074 394 2106; x_wconf 73' lang='lat' dir='ltr'>,versui</span> <span class='ocrx_word' id='word_1_405' title='bbox 409 2078 462 2107; x_wconf 86' lang='grc'>10.</span> <span class='ocrx_word' id='word_1_406' title='bbox 483 2075 615 2116; x_wconf 85' lang='lat' dir='ltr'>siguum</span> <span class='ocrx_word' id='word_1_407' title='bbox 629 2075 870 2117; x_wconf 83' lang='lat' dir='ltr'>interrogandi</span> <span class='ocrx_word' id='word_1_408' title='bbox 885 2074 1070 2108; x_wconf 76' lang='lat' dir='ltr'>videbatur</span> <span class='ocrx_word' id='word_1_409' title='bbox 1084 2085 1122 2107; x_wconf 87' lang='lat' dir='ltr'>su</span> <span class='ocrx_word' id='word_1_410' title='bbox 1149 2075 1311 2116; x_wconf 68' lang='lat' dir='ltr'>dandum,</span> <span class='ocrx_word' id='word_1_411' title='bbox 1336 2079 1377 2108; x_wconf 85' lang='lat' dir='ltr'>ut</span> <span class='ocrx_word' id='word_1_412' title='bbox 1397 2085 1568 2110; x_wconf 74' lang='lat' dir='ltr'>sarcasmo</span> <span class='ocrx_word' id='word_1_413' title='bbox 1591 2075 1740 2120; x_wconf 73' lang='lat' dir='ltr'>quodam</span> <span class='ocrx_word' id='word_1_414' title='bbox 1769 2098 1774 2105; x_wconf 90' lang='lat'>-</span> 
     </span>
     <span class='ocr_line' id='line_1_40' title="bbox 277 2115 1375 2162; baseline 0.003 -14"><span class='ocrx_word' id='word_1_415' title='bbox 277 2115 376 2159; x_wconf 85' lang='lat' dir='ltr'>lepus</span> <span class='ocrx_word' id='word_1_416' title='bbox 391 2126 565 2159; x_wconf 77' lang='lat' dir='ltr'>passerem</span> <span class='ocrx_word' id='word_1_417' title='bbox 581 2122 694 2161; x_wconf 84' lang='lat' dir='ltr'>roget,</span> <span class='ocrx_word' id='word_1_418' title='bbox 710 2118 836 2162; x_wconf 85' lang='lat' dir='ltr'>ecquid</span> <span class='ocrx_word' id='word_1_419' title='bbox 850 2117 952 2152; x_wconf 87' lang='lat' dir='ltr'>simili</span> <span class='ocrx_word' id='word_1_420' title='bbox 970 2118 1108 2161; x_wconf 86' lang='lat' dir='ltr'>querela</span> <span class='ocrx_word' id='word_1_421' title='bbox 1120 2118 1174 2151; x_wconf 90' lang='lat' dir='ltr'>uti</span> <span class='ocrx_word' id='word_1_422' title='bbox 1186 2116 1375 2151; x_wconf 86' lang='lat' dir='ltr'>didicisset.</span> 
     </span>
    </p>
   </div>
   <div class='ocr_carea' id='block_1_6' title="bbox 935 2214 1083 2249">
    <p class='ocr_par' dir='ltr' id='par_1_7' title="bbox 935 2214 1083 2249">
     <span class='ocr_line' id='line_1_41' title="bbox 935 2214 1083 2249; baseline 0 0"><span class='ocrx_word' id='word_1_423' title='bbox 935 2214 1083 2249; x_wconf 81' lang='lat' dir='ltr'>NOTAE</span> 
     </span>
    </p>
   </div>
   <div class='ocr_carea' id='block_1_7' title="bbox 271 2266 1739 2425">
    <p class='ocr_par' dir='ltr' id='par_1_8' title="bbox 271 2266 1739 2425">
     <span class='ocr_line' id='line_1_42' title="bbox 271 2266 1739 2336; baseline 0.006 -19"><span class='ocrx_word' id='word_1_424' title='bbox 271 2266 379 2335; x_wconf 22' lang='lat' dir='ltr'>ssd-rum</span> <span class='ocrx_word' id='word_1_425' title='bbox 407 2286 598 2329; x_wconf 82' lang='lat' dir='ltr'>scripsisse,</span> <span class='ocrx_word' id='word_1_426' title='bbox 627 2287 738 2321; x_wconf 76' lang='lat' dir='ltr'>mortis</span> <span class='ocrx_word' id='word_1_427' title='bbox 764 2288 800 2322; x_wconf 69' lang='lat' dir='ltr'>in</span> <span class='ocrx_word' id='word_1_428' title='bbox 827 2289 983 2331; x_wconf 71' lang='lat' dir='ltr'>solatiam,</span> <span class='ocrx_word' id='word_1_429' title='bbox 1037 2289 1124 2332; x_wconf 81' lang='lat' dir='ltr'>tigia</span> <span class='ocrx_word' id='word_1_430' title='bbox 1137 2293 1333 2333; x_wconf 78' lang='lat' dir='ltr'>supersunt,</span> <span class='ocrx_word' id='word_1_431' title='bbox 1358 2290 1421 2324; x_wconf 89' lang='lat' dir='ltr'>sed</span> <span class='ocrx_word' id='word_1_432' title='bbox 1436 2290 1578 2325; x_wconf 81' lang='lat' dir='ltr'>sciolum</span> <span class='ocrx_word' id='word_1_433' title='bbox 1591 2270 1739 2336; x_wconf 55' lang='lat' dir='ltr'>aliodem</span> 
     </span>
     <span class='ocr_line' id='line_1_43' title="bbox 274 2338 1739 2386; baseline 0.004 -16"><span class='ocrx_word' id='word_1_434' title='bbox 274 2342 375 2371; x_wconf 81' lang='lat' dir='ltr'>&#39;more</span> <span class='ocrx_word' id='word_1_435' title='bbox 389 2341 557 2379; x_wconf 86' lang='lat' dir='ltr'>veterum,</span> <span class='ocrx_word' id='word_1_436' title='bbox 582 2338 680 2380; x_wconf 87' lang='lat' dir='ltr'>cujus</span> <span class='ocrx_word' id='word_1_437' title='bbox 704 2338 876 2382; x_wconf 86' lang='lat' dir='ltr'>hodieque</span> <span class='ocrx_word' id='word_1_438' title='bbox 889 2340 982 2382; x_wconf 75' lang='lat' dir='ltr'>apud</span> <span class='ocrx_word' id='word_1_439' title='bbox 1036 2340 1286 2381; x_wconf 84' lang='lat' dir='ltr'>exscriptorem</span> <span class='ocrx_word' id='word_1_440' title='bbox 1305 2340 1417 2374; x_wconf 68' lang='lat' dir='ltr'>solatio</span> <span class='ocrx_word' id='word_1_441' title='bbox 1435 2340 1625 2386; x_wconf 74' lang='lat' dir='ltr'>scripsisse,</span> <span class='ocrx_word' id='word_1_442' title='bbox 1639 2342 1739 2378; x_wconf 85' lang='lat' dir='ltr'>omit·</span> 
     </span>
     <span class='ocr_line' id='line_1_44' title="bbox 272 2387 1201 2425; baseline 0.001 -2"><span class='ocrx_word' id='word_1_443' title='bbox 272 2387 399 2424; x_wconf 64' lang='lat' dir='ltr'>Fiant.</span> <span class='ocrx_word' id='word_1_444' title='bbox 411 2388 553 2424; x_wconf 84' lang='lat' dir='ltr'>Terent.</span> <span class='ocrx_word' id='word_1_445' title='bbox 567 2388 709 2423; x_wconf 81' lang='lat' dir='ltr'>Lucret.</span> <span class='ocrx_word' id='word_1_446' title='bbox 720 2392 756 2423; x_wconf 81' lang='lat' dir='ltr'>et</span> <span class='ocrx_word' id='word_1_447' title='bbox 769 2390 895 2425; x_wconf 77' lang='lat' dir='ltr'>catull.</span> <span class='ocrx_word' id='word_1_448' title='bbox 908 2399 984 2424; x_wconf 86' lang='lat' dir='ltr'>ves·</span> <span class='ocrx_word' id='word_1_449' title='bbox 1036 2389 1142 2424; x_wconf 83' lang='lat' dir='ltr'>tendo</span> <span class='ocrx_word' id='word_1_450' title='bbox 1156 2399 1201 2425; x_wconf 81' lang='lat' dir='ltr'>m.</span> 
     </span>
    </p>
   </div>
   <div class='ocr_carea' id='block_1_8' title="bbox 1687 2485 1726 2511">
    <p class='ocr_par' dir='ltr' id='par_1_9' title="bbox 1687 2485 1726 2511">
     <span class='ocr_line' id='line_1_45' title="bbox 1687 2485 1726 2511; baseline 0 -7"><span class='ocrx_word' id='word_1_451' title='bbox 1687 2485 1726 2511; x_wconf 61' lang='grc' dir='ltr'>,ῃ</span> 
     </span>
    </p>
   </div>
  </div>
 </body>
</html>
