1806 3236
183 213 269 256 198
470 224 671 256 ramum
707 222 1018 256 FABULARUM
1052 223 1351 256 AEsomARuM

1610 322 1640 363 0!

182 321 372 365 Asinum
392 320 610 372 solebant,
629 319 903 375 bajulantem
924 312 1138 364 sarcinas.

183 389 231 432 Is
248 402 349 432 cum
370 389 517 431 labore
538 392 582 431 et
601 389 747 443 plagis
767 391 883 430 esset
901 392 1111 440 mortuus,

180 458 397 500 Detracta
416 458 550 512 pelle,
571 457 657 499 sibi
672 457 868 499 fecerunt
885 459 1110 512 tympana.

181 525 347 580 Rogati
366 538 474 567 mox
494 538 522 567 a
540 524 749 580 quodam,
769 524 929 567 delicio
949 537 1034 567 suo

183 593 411 645 Quidnam
431 593 654 645 fecissent,
674 592 758 636 hoc
777 593 916 635 locuti
936 597 1040 636 sunt
1059 592 1217 635 modo:

181 660 394 712 Putabat,
416 674 466 702 se
487 664 592 716 post
610 666 796 703 mortem
815 674 1018 704 securum
1037 661 1150 712 fore,
1582 662 1638 704 10

181 728 300 771 Ecce
320 729 421 772 aliae
439 729 584 784 plagae
606 732 893 783 congeruntur
911 733 1102 771 mortuo.

178 796 209 838 J
212 796 389 839 oculare
410 798 489 840 tibi
511 797 704 840 videtur:
736 801 781 839 et
800 808 906 839 sane
921 796 1040 847 leve,

179 931 259 962 lucri
271 931 393 971 gratia,
404 930 537 964 Asinum
542 931 698 971 serentem
712 942 814 965 onera.
850 932 930 964 Cum
944 931 996 964 hic
1007 930 1152 974 periisset
1173 930 1276 963 labore
1289 933 1320 962 et
1339 929 1527 972 vulneribus,
1537 931 1642 964 evulso

177 974 261 1005 corio
275 974 338 1006 sibi
350 974 546 1014 confecerunt
560 978 719 1017 tympana.
762 975 882 1008 Statim
897 976 1109 1015 interroganti
1130 974 1254 1008 cuidam
1275 973 1350 1015 quid
1363 973 1516 1012 fecissent
1530 973 1572 1006 de
1587 974 1640 1007 §uo

178 1027 269 1058 quem
283 1017 435 1050 habebant
457 1019 492 1050 in
515 1019 649 1060 deliciis,
673 1020 897 1060 responderunt
918 1018 984 1050 ita.-
1017 1017 1156 1050 Putabat
1170 1027 1202 1049 se
1209 1017 1284 1056 fore
1297 1019 1399 1049 tulum
1414 1021 1485 1059 post
1499 1020 1640 1050 mortem.

181 1061 231 1092 En
255 1071 334 1093 nova
356 1062 484 1094 vulnera
505 1062 620 1094 dantur
642 1063 793 1095 extincto.
835 1063 982 1095 Joeosum
1004 1061 1063 1094 tibi
1083 1060 1233 1100 videtur-,-
1254 1064 1285 1094 et
1301 1063 1384 1093 recte
1398 1060 1542 1102 quidem.-
1563 1069 1640 1092 nam

791 1154 810 1166 Ο

178 1227 214 1259 p.
229 1221 261 1250 5.
306 1216 433 1250 Harius
450 1221 549 1259 posse
564 1221 682 1260 quaeseu
702 1219 940 1262 circumducere,
965 1223 1005 1252 ut
1029 1220 1166 1252 mercede
1189 1218 1312 1260 saepius
1338 1221 1550 1259 usurpatum,
1571 1216 1638 1250 dici

177 1260 374 1301 existiman
399 1260 462 1293 sed
473 1262 633 1304 exempla
648 1263 726 1295 talis
741 1263 926 1296 locutionis
941 1262 1114 1295 desiderat
1131 1263 1293 1294 Burman.
1310 1261 1501 1294 Brotierius
1517 1260 1639 1302 edidit,

176 1305 1006 1390 ffgfflssof1rz‘x.z¹3355;.z.022¹¹553..swam
1019 1303 1640 1389 dffi‘isssstffsshfflssfflffssss‘ffffi‘

177 1390 378 1424 structionis
394 1390 514 1423 ordine
527 1372 650 1424 minim
665 1393 700 1424 in
715 1360 1022 1433 modum'turbass}
1046 1393 1163 1425 Ursin.
1179 1392 1264 1433 legit
1278 1391 1426 1433 quaestui,
1449 1394 1490 1422 ut
1513 1370 1560 1422 s'it
1574 1389 1642 1423 dis-

176 1433 356 1476 syllabum,
370 1433 462 1477 quod
478 1434 577 1466 nimis
592 1435 806 1468 licentiosum
823 1435 961 1468 videtur
976 1434 1229 1468 Scheffero.—6
1246 1434 1294 1467 Is.
1317 1434 1435 1466 Bentl.
1454 1433 1556 1475 Huic,
1567 1433 1641 1467 scil.

176 1482 217 1510 ut
231 1477 432 1510 conveniret
454 1478 502 1518 τῷ
524 1479 679 1520 detracta,
702 1483 738 1511 et
753 1488 797 1511 ne
811 1479 1051 1521 anacolythum
1066 1478 1285 1520 admittatur,
1307 1476 1368 1509 sed
1384 1480 1469 1520 quot
1481 1485 1549 1517 non
1563 1476 1642 1510 loca

177 1525 293 1553 essent
307 1520 524 1562 corrigenda,
556 1521 586 1554 si
611 1521 686 1554 haec
701 1531 769 1554 non
783 1522 987 1564 placerent?
1024 1531 1100 1554 narn
1116 1530 1210 1563 saepe
1225 1519 1342 1553 rectus
1356 1527 1455 1553 casus
1467 1518 1566 1552 initio
1576 1517 1655 1562 ,ne-3

178 1564 268 1596 riodi
283 1564 436 1605 ponitur,
452 1564 509 1596 cui
524 1564 703 1607 sequentia
717 1575 786 1598 non
800 1565 1024 1607 respondent.
1051 1565 1109 1598 Sic
1125 1564 1217 1608 apud
1231 1563 1304 1597 Cic.
1318 1564 1365 1597 N.
1380 1564 1427 1597 D.
1443 1571 1485 1595 ιι.
1505 1565 1542 1596 ’4.
1555 1561 1574 1582 ‘⁴
1583 1562 1640 1596 Ne

178 1607 262 1683 {gri
277 1608 428 1650 quidem,
438 1607 520 1683 ςιιιίῗι
530 1617 728 1684 ιιοηὲιιέῃῒεε
739 1609 996 1685 οὲιινᾳὶεεξιιιὲ,
1006 1608 1142 1659 ‘idcirco
1158 1607 1319 1684 a‘?.¹¹.¹{¹¹⁸
1327 1606 1506 1683 ξιῗίἱεξηῖ
1520 1604 1642 1692 εἶξε-ιζ’

214 1660 357 1683 urmanu.
391 1661 450 1693 qui
475 1661 498 1693 p
514 1661 577 1684 ura
626 1661 645 1684 a
671 1662 709 1684 1.
786 1662 865 1684 unm
915 1674 924 1684 .
980 1662 1014 1684 uz
1040 1662 1111 1684 cum
1134 1661 1256 1684 conici
1276 1668 1327 1684 .—
1406 1660 1422 1683 e
1455 1659 1526 1682 aea
1628 1673 1639 1682 .

177 1694 383 1736 Suspicatur
411 1694 528 1727 Burm.
559 1695 715 1727 Detracta
736 1705 753 1727 e
775 1662 1082 1737 peue.gPraeive1-at
1106 1662 1363 1727 Rittelrshnsius.
1408 1692 1573 1726 Bothiun:
1605 1692 1641 1725 Is

177 1738 457 1770 cum....Detracta
472 1747 488 1770 e
499 1738 657 1779 pelle—9
682 1738 852 1775 Quidnam.
874 1738 1085 1771 Rittershus.
1109 1742 1147 1770 et
1172 1737 1295 1770 Heius.
1319 1736 1391 1779 legi
1406 1737 1525 1769 volunt
1541 1735 1641 1773 Quia-

178 1790 264 1820 nam,
279 1780 300 1812 i.
318 1789 348 1813 e.
363 1781 633 1822 quare.-—locuti.
675 1781 732 1813 Sic
760 1780 880 1823 scripti
906 1786 943 1814 et
966 1781 1072 1821 editi;
1095 1781 1154 1813 sed
1181 1780 1303 1812 Heins.
1325 1780 1444 1812 Bentl.
1469 1778 1640 1821 Cuningb.

171 1823 286 1864 jocati,
300 1832 320 1855 e
335 1823 546 1865 conjectura.
568 1824 755 1866 Vulgatam
770 1828 889 1856 tuetur
902 1822 1100 1856 Schefferus
1115 1833 1134 1855 e
1149 1822 1209 1856 lib.
1225 1832 1250 1855 1.
1264 1821 1336 1855 fab.
1351 1826 1384 1855 5.
1397 1825 1430 1855 6.
1453 1820 1525 1854 fab.
1539 1824 1594 1854 2⁷.
1605 1824 1640 1854 9.

179 1866 238 1900 lib.
254 1875 307 1899 lv.
334 1865 405 1900 fab.
419 1869 452 1899 4.
467 1868 501 1899 6.
523 1866 585 1900 lib.
599 1876 635 1900 ν.
657 1867 776 1900 fab.4.
791 1870 843 1900 1-1.
863 1878 865 1883 “
887 1867 1068 1900 Praeterea
1090 1866 1198 1899 verba
1216 1865 1392 1898 Gallorum
1418 1874 1487 1897 n'on
1507 1865 1641 1907 jocum,

177 1910 239 1942 sed
264 1910 532 1951 miserationem,
555 1910 733 1943 continere
760 1910 931 1942 videntur.
974 1910 1054 1943 Vid.
1071 1911 1356 1942 Burmann.——12.
1370 1911 1411 1940 13
1434 1908 1520 1940 Mss.
1544 1908 1641 1941 Pith.

179 1953 281 1985 Rem.
310 1953 463 1986 habent:
486 1953 635 1986 Joculure
663 1953 723 1987 tibi
751 1953 887 1995 videtur,
911 1957 943 1986 et
971 1963 1047 1986 sane
1075 1954 1152 1986 leve.
1184 1952 1267 1985 Vid.
1292 1952 1393 1984 Brot.
1438 1951 1498 1984 Ita
1525 1951 1640 1984 Editt.

179 1996 347 2029 Rittersh.
372 2001 410 2029 et
433 1996 557 2030 Nevel.
582 1997 633 2029 sic
657 1997 764 2030 etiam
778 1996 937 2038 Ursinus,
960 1996 1026 2028 nisi
1042 1997 1135 2039 quod
1151 2000 1230 2037 post
1249 1996 1314 2028 lece
1334 1995 1466 2037 signum
1493 1994 1641 2027 interro-

179 2039 283 2080 gandi
316 2045 435 2081 ponat.
479 2040 664 2073 Walchius'
683 2040 920 2082 interpunglt:
963 2040 1110 2072 Joculare
1138 2039 1200 2071 tibi
1234 2038 1360 2071 videtur
1388 2041 1420 2070 et
1453 2047 1529 2070 sane
1563 2038 1642 2077 leve,

178 2083 278 2123 Dum,
290 2083 371 2115 nihil
384 2083 531 2116 habemus
548 2084 660 2125 majus,
682 2085 798 2116 calamo
812 2084 955 2116 ludimus.
999 2083 1068 2116 Sed
1084 2082 1247 2116 Claudius
1263 2081 1396 2123 Civilis,
1417 2090 1479 2114 seu
1500 2080 1640 2114 Withof.

178 2126 213 2158 in
230 2126 332 2158 Misc.
349 2126 434 2159 Obs.
454 2127 543 2159 Nov.
558 2131 642 2160 tom.
661 2136 685 2160 1.
701 2137 735 2169 p.
753 2130 828 2160 126.
851 2126 1015 2169 conjicit:
1038 2127 1199 2166 Joculare,
1214 2125 1264 2157 uti
1277 2125 1414 2164 videtur,
1425 2127 1459 2157 et
1472 2133 1546 2156 me
1565 2124 1642 2157 leve.

179 2169 290 2202 Putat
305 2170 408 2209 enim,
430 2170 580 2202 Joculare
594 2174 625 2203 et
640 2172 705 2203 leve
724 2169 909 2203 manifesto
935 2170 1136 2210 cohaesisse3
1159 2174 1197 2202 at
1222 2169 1347 2209 locum,
1369 2177 1446 2200 cum
1468 2167 1568 2200 nimis
1581 2167 1642 2200 ab·

179 2217 317 2254 ruptum
333 2212 378 2245 sit
391 2213 540 2254 initium,
555 2214 639 2247 satis
653 2213 765 2246 adhuc
780 2213 953 2246 residuam
969 2212 1205 2245 difficultatem
1227 2214 1504 2245 commonstrare.
1550 2210 1641 2243 Nam

178 2256 413 2298 requireretur
428 2256 463 2287 in
477 2257 542 2289 hac
557 2257 707 2290 lectione
723 2257 824 2299 paulo
841 2261 921 2289 ante
937 2256 1140 2289 uocabulum
1153 2254 1316 2296 δεικτικὸν,
1341 2254 1432 2297 quod
1448 2253 1491 2286 ad
1506 2253 1641 2296 epithe-

178 2302 239 2331 ton
253 2299 403 2331 Joculare
415 2299 616 2340 respiceret.
663 2300 728 2333 Cui
742 2298 956 2332 incommodo
976 2298 1170 2332 Schefferus
1191 2307 1395 2331 succurrere
1418 2297 1538 2338 voluit,
1561 2306 1641 2330 con-

171 2342 323 2384 jiciens:
353 2342 502 2374 Joculare
529 2343 598 2384 hoc,
623 2343 676 2375 vel
691 2343 826 2383 jocular'
848 2354 882 2375 oc
906 2342 967 2374 tibi
987 2342 1122 2376 videtur.
1164 2342 1282 2374 Secuti
1309 2350 1378 2372 non
1400 2340 1513 2382 pauci,
1535 2341 1640 2372 etiam

179 2386 295 2418 Bentl.
339 2385 407 2417 Sed
423 2395 522 2427 aeque
538 2386 660 2418 durum
677 2386 815 2418 videtur
826 2387 1036 2426 Burmanno‚
1051 2385 1108 2417 hoc
1122 2385 1251 2426 dicere,
1272 2384 1331 2416 ubi
1346 2383 1430 2415 nihil
1444 2383 1500 2415 vel
1513 2392 1641 2425 pra’ce·

180 2428 244 2468 dit,
266 2429 321 2461 vel
344 2433 465 2470 postea
481 2427 630 2461 additur.
675 2429 710 2461 Si
725 2439 826 2469 genus
850 2428 1035 2468 scribendi,
1062 2429 1118 2461 vel
1140 2428 1250 2460 simile
1273 2426 1355 2469 quid
1378 2426 1528 2467 adesset,
1546 2426 1640 2458 foret

179 2471 372 2511 tolerabile,
388 2472 448 2504 sed
461 2472 518 2504 hoc
532 2473 653 2504 omisso
667 2473 714 2512 τῷ
724 2481 823 2512 genus
835 2473 867 2504 ei
884 2482 950 2504 non
963 2473 1091 2513 placet,
1101 2475 1137 2503 et
1154 2470 1362 2512 intelligere,
1374 2469 1490 2501 durior
1502 2473 1538 2502 et
1550 2470 1642 2501 inso-

179 2515 306 2547 lentior
321 2521 411 2547 esset
423 2515 566 2557 ellipsis.
611 2514 704 2548 Hinc
719 2524 762 2547 ex
775 2515 909 2546 Heinsii
926 2520 962 2547 et
971 2514 1139 2548 Schefferi
1151 2513 1447 2546 emendationibus
1459 2513 1545 2544 hanc
1559 2521 1639 2544 con-

180 2557 343 2590 flaverat:
366 2559 528 2591 Joculares
539 2558 600 2590 tibi
614 2559 764 2599 videmur,
783 2561 815 2590 et
839 2567 912 2590 sane
926 2558 998 2597 levi,
1022 2559 1111 2590 Dum
1131 2557 1212 2589 nihil
1232 2557 1376 2588 habemus
1389 2555 1501 2596 majus,
1521 2555 1639 2587 calamo

180 2603 326 2633 ludimus.
369 2602 438 2634 Sed
454 2602 533 2644 quia
544 2602 661 2634 Bentl.
676 2601 819 2641 joculare
833 2605 968 2633 tantum
984 2601 1027 2632 de
1044 2600 1157 2638 rebus,
1183 2610 1250 2631 non
1279 2598 1448 2640 personis,
1464 2598 1533 2629 dici
1559 2607 1638 2629 con·

181 2645 357 2686 tendebat,
371 2645 436 2687 (ita
449 2646 552 2678 etiam
568 2645 689 2678 statuit
701 2643 882 2677 Withofius
895 2644 917 2676 l.
931 2653 960 2676 c.
971 2643 1113 2675 laudans
1129 2642 1250 2675 Sidon.
1265 2641 1379 2684 Apoll.
1394 2640 1484 2683 Epil.
1501 2641 1538 2672 L.
1550 2649 1590 2672 11.
1605 2643 1638 2673 9.

180 2687 240 2719 fin.
254 2687 341 2719 Hor.
363 2688 436 2720 Sat.
452 2697 476 2721 1.
504 2690 531 2720 1.
553 2686 624 2729 23.)
648 2687 781 2720 Heinsii
797 2686 946 2728 vestigia
961 2695 1118 2728 premens
1145 2685 1302 2727 legebat:
1326 2684 1486 2715 Joculares
1510 2683 1569 2715 tihi
1591 2683 1638 2714 vi-

180 2731 306 2770 dentur,
320 2731 375 2772 (et
386 2741 460 2763 sane
474 2732 545 2771 levi,
560 2732 605 2763 D.
622 2741 653 2763 u.
671 2731 702 2764 h.
715 2742 758 2763 m.
773 2741 800 2763 c.
817 2730 864 2771 l.)
908 2729 971 2762 Sed
989 2729 1157 2769 diligenter
1168 2729 1288 2760 intuere
1301 2728 1357 2759 has
1369 2726 1487 2758 noenius
1497 2737 1510 2764 ;
1533 2731 1571 2758 ut
1584 2726 1639 2766 jo-

181 2775 301 2805 culares
315 2775 426 2806 noem'ae
443 2774 612 2814 dicantur,
633 2778 674 2807 ut
689 2776 699 2792 ‘
714 2774 796 2806 viles
808 2773 929 2805 naeniae
940 2776 949 2789 ’
961 2772 1054 2804 Prol.
1070 2773 1109 2804 L.
1122 2780 1179 2804 m.
1190 2774 1243 2805 10.
1253 2770 1438 2803 Tzschuck.
1452 2769 1638 2801 levimuta·

182 2817 274 2849 tione
306 2817 372 2859 legi
411 2827 511 2860 posse
538 2818 727 2860 existimat,
764 2817 909 2851 Joculari
933 2816 1085 2848 videmur.
1142 2815 1246 2853 Varia
1285 2823 1420 2857 quoque
1449 2812 1638 2854 conjiciunt
