1806 3236
211 207 295 251 194
499 217 700 249 ruffina!
735 214 1045 249 FABULARUM
1079 216 1381 250 AEsot’mnum

212 315 300 357 Sed
321 316 442 357 certa
459 314 570 357 ratio
590 326 774 356 causam
793 313 1014 357 scribendi
1033 314 1167 357 dedit.

210 381 376 435 Quare,
398 382 643 434 Peniculo,
664 382 872 437 quoniam
892 382 1064 438 caperis
1079 382 1260 434 fabulis,
1611 382 1666 426 10

207 451 353 503 (Quas
372 450 612 505 AEsopea5‚
632 463 722 492 non
740 449 920 504 AEsopi‚
941 450 1132 500 nomino,

208 519 384 561 Paucas
406 518 599 561 ostendit
618 518 708 570 ille,
728 531 808 573 ego
829 518 975 574 plures
995 517 1179 568 dissero,

207 586 329 628 Usus
348 589 520 629 vetusto
539 598 709 640 genere,
730 585 808 628 sed
827 586 962 628 rebus
982 586 1108 628 novis
1124 583 1161 640 ;)

208 654 426 706 Quartum
447 653 641 696 libellum
661 666 777 696 nunc
797 653 954 696 vacive
975 653 1190 708 perlegeS.

203 777 323 810 stantia
345 776 423 809 mihi
444 775 579 817 praebuie
604 785 713 808 ansam
734 777 966 808 exat-undarum
979 774 1185 816 fabularum,
1199 776 1254 807 sed
1267 774 1352 807 ratio
1366 774 1555 808 indubitata.
1580 776 1665 814 Quo-

204 823 298 858 circa,
315 820 487 860 Particub,
501 829 569 850 cum
584 819 745 851 delecteris
751 818 873 858 fabulis
891 829 967 860 quas
979 818 1127 860 inscripsi
1132 817 1261 858 fabulas
1281 817 1438 860 AEsopt'as,
1459 828 1521 851 non
1540 819 1664 861 AEsopi,

203 865 276 906 quia
290 863 452 905 scripserit
465 872 592 905 paucas,
607 872 664 904 ego
679 863 810 895 exaravi
825 862 950 904 multas,
960 871 1087 904 sequens
1099 864 1232 895 veterem
1253 861 1419 904 rationem,
1438 862 1492 895 sed
1513 861 1665 896 inserens

1037 946 1056 959 0

205 1002 349 1036 inclinat
365 1003 589 1036 Burmannus.
635 1002 788 1035 Eandem
817 1006 1027 1045 receperunt
1041 1003 1172 1035 Danet.
1194 1001 1351 1035 Maittar.
1371 1000 1415 1034 al.
1461 1000 1666 1044 suspicatur

203 1051 318 1079 autem
336 1046 459 1087 Faber,
483 1046 584 1088 rudes
602 1046 760 1078 librarios
775 1055 794 1078 e
807 1045 918 1087 primu
934 1045 1057 1078 fecisse
1078 1045 1180 1088 prius,
1195 1044 1288 1088 quod
1302 1044 1383 1087 quia
1397 1053 1464 1077 nou
1480 1044 1665 1086 responde·

204 1095 259 1123 ret
272 1090 319 1129 τῷ·
331 1090 426 1130 color,
439 1089 523 1121 alios
541 1089 756 1131 rescripsisse
769 1089 869 1130 prior.
915 1089 1045 1122 Contra
1066 1088 1282 1121 Desbillonio
1306 1097 1388 1120 vero
1415 1087 1552 1120 videtur
1574 1087 1664 1120 simi-

202 1133 278 1174 lius,
291 1133 467 1165 librarium
483 1132 660 1175 scripsisse
675 1142 738 1175 per
753 1131 994 1174 compendium
1016 1132 1118 1174 privs,
1147 1141 1192 1164 ex
1219 1140 1287 1173 quo
1302 1131 1392 1163 alter
1405 1128 1531 1163 fecerit
1551 1130 1664 1173 prius,-

201 1175 337 1208 demum
354 1176 507 1215 tertium,
532 1175 589 1218 qui
619 1175 844 1207 soloecismum
872 1176 1045 1217 corrigere
1059 1175 1220 1214 voluerit,
1243 1173 1436 1215 reposuisse
1448 1173 1549 1216 prior.
1591 1173 1665 1206 Sal-

202 1219 328 1251 masius
343 1218 553 1260 conjiciebat
572 1219 722 1260 Colorque
735 1218 845 1259 purior
852 1228 866 1256 ,·
888 1217 973 1251 Ant.
988 1217 1144 1250 AEmilius
1158 1217 1194 1249 in
1210 1226 1271 1249 ora
1286 1216 1423 1249 Codicis
1445 1215 1497 1248 sui
1513 1216 1665 1258 Colorque

198 1261 754 1346 {tifissggaffffssississisz‘ffl
763 1261 909 1336 9ᾞὲἶέ
922 1258 1667 1345 ‘¹333tet¹32³⁰3210205¹22¹3¹r⁸¹³³1¹¹1⁰&3532

202 1348 242 1380 In
257 1349 342 1380 Mss.
358 1348 452 1380 Pith.
467 1348 565 1380 Rem.
582 1351 620 1379 et
635 1346 727 1380 Edit.
742 1348 823 1379 Vet.
848 1347 975 1389 legitur
996 1347 1154 1388 AEsopias.
1197 1346 1267 1378 Sed
1296 1349 1335 1378 ut
1360 1348 1536 1377 constaret
1561 1345 1663 1378 metri

200 1391 303 1431 ratio,
329 1390 584 1423 emendandum
618 1388 686 1422 fuit
712 1390 875 1432 AEsopeas,
913 1390 1004 1433 quod
1030 1388 1211 1422 Αἱσωπείοις
1240 1388 1350 1428 λόγοις
1379 1388 1582 1421 Graecorum
1609 1397 1663 1421 re-

194 1434 450 1476 'spondete-12
473 1434 596 1465 Paucas
616 1433 754 1465 ostendit
779 1433 843 1465 ille.
879 1433 962 1465 Fide
989 1432 1097 1466 Gudii
1121 1433 1157 1464 in
1181 1432 1250 1464 Ms.
1276 1433 1374 1464 Rem.
1402 1431 1540 1472 legitur,
1564 1431 1664 1468 Quasi

195 1488 314 1519 paucas
328 1477 381 1509 ille
395 1477 530 1510 ostendit
540 1487 553 1514 ‚·
568 1480 604 1509 at
619 1476 808 1517 Neveletus
826 1480 973 1509 testatur
985 1476 1020 1508 in
1035 1476 1079 1508 V.
1096 1476 1136 1508 C.
1153 1475 1282 1507 Pithoei
1300 1473 1459 1512 inveniri,
1473 1473 1664 1516 Quasipau-

198 1530 251 1552 cas
265 1521 327 1552 tale
338 1521 485 1552 ostendit.
528 1519 587 1551 Sic
609 1519 679 1560 legi
705 1519 750 1559 in
768 1523 913 1561 utroque
936 1519 1064 1562 Qodice
1086 1517 1267 1551 confirmat
1278 1526 1413 1560 quoque
1427 1517 1545 1550 Bentl.
1589 1517 1663 1550 Sed

199 1564 229 1596 G
236 1563 335 1596 udins
351 1562 606 1595 verosimillima
622 1562 822 1604 conjectura
838 1561 957 1604 abjicit
971 1563 1203 1604 importunam
1227 1561 1383 1594 voculam
1406 1561 1509 1602 quasi,
1533 1559 1664 1603 repeti-

198 1611 268 1639 tam
283 1617 303 1639 a
317 1606 464 1638 librariis
477 1615 520 1638 ex
537 1605 769 1647 praecedentis
784 1614 902 1637 versus
929 1605 1039 1646 initio,
1062 1613 1232 1647 reponens
1259 1614 1278 1635 e
1305 1603 1393 1637 Cod⁴
1416 1603 1514 1636 Rem.
1540 1603 1663 1636 Paucas

198 1649 332 1681 ostendit
359 1649 424 1688 ille,
453 1648 544 1691 quod
575 1652 782 1690 receperunt
812 1647 960 1690 Hoogst.
991 1649 1109 1681 Richt.
1146 1647 1277 1680 Leonh.
1313 1646 1456 1688 Bipont.
1481 1650 1520 1679 et
1545 1646 1662 1688 placet

198 1693 365 1724 Walchio.
411 1693 525 1724 Etiam
542 1692 729 1724 Burmann.
746 1692 845 1723 istam
861 1691 1066 1733 particulam
1082 1691 1263 1723 delendam
1277 1693 1410 1729 censet,
1429 1689 1498 1730 legi
1518 1689 1659 1731 jubens,

201 1736 266 1772 Qui
278 1745 393 1777 paucas
413 1734 563 1775 ostendit,
587 1734 755 1776 probante
782 1734 922 1767 Jacobs.
951 1735 987 1766 in
1015 1734 1216 1766 Observatt.
1241 1732 1286 1765 ad
1313 1732 1451 1765 Phaedr.
1479 1732 1540 1764 eit.
1579 1731 1660 1765 Alio

198 1778 299 1810 modo
316 1782 430 1810 tamen
457 1778 624 1809 lectiones
639 1776 750 1809 Codd.
774 1777 860 1808 Mss.
881 1777 1047 1809 exhibent
1069 1777 1169 1809 Brot.
1193 1780 1230 1808 et
1246 1775 1392 1808 Desbill.
1437 1774 1502 1807 Ine
1518 1774 1608 1807 enim
1623 1774 1660 1807 iu

202 1822 286 1853 Mss.
302 1821 396 1853 Pith.
414 1821 511 1852 Rem.
527 1825 564 1852 et
578 1829 644 1852 non
661 1819 780 1861 paucis
796 1819 1014 1852 Editionibus
1035 1820 1084 1852 ait
1100 1819 1184 1861 legi,
1208 1818 1309 1855 Quasi
1323 1826 1441 1860 paucas
1463 1818 1633 1850 ostenden-it
1648 1829 1661 1856 ‚-

196 1864 252 1896 hic
268 1873 349 1896 vero
365 1868 464 1896 notat
480 1863 522 1895 ad
540 1863 572 1894 h.
588 1864 610 1895 l.
634 1863 644 1880 ‘
663 1862 811 1895 Pithoeus
839 1862 873 1894 in
900 1872 959 1894 suo
988 1862 1072 1895 Cod.
1094 1863 1162 1894 Ms.
1179 1861 1327 1894 invenit:
1353 1860 1454 1897 Quasi
1476 1870 1594 1902 paucas
1606 1861 1660 1894 ille

195 1907 343 1948 ostendit,
364 1906 456 1939 unde
472 1905 623 1938 confecit
637 1910 673 1938 et
697 1905 820 1946 edidit,
846 1905 947 1942 Quasi
969 1915 1084 1947 paucas
1108 1904 1291 1937 ostenderit.
1333 1904 1445 1937 Quam
1473 1903 1658 1936 lectionem

196 1960 263 1982 non
280 1951 381 1991 pauci
398 1949 558 1982 Editores
573 1948 807 1982 admiserunt.'
854 1948 1041 1991 Explicant
1057 1952 1172 1981 antem
1186 1946 1226 1979 τὸ
1239 1946 1444 1989 quasi,quia.
1482 1946 1653 1988 Cuningh.

197 1993 404 2034 suspicatur,
420 1991 557 2035 poetani
574 1991 773 2033 scripsisse:
799 1991 878 2023 Cum
891 2000 1006 2033 paucas
1018 1992 1071 2024 ille
1086 1990 1277 2029 ostenderim
1299 1988 1489 2022 Tzschnck.
1515 1990 1603 2026 Quos
1615 1990 1658 2030 si,

197 2040 236 2068 ut
257 2035 425 2068 Phaedrus
448 2044 587 2068 causam
611 2033 746 2067 afferat.
767 2033 913 2076 [Anton.
940 2035 1064 2067 Paucas
1086 2034 1140 2076 qui
1161 2043 1204 2066 os.
1229 2043 1286 2074 ego
1310 2033 1364 2064 iao
1385 2033 1488 2074 plures
1513 2033 1657 2076 diesem]

197 2078 337 2121 Guyeto
352 2079 407 2111 hic
423 2088 540 2111 versus
556 2082 737 2120 suspectus
751 2078 906 2118 videtur3
929 2077 1090 2110 Sanadon
1105 2086 1186 2109 vero
1208 2082 1246 2109 et
1267 2075 1420 2118 Philipp.
1435 2075 1581 2107 eundem
1597 2075 1657 2108 ab·

189 2122 328 2164 jiciunt.
374 2122 577 2163 Perperam.
613 2122 742 2154 dissero.
759 2120 892 2154 Gudius
905 2122 1068 2162 disseram,
1083 2130 1101 2152 e
1117 2119 1329 2162 conjectura.
1366 2118 1484 2151 secuti
1500 2119 1656 2152 Maittar.

198 2166 344 2206 Hoogst.
360 2165 474 2198 Richt.
490 2165 707 2197 Leonli.—14
732 2164 889 2200 Quartum
904 2164 1050 2196 libellum.
1083 2163 1140 2196 Ita
1164 2162 1257 2195 edidi
1283 2172 1303 2194 e
1324 2162 1410 2194 Mss.
1436 2161 1530 2194 Pith.
1557 2162 1655 2195 Rem.

196 2213 232 2239 et
245 2208 353 2240 Editt.
371 2208 467 2241 Vett.
483 2208 612 2249 Rigalt.
627 2210 660 2239 2.
683 2207 807 2240 Nevel.
824 2207 981 2246 Meursii,
997 2206 1119 2249 quibus
1134 2210 1262 2248 praeter
1277 2203 1443 2238 Scheffer.
1459 2204 1655 2238 Schutzium

197 2251 284 2293 (Ji-it.
301 2252 334 2282 in
350 2251 488 2284 Phaedr.
505 2250 593 2283 Obs.
611 2260 646 2292 p.
661 2252 694 2282 9.
739 2250 868 2281 Danet.
898 2250 1018 2282 Didot.
1049 2249 1179 2292 Guyet.
1197 2248 1356 2281 Maittar.
1373 2248 1473 2280 Brot.
1499 2248 1660 2281 obsecuti
1686 2255 1689 2258 ’

197 2294 337 2335 Bipont.
382 2293 475 2325 Satis
491 2294 581 2325 enim
597 2294 683 2325 hanc
698 2291 882 2325 lectionem
898 2292 1072 2325 vindicant
1088 2302 1163 2324 cum
1177 2291 1342 2323 librorum
1354 2290 1560 2332 scriptorum
1576 2301 1655 2324 auc-

197 2337 333 2376 toritas,
350 2340 422 2368 tum
439 2345 497 2368 111.
520 2336 613 2369 Prol.
628 2339 680 2368 29.
727 2337 849 2377 Neque
877 2335 977 2377 objici
1003 2339 1133 2377 potest,
1164 2333 1317 2371 Quintum
1342 2334 1456 2376 potius
1481 2333 1654 2367 dicturum

196 2379 302 2412 fuisse
317 2379 513 2420 Phaedrum,
526 2388 603 2410 curn
618 2379 811 2411 luculenter
827 2383 976 2419 constet,
992 2379 1172 2420 prologum
1190 2382 1359 2418 nostrum,
1380 2376 1552 2409 immerito
1566 2376 1654 2409 libro

195 2432 230 2453 v.
256 2423 485 2465 praepositum‚
502 2422 675 2463 pertinere
691 2421 735 2452 ad
751 2421 811 2452 lib.
828 2431 878 2453 tv.
905 2425 941 2453 et
956 2422 1092 2454 omnino
1117 2421 1343 2462 Prologorum
1365 2424 1401 2452 et
1430 2419 1653 2462 Epilogorum

194 2466 349 2497 ordinem
366 2466 399 2497 in
415 2465 510 2497 libris
521 2465 660 2506 scriptis
690 2464 864 2496 turbatum
892 2474 1105 2506 comparere.
1150 2464 1219 2496 Sed
1235 2463 1383 2502 Gudins‚
1412 2463 1651 2495 strenuuslec-

195 2509 294 2540 tionis
310 2508 459 2550 vulgatae
476 2508 703 2547 obtrectator,
727 2507 842 2538 invitis
871 2507 1076 2539 membranis
1092 2506 1310 2539 scribendum
1324 2510 1494 2545 autumat,
1511 2505 1650 2541 Quarum

194 2551 341 2592 libellum,
357 2561 403 2584 sc.
420 2550 623 2589 fabularum,
639 2560 713 2593 quae
742 2549 896 2591 proxime
921 2550 1135 2591 praecedunt.
1179 2549 1267 2583 Quae
1292 2547 1491 2580 emendatio
1520 2549 1650 2580 aBur·

194 2604 318 2626 manno
334 2594 476 2636 aliisque
500 2594 613 2626 multis
639 2597 781 2633 recepta
796 2598 860 2624 est.
908 2592 1006 2632 Aliis,
1033 2599 1071 2624 ut
1102 2592 1279 2624 scabrities
1304 2592 1445 2623 tollatur
1468 2594 1505 2622 et
1530 2595 1648 2631 partes

194 2638 312 2669 melius
329 2637 538 2677 cohaereant,
553 2637 635 2669 alias
651 2637 823 2676 laceratae,
838 2635 954 2676 placet
970 2636 1109 2675 Harum,
1125 2644 1156 2666 e.
1173 2645 1206 2675 g.
1223 2635 1362 2666 Lallem.
1377 2633 1569 2665 Tzschuck.
1584 2636 1649 2666 ἀς.

194 2679 263 2711 Alii
279 2681 411 2712 huncce
427 2680 614 2721 Prologum
629 2679 671 2710 ad
687 2678 749 2711 lib.
766 2689 797 2710 v.
821 2677 1021 2715 referentes,
1049 2678 1116 2718 legi
1128 2678 1248 2709 volunt
1266 2677 1434 2716 Quintum,
1459 2680 1498 2708 ut
1513 2676 1648 2708 Ouver-

194 2723 263 2763 ing.
281 2723 397 2755 Ursin.
415 2723 579 2765 Cuningh.
608 2722 723 2754 Bentl.
749 2721 897 2753 Desbill.
942 2721 1115 2754 Meursius
1137 2720 1236 2751 nimis
1264 2720 1406 2751 licenter
1431 2718 1485 2751 bic
1510 2727 1646 2751 versum

195 2765 365 2797 excidisse
382 2767 518 2798 clamat.
543 2776 622 2798 nunc
637 2764 742 2797 vacive
750 2765 901 2806 perleges.
933 2765 1038 2797 Teste
1054 2765 1153 2796 Brot.
1178 2763 1210 2794 in
1236 2763 1318 2794 Mss.
1332 2762 1422 2793 Pith.
1438 2766 1475 2793 et
1491 2762 1586 2794 Rem.
1602 2763 1647 2794 le·

194 2808 285 2849 gitur
300 2819 308 2840 :
326 2810 398 2842 dum
414 2809 512 2841 variae
528 2810 583 2841 vel
599 2810 685 2841 varie
698 2809 849 2851 perleges,
865 2807 1001 2840 turbato
1013 2811 1137 2840 metro:
1156 2816 1218 2849 pro
1235 2816 1300 2849 quo
1308 2805 1380 2847 jam
1394 2802 1474 2837 olim
1490 2804 1645 2838 Pithoeus
