1806 3236
233 194 319 238 512

696 206 840 239 NO'I'AE
873 209 1139 244 VARIORUM
1174 213 1224 244 IN

776 506 1033 552 FABULA
1081 511 1148 554 X.

274 645 487 680 Periculosum
512 651 559 681 est
586 650 711 683 credere
732 654 764 683 et
786 662 848 685 non
870 663 935 686 cre-

227 697 318 739 dere]
368 699 422 731 De
448 700 649 733 maritorum
683 712 767 744 erga
793 713 934 736 uxorum

228 758 327 781 casus
357 750 638 794 incredibilitate,
666 754 840 796 nimiaque
860 765 934 788 cre-

227 797 385 842 dulitate,
398 801 422 832 1.
436 804 491 834 29.
509 804 555 835 D.
571 803 613 835 ad
631 804 652 837 l.
667 803 738 838 Jul.
754 805 798 837 de
810 805 933 840 Adult.

229 849 307 890 Rig.
329 851 463 892 [Bentl.
481 853 523 886 P.
537 857 568 885 et
582 854 683 895 πρῲ]

269 903 290 932 2
315 901 495 945 Exponam]
530 904 701 938 Narrabo.
750 905 807 938 Ita
829 907 932 940 Corn.

226 950 319 992 Nep.
340 950 415 985 Att.
439 963 468 985 c.
486 956 539 985 18.
563 955 573 972 ‘
589 955 770 998 Versibus,
792 957 851 999 qui
874 958 931 990 ho-

223 1009 306 1033 nore
323 1006 468 1036 caeteros
490 1005 738 1050 praestiterunt,
750 1008 931 1050 exposuit!

224 1051 340 1092 Schef.

266 1106 286 1135 3
313 1104 417 1147 Obiit]
438 1106 505 1140 Ms.
522 1107 598 1140 obit.
633 1107 726 1141 Gud.

267 1154 420 1188 Novercae
437 1159 592 1190 creditum
612 1159 675 1200 est]
698 1159 929 1195 Sententiose.

221 1204 269 1236 Et
284 1204 350 1238 huc
367 1208 520 1248 pertinet
536 1209 761 1251 impersonale
774 1211 929 1244 verbum.

221 1255 358 1288 Nomen
373 1266 532 1290 novercae
548 1258 614 1292 fuit
627 1260 788 1293 Phaedra.
822 1261 928 1302 Sches.
944 1299 947 1301 ,

262 1308 284 1337 4
309 1307 495 1340 Cassandrae
516 1310 589 1351 quia
609 1320 669 1342 non
682 1311 847 1353 creditum,
859 1313 927 1344 ruit

220 1355 333 1397 Ilium]
368 1358 463 1400 Virg.
494 1359 570 1392 AEn.
597 1370 640 1392 11.
669 1361 796 1393 ‘Tunc
821 1362 924 1394 etiam

217 1405 299 1438 fatis
325 1408 439 1450 aperit
469 1409 662 1442 Cassandra
683 1410 808 1444 futuris
837 1411 923 1454 Ora,

218 1456 288 1489 Dei
307 1457 410 1499 jussu
434 1469 501 1491 non
524 1460 672 1502 unquam
688 1460 822 1493 credita
835 1462 923 1494 Teu—

218 1507 310 1542 cris.’
333 1509 436 1551 Nam,
448 1514 486 1542 ut
500 1510 544 1543 de
555 1512 675 1543 eadem
693 1512 741 1544 ait
752 1512 923 1554 Tryphio-

217 1558 320 1590 dorus
348 1559 470 1592 Halosi
495 1561 574 1594 Ilii:
597 1561 660 1600 Τὴν
680 1561 743 1604 ’γὰρ
759 1562 924 1596 Ἀπόλλων

216 1609 407 1652 Ἀμφόα-ερον
419 1609 529 1651 μάντιν
541 1612 568 1643 τ’
583 1612 702 1653 ἀγαθὸν
719 1612 772 1646 καὶ
793 1613 924 1646 ἄπιστον

216 1658 318 1698 ἔθηκε.
333 1672 342 1678 ’
367 1661 408 1693 Id
445 1666 518 1703 est;
549 1664 691 1695 Dederat
718 1663 792 1695 huia
818 1674 923 1704 augur

215 1712 338 1753 Apollo,
357 1713 437 1744 Esse
449 1713 559 1745 bonam
573 1718 688 1756 vatem,
703 1716 757 1747 sed
774 1725 835 1746 non
854 1726 920 1748 cre-

214 1762 315 1794 denda
327 1762 462 1803 profari.
486 1764 532 1796 Et
546 1765 636 1805 apud
654 1765 698 1798 Q.
710 1765 923 1806 Smyrnaeum

215 1813 416 1855 paralipom.
440 1813 617 1846 Homeric.
633 1814 691 1846 lib.
708 1823 776 1847 xu.
797 1814 858 1853 Οἴη
872 1814 923 1855 ἔμ-

213 1864 307 1895 πεδον
324 1862 400 1905 ἦτορ
420 1862 494 1905 ἔχεν
514 1863 640 1896 πινντόν
659 1877 695 1896 τε
716 1864 815 1904 νόημα
837 1869 923 1897 Κασ-

214 1913 340 1956 σάνδρη.
356 1915 413 1953 τῆς
427 1915 531 1947 οὔποτ’
543 1915 615 1947 ἔπος
627 1914 729 1954 ’γένετ’
739 1913 936 1957 ἆκράαννον,»

212 1965 300 1997 Ἀλλ’
328 1964 372 2006 ἄρ’
398 1964 549 2007 ἐτήτυμον
570 1965 671 1998 ἔσκεν·
687 1964 817 1997 ἀκούετο
836 1966 863 1998 δ’
886 1964 922 1998 ἔκ

214 2027 296 2048 τινος
311 2016 411 2054 αἴσης.
436 2017 483 2049 Et
495 2021 574 2058 post
587 2028 595 2049 ε
612 2017 667 2049 Ὣς
678 2015 848 2056 ἀνεμώλιον
855 2015 922 2059 ἦεν,

208 2066 249 2097 ἵν’
260 2065 363 2106 ἄλγεα
377 2066 476 2108 Τρωσὶ
486 2064 627 2106 γένηται.
659 2068 756 2109 Κῆρες
769 2066 831 2108 ’γὰρ
844 2065 920 2099 πάν-

211 2129 275 2149 των
299 2117 369 2149 νόον
395 2116 542 2154 ἔκβαλον.
578 2118 732 2150 Quorum
760 2126 919 2150 versuum

212 2168 420 2200 sententiam
435 2169 484 2199 sic
507 2167 636 2209 placuit
659 2166 791 2199 Latinis
805 2168 918 2209 expri-

211 2229 325 2251 mere:
349 2219 417 2251 Soli
439 2219 542 2250 inerat
556 2227 641 2249 mens
652 2214 755 2260 firma
775 2218 872 2250 animi
885 2221 918 2250 et

208 2271 382 2313 praecordia
408 2271 523 2302 dextra
547 2269 742 2311 Cassandroe,
763 2269 846 2302 haud
860 2280 916 2302 un-

210 2330 302 2362 quam
323 2320 449 2352 verbum
471 2329 585 2352 vanum
607 2329 660 2351 ore
682 2318 830 2361 prosam,
856 2321 917 2353 Cui

208 2380 283 2403 suus
307 2374 433 2403 eventus
455 2381 516 2403 non
533 2370 757 2412 respondisset.-
780 2370 827 2402 At
842 2371 916 2413 ipsi,

210 2422 325 2454 Nescio
338 2432 395 2464 quo
403 2421 489 2461 fato,
501 2431 588 2453 nemo
599 2421 772 2452 auscultare
785 2421 916 2462 volebat,

211 2473 373 2514 Tanquam
401 2472 583 2513 vuniloquoe.
638 2471 781 2511 Troianis
803 2472 915 2512 quippe

205 2522 362 2563 parabant
399 2523 515 2554 Poenas
543 2521 620 2561 fata
656 2532 727 2554 suas
758 2522 913 2564 infligere.

211 2573 303 2604 Coeca
328 2573 459 2615 proinde
497 2572 592 2604 Omm'
626 2571 790 2614 privabant
825 2581 915 2604 sensu

207 2623 388 2664 rationeque
413 2625 516 2656 corda.
561 2622 782 2665 Significatur
797 2627 913 2655 autem

208 2682 273 2714 per
301 2672 375 2705 haec
404 2673 541 2706 caecitas
571 2678 608 2705 et
624 2672 717 2705 furor
741 2672 912 2704 hominum

986 652 1123 686 nemine
1147 653 1184 686 in
1206 654 1354 688 animum
1372 654 1688 699 demittuntur-,sed

987 713 1106 750 omnes
1135 705 1260 738 clausis
1291 706 1399 738 oculis
1425 710 1462 739 et
1491 707 1630 752 mribus
1651 708 1688 741 in

985 763 1082 787 suam
1108 756 1296 797 perniciem
1322 760 1439 789 ruunt.
1481 757 1688 792 Quadam

984 809 1065 837 sunt
1088 806 1162 838 noti
1180 815 1298 838 versus
1313 809 1447 838 veteres
1462 805 1564 839 relati
1586 816 1608 841 a
1620 807 1690 850 Ly-

984 864 1091 897 curgo
1107 856 1140 887 in
1155 856 1309 889 oratione
1325 860 1447 889 contra
1462 856 1686 894 Leucaten:

983 909 1083 938 notus
1107 907 1202 940 locus
1231 907 1356 940 Velleii
1382 907 1564 942 Paterculi
1591 907 1687 944 Hint.

983 955 1042 988 lib.
1058 965 1099 989 11.
1114 962 1216 989 notus
1232 956 1401 989 Ammiani
1417 957 1614 991 Marcellini
1627 958 1686 992 lib.

983 1015 1059 1040 x1v.
1098 1011 1135 1040 et
1163 1017 1258 1041 xvn.
1296 1009 1370 1042 noti
1394 1009 1542 1051 denique
1567 1018 1686 1042 versus

980 1058 1126 1091 Lucani.
1170 1059 1281 1092 Porro
1305 1060 1426 1093 titulus
1449 1054 1549 1102 hujus
1571 1069 1687 1106 nanae

982 1109 1085 1141 tionis
1110 1110 1310 1152 graecissat:
1332 1111 1386 1143 De
1411 1112 1548 1144 Credere
1565 1114 1598 1144 et
1623 1122 1685 1147 m

979 1161 1119 1193 credere:
1140 1160 1209 1203 περὶ
1229 1162 1287 1194 τοῦ
1300 1160 1458 1194 πιστεύειν
1468 1161 1520 1194 καὶ
1533 1162 1685 1204 anmgrv.

979 1211 1036 1243 De
1052 1211 1114 1244 hoc
1131 1218 1245 1244 autem
1268 1217 1478 1255 argumento
1495 1213 1574 1255 lege
1597 1213 1685 1247 Dio-

977 1261 1030 1293 nis
1043 1263 1275 1304 Chrysostomi
1289 1263 1574 1305 elegantissimum
1585 1262 1684 1298 libel-

977 1312 1060 1353 lum,
1075 1323 1096 1345 a
1119 1314 1238 1347 Joach.
1253 1314 1451 1347 Camerario
1465 1314 1588 1347 Latine
1602 1324 1683 1348 con-

977 1372 1111 1395 versum
1128 1367 1164 1395 et
1177 1365 1280 1397 Notis
1294 1365 1514 1398 illustratum.
1548 1364 1680 1398 Notum

976 1417 1030 1445 est
1067 1412 1262 1455 Epicharmi
1299 1425 1432 1458 quoque
1465 1419 1680 1457 praeceptum

975 1463 1177 1505 politicum:
1199 1462 1339 1505 μέμνησο
1352 1465 1514 1498 &twa-ein
1543 1475 1610 1508 quo
1621 1466 1680 1498 ille

975 1517 1137 1556 tanquam
1147 1515 1262 1547 nervis
1273 1520 1310 1547 et
1322 1515 1465 1547 artubus
1475 1514 1680 1556 sapientiam

974 1563 1113 1597 dicebat
1142 1565 1322 1598 contineri.
1367 1565 1468 1600 Quod
1495 1570 1532 1598 et
1556 1565 1679 1600 Cicero

974 1615 1161 1657 saepissime
1177 1615 1340 1648 inculcat.
1376 1615 1422 1647 Et
1441 1618 1540 1651 extat
1562 1624 1679 1649 versus

974 1665 1090 1697 nescio
1116 1665 1213 1707 cujus
1252 1665 1424 1698 auctoris:
1467 1664 1593 1698 uic-rus
1621 1664 1679 1709 δρα

973 1716 1054 1755 ὁμῶς
1076 1715 1128 1748 καὶ
1157 1715 1294 1748 ἀπιστίαι
1317 1717 1440 1748 ὤλεσαν
1463 1715 1583 1759 ἄνδρας.
1627 1716 1678 1749 Ut

973 1770 1090 1798 autem
1116 1767 1171 1798 hic
1198 1766 1297 1798 nimis
1313 1766 1382 1798 cito
1408 1766 1520 1798 credit
1534 1765 1676 1798 maritus

972 1815 1037 1848 iste
1052 1815 1167 1848 liberti
1183 1815 1488 1856 criminationibus,
1511 1816 1560 1848 ita
1583 1816 1676 1858 apud

971 1865 1194 1898 Heliodorum
1224 1865 1423 1908 Aristippus
1458 1866 1674 1899 Demaenetae

971 1916 1070 1948 uxori
1083 1916 1278 1958 privignum
1295 1917 1503 1950 Cnemonem
1519 1915 1603 1949 falso
1615 1916 1675 1950 de-

970 1965 1095 1999 ferenti
1115 1966 1217 1999 fidem
1234 1971 1362 1999 temere
1377 1965 1530 2007 adhibet,
1545 1966 1673 2000 AEthio-

971 2018 1036 2059 pic.
1062 2017 1195 2050 Histor.
1218 2018 1276 2050 lib.
1290 2027 1316 2050 1.
1351 2017 1453 2051 Quod
1479 2018 1674 2060 exemplum

968 2077 1094 2109 augere
1110 2072 1226 2110 potest
1245 2077 1423 2100 numerum
1443 2068 1576 2107 illorum
1592 2074 1672 2101 octo

969 2118 1023 2149 vel
1048 2118 1180 2158 decem,
1201 2117 1244 2150 ab
1270 2117 1519 2159 elegantissimo
1533 2118 1674 2151 Mun-eto

968 2168 1152 2201 relatorum
1169 2164 1253 2202 Var.
1268 2169 1349 2201 lect.
1363 2168 1423 2202 lib.
1438 2178 1463 2201 1.
1482 2171 1533 2201 12.
1564 2169 1650 2202 Ritt.

1011 2219 1093 2251 Ruit
1122 2219 1234 2261 Ilium]
1279 2219 1440 2252 Imitatur
1469 2219 1669 2261 Virgilium:

966 2270 977 2288 ⁴
991 2270 1075 2302 Ruit
1091 2271 1193 2303 Ilium
1209 2275 1246 2303 et
1260 2271 1380 2313 ingens
1394 2270 1517 2304 Gloria
1525 2271 1672 2304 Teucro-

965 2319 1064 2353 rum.’
1103 2321 1190 2353 Gud.
1567 2346 1570 2349 μ

1008 2375 1027 2403 5
1052 2372 1192 2404 Multum
1201 2370 1307 2414 prius]
1319 2372 1541 2415 Conjungunt
1555 2373 1675 2416 vulgo:

966 2421 1035 2453 Sed
1049 2421 1133 2453 illud
1158 2423 1289 2454 multum
1311 2421 1355 2454 ad
1375 2423 1564 2463 exploranda
1579 2421 1668 2455 refe-

966 2471 1120 2503 rendum.
1164 2473 1304 2505 Multum
1325 2472 1416 2504 enim
1437 2473 1492 2504 hic
1515 2476 1580 2513 est,
1595 2471 1666 2512 diu,

949 2542 953 2543 γ
964 2521 1063 2554 bene.
1093 2522 1196 2562 Schef.

1007 2575 1028 2603 6
1049 2573 1179 2604 Judicet
1196 2571 1367 2613 sententia]
1400 2570 1556 2612 Animus,
1573 2571 1665 2613 juni-

964 2623 1075 2663 cium3
1098 2622 1257 2662 effectus,
1279 2632 1343 2665 pro
1364 2620 1535 2654 efficiente
1550 2631 1667 2663 causa,

963 2677 1046 2704 nota
1069 2673 1191 2713 figura.
1222 2671 1330 2711 Schef.
1373 2670 1428 2703 An
1445 2671 1665 2704 scribendum

209 2723 463 2756 imminentibus
491 2725 599 2766 poenis
619 2723 792 2762 fatalibus,
809 2733 912 2765 quan·
953 2721 1104 2763 judices?
1126 2723 1244 2755 Guiet.
1288 2723 1346 2755 Ita
1364 2726 1400 2754 et
1423 2721 1585 2754 Heinsius
1608 2732 1665 2755 co-

208 2772 253 2805 do
270 2783 351 2806 sana
366 2774 507 2806 consilia
521 2779 556 2807 et
571 2774 732 2807 salutaria
748 2774 878 2807 monita
892 2783 913 2805 a

963 2774 1031 2807 dici
1047 2784 1108 2807 suo
1121 2774 1374 2815 adscripscrat:
1393 2772 1453 2804 sed
1469 2772 1551 2804 nihil
1566 2782 1663 2815 opus,
