1806 3236
231 183 318 227 566

684 191 829 224 NOTAE
859 191 1125 225 VAmoRUM
1159 193 1211 224 ΙΝ

233 287 358 320 Matris
400 296 532 328 magnae
577 286 696 320 Gallus
728 288 932 330 amputatis
978 286 1156 320 Jusseraa’
1188 286 1287 322 Quod
1302 287 1486 331 Nicolaum
1500 287 1686 331 Heium

233 342 356 381 sponte
383 336 609 379 genitalibus‚’
634 338 751 370 Valer.
776 338 837 371 lib.
861 347 932 371 vn.

234 398 266 423 c.
281 392 314 423 7.
355 389 446 422 Vide
472 393 510 421 et
524 387 663 430 Apulei.
685 389 745 422 lib.
760 398 842 422 viu.
884 389 933 421 Hi

233 440 389 474 solebant
403 440 525 481 stipem
537 449 674 482 cogere,
684 445 719 472 et
731 444 827 473 certe
838 441 935 481 larga

235 491 326 533 stipe
342 490 564 524 donabantur.
609 491 662 523 De
678 491 788 524 Gallis
808 491 850 523 iis
866 491 933 523 Lu-

234 541 364 574 cretius
391 541 450 574 lib.
467 550 508 574 11.
522 544 597 574 624.
621 542 631 560 ‘
649 542 740 584 Ergo
764 552 840 575 cum
864 542 934 584 pri-

234 602 325 624 mum
341 602 479 634 magnas
494 593 630 625 invecta
645 603 707 635 per
723 593 835 632 urbes,
857 594 934 626 Mu-

234 643 353 676 uificat
383 644 489 676 tacita
511 645 672 677 mortales
696 649 790 677 muta
814 645 937 686 salute,

235 694 315 726 AEre
356 699 461 736 atque
500 699 642 736 argento
678 699 836 728 sternunt
868 695 936 728 iter

236 753 334 776 omne
351 744 492 785 viarum,
515 745 685 787 Largifica
710 746 800 787 stipe
824 745 936 778 ditan-

236 799 303 835 tes,
333 794 546 837 pinguntque
575 805 727 828 rosarum
766 795 936 836 Floribus,

234 846 433 879 umbrantes
459 847 608 879 Matrem
630 847 858 890 comitumque
883 856 938 879 ca-

235 896 394 929 tervam!
438 897 560 930 Cicero
586 898 630 930 de
655 898 800 939 legibus,
821 897 880 930 lib.
895 906 936 930 11.

236 948 346 989 primo
384 948 475 980 inter
515 949 608 991 leges
661 959 683 981 a
715 959 752 982 se
787 950 937 991 scriptas

237 999 326 1031 hanc
351 999 475 1031 habet:
500 1000 510 1018 ‘
528 1000 666 1032 Praeter
688 1000 792 1033 Idaeae
818 1000 937 1033 matris

237 1042 392 1090 famulos,
431 1060 556 1092 eosque
589 1051 695 1093 justis
735 1051 871 1092 diebus,
895 1061 938 1083 ne

239 1101 314 1142 quis
338 1100 464 1142 stipem
489 1101 628 1143 cogito!
673 1102 801 1135 Postea
827 1102 862 1134 in
891 1103 940 1135 le-

239 1161 318 1192 gum
347 1152 486 1185 istarum
521 1153 753 1195 explicatione
782 1154 827 1187 ad
851 1155 939 1187 hane

238 1202 350 1246 legem
385 1203 450 1236 hoc
494 1204 618 1237 babet:
655 1204 665 1222 ‘
693 1205 826 1247 Stipem
866 1216 940 1238 sus-

239 1253 393 1294 tulimus,
417 1254 481 1286 nisi
506 1264 592 1296 eain,
621 1266 721 1298 quam
747 1256 791 1288 ad
815 1266 940 1298 paucos

240 1302 312 1335 dies
327 1304 500 1346 propriam
522 1305 627 1338 Idaeae
655 1306 777 1338 Matris
804 1307 942 1348 excepi-

240 1363 334 1395 mus;
356 1354 477 1397 implet
496 1356 588 1388 enim
610 1357 853 1398 superstitione
869 1357 941 1390 ani-

240 1413 325 1451 mos,
337 1410 373 1438 et
387 1406 547 1439 exhaurit
558 1407 701 1440 domos!
726 1409 813 1440 Gud.

249 1491 252 1494 Δ
287 1456 430 1498 Cybeles]
452 1457 502 1489 Ut
524 1457 658 1490 Graecis
688 1462 758 1490 tam
781 1459 816 1490 in
840 1468 943 1500 prosa

242 1516 343 1548 quam
359 1517 460 1540 vorsa
469 1509 623 1541 oratione
637 1510 725 1542 alma
738 1511 853 1542 Deum
867 1511 944 1542 Ma-

242 1561 295 1589 ter
325 1556 420 1591 dicta
446 1563 499 1591 est
522 1564 559 1592 et
584 1558 718 1598 Κυβήβη
744 1564 781 1592 et
805 1558 946 1603 Κυβέλη,

241 1608 290 1641 sic
317 1609 422 1642 etiam
443 1609 564 1642 eadem
588 1611 721 1643 Latinis
744 1611 778 1643 in
802 1616 946 1654 utraque

205 1686 212 1697 ,
243 1659 398 1693 oratioue
428 1664 501 1693 tum
525 1661 644 1704 Cybebe
674 1661 807 1704 syllaba
833 1661 946 1694 media

243 1710 425 1751 producta,
447 1716 519 1744 tum
539 1712 652 1754 Cybele
677 1713 810 1755 syllaba
824 1712 944 1745 eadent

243 1769 419 1803 correpta,
428 1762 565 1794 dicitur.
588 1763 680 1795 Hinc
690 1773 834 1804 semper,
843 1773 946 1805 quan-

243 1810 287 1854 do
303 1812 454 1844 secunda
467 1812 596 1854 syllaba
609 1813 644 1844 in
658 1823 758 1845 versu
773 1813 874 1854 longa
888 1822 945 1845 oc-

243 1862 364 1903 currit,
387 1863 602 1895 scribendum
619 1863 754 1906 Cybebe,
776 1874 946 1907 nunquam

248 1912 385 1954 Cybelle,
416 1918 458 1946 ut
491 1914 646 1956 plerique
675 1914 824 1946 editores
848 1914 946 1947 iniis

244 1963 425 2005 poetarum
448 1964 546 2002 locis,
567 1964 626 1996 ubi
653 1965 742 1996 ratio
766 1964 867 1997 metri
894 1974 945 1997 se-

246 2013 390 2047 cundam
416 2014 553 2056 longam
570 2014 727 2056 requirit,
748 2014 873 2047 excudi
888 2024 946 2048 cu-

245 2068 374 2098 rarunt.
411 2065 536 2107 Neque
551 2065 655 2098 etiam
669 2066 819 2099 secunda
833 2066 868 2098 in
885 2067 947 2108 Cy-

246 2114 309 2148 bele
334 2114 478 2156 produci
505 2120 621 2157 potest
646 2120 791 2158 propter
805 2126 949 2159 sequen-

247 2169 318 2198 tem
347 2166 508 2208 liquidam
537 2167 560 2207 l,
593 2171 632 2199 ut
661 2167 772 2199 Faber
800 2168 947 2209 putavit.

246 2216 442 2259 Utrumque
456 2226 649 2265 perperam.
681 2218 728 2249 Et
740 2218 949 2250 verissimum

248 2270 314 2304 est,
346 2266 381 2298 in
416 2267 571 2299 omnibus
600 2268 696 2306 locis,
729 2268 787 2299 ubi
816 2269 949 2300 ratione

248 2318 351 2350 metri
367 2318 517 2351 secunda
533 2319 632 2360 longa
646 2322 712 2360 est,
733 2319 949 2352 scribendum

250 2378 323 2401 esse
339 2370 471 2411 Cybebe.
518 2370 574 2403 [ta
595 2374 632 2402 et
655 2371 718 2402 boc
740 2371 830 2412 loco,
851 2375 889 2403 et
915 2371 950 2403 in

249 2419 365 2453 fabula
380 2423 433 2452 1⁷.
454 2420 556 2462 hujus
572 2420 662 2460 libri,
683 2420 787 2452 babet
802 2421 949 2462 optimus

252 2471 371 2503 Codex
395 2471 591 2511 Remensis;
618 2475 721 2514 atque
743 2471 792 2504 sic
821 2471 950 2505 diserte

250 2522 370 2564 legunt
383 2532 499 2555 omues
517 2522 740 2565 antiquissimi
766 2523 951 2555 Poetarum

251 2573 336 2605 Mss.
354 2574 511 2615 Codices,
527 2583 610 2616 quos
623 2573 858 2606 consuluimus.
892 2574 950 2606 Sic

250 2624 286 2656 in
302 2624 360 2657 illo
384 2625 590 2657 venerandas
604 2624 816 2666 antiquitatis
832 2624 951 2656 codice

253 2674 415 2708 Mediceo
436 2674 574 2716 Virgilii
593 2674 668 2707 AEn.
685 2683 721 2707 x-
745 2675 755 2692 ‘
772 2675 952 2715 Nymphae,

253 2734 335 2765 quas
365 2725 454 2756 alma
479 2724 621 2766 Cybebe
654 2724 788 2757 Numen
826 2724 952 2756 babere

253 2775 367 2816 maris,
391 2775 636 2818 Nymphasque
663 2785 681 2808 e
707 2775 848 2809 navibus
877 2784 951 2808 esse

981 335 1159 378 effugerat,
1182 337 1239 379 qni
1255 342 1334 371 ante
1349 348 1401 370 me
1417 338 1571 372 codicem
1583 337 1681 380 illu-t

982 390 1187 432 contulerat,
1207 396 1245 424 ut
1271 392 1388 425 videre
1416 391 1501 424 licet
1521 401 1566 424 ex
1594 391 1684 434 dues

982 440 1060 473 dem
1086 441 1192 482 priori
1218 441 1367 475 editione
1389 442 1576 484 virgiliana
1587 441 1684 482 ‘73an

983 503 1070 527 anno
1087 496 1182 526 1676.
1203 503 1224 526 a
1248 503 1303 526 me
1326 494 1487 535 monitus,
1506 494 1542 528 in
1566 498 1683 536 positos

983 545 1064 577 riori
1092 555 1152 577 sua
1178 545 1339 587 editione,
1359 550 1400 579 ut
1419 546 1505 587 dixi,
1527 546 1699 582 mutavit(

987 596 1105 637 Neque
1121 596 1222 628 aliter
1237 598 1369 629 eoloeo
1384 597 1512 639 legitur
1523 596 1558 629 in
1573 601 1685 631 vetus-

984 646 1121 679 tissimis
1162 646 1246 679 meis
1285 647 1685 684 membranum-roais·

983 697 1053 730 Sed
1075 702 1113 730 et
1128 697 1219 730 idem
1235 698 1349 730 inveni
1363 697 1398 731 in
1413 698 1543 733 Laeni
1557 698 1684 736 limi.

985 759 1036 781 vs.
1061 752 1135 782 600.
1170 749 1395 792 antiquissimi
1415 749 1548 783 codicic·
1564 747 1685 784 We·

986 799 1100 831 nensis
1129 799 1330 832 Boheriani:
1356 800 1367 818 ⁸
1386 800 1433 831 Et
1456 799 1688 835 totamm

986 853 1066 882 cant
1104 849 1248 882 Almone
1288 849 1490 892 Cybebem!
1543 849 1688 884 sonim

987 904 1078 934 stato
1092 900 1147 933 die
1159 901 1338 942 quotannis
1351 910 1372 933 a
1387 901 1420 934 d.
1435 910 1465 933 v.
1478 900 1557 934 Kal}
1574 899 1689 942 Apsus

987 950 1203 984 simulacrum
1229 951 1369 994 Cybelae
1391 955 1564 994 carpento·
1579 951 1689 994 impo-

987 1002 1090 1034 situm
1103 1001 1258 1034 Almonis
1281 1011 1370 1045 aqua
1392 1001 1595 1035 abluebatur
1604 1004 1690 1043 rat-

988 1061 1055 1094 que
1081 1052 1161 1084 hinc
1187 1052 1216 1084 is
1246 1052 1320 1085 dies
1349 1052 1476 1086 dicitnr
1496 1051 1688 1087 ‘La-ratio!

987 1102 1065 1134 Vid.
1078 1101 1188 1135 Amni.
1203 1103 1312 1136 Marc.
1325 1103 1385 1136 lib.
1395 1111 1598 1146 xxxta-pag.
1606 1102 1690 1136 seit.

987 1153 1104 1186 Vales.
1132 1156 1208 1186 241.
1242 1154 1300 1186 ubi
1331 1164 1364 1187 v.
1399 1158 1515 1190 annot.
1547 1153 1691 1188 valesii.

989 1203 1044 1235 Sic
1070 1207 1106 1235 et
1126 1204 1217 1245 apud
1239 1204 1464 1236 Prudentium
1477 1204 1513 1237 in
1526 1203 1692 1246 antiqui&

989 1253 1073 1286 simo
1090 1254 1208 1286 codice
1226 1255 1291 1286 Ms.
1314 1254 1489 1296 reperitur
1504 1253 1641 1296 Cybebe,
1653 1257 1691 1286 et

990 1304 1039 1337 sic
1066 1305 1192 1345 passim
1209 1305 1242 1336 in
1259 1305 1424 1337 omnibus.
1468 1305 1578 1339 Silius,
1591 1303 1692 1338 lasu-

990 1363 1049 1386 cus
1065 1354 1107 1386 de
1123 1355 1222 1386 Bello
1234 1355 1368 1387 Punico
1383 1354 1441 1388 lib.
1457 1355 1538 1388 κω(
1553 1354 1692 1393 Petita

990 1405 1188 1437 veneranda
1201 1405 1355 1447 Cybele!
1379 1405 1693 1439 -seribeednmom-

991 1455 1083 1497 nino,
1110 1456 1240 1498 Cybebe.
1294 1456 1416 1498 Cybebe
1442 1456 1550 1489 etiam
1569 1455 1693 1493 rescri-

991 1506 1139 1539 bendum
1150 1507 1184 1538 in
1195 1507 1303 1549 Sylvii
1311 1507 1516 1540 Maecenatis
1524 1506 1694 1548 epigram·

992 1561 1106 1590 mate:
1124 1558 1134 1575 ⁴
1149 1556 1243 1590 Ades
1258 1558 1335 1595 huc,
1350 1557 1446 1599 ades,
1460 1556 1591 1599 Cybele
1603 1557 1694 1597 Dea,

993 1608 1190 1651 montigena
1219 1609 1304 1650 Dea,
1334 1608 1424 1651 Age,
1452 1613 1614 1651 tympano
1634 1617 1695 1651 -so-

995 1659 1091 1693 nanti
1104 1663 1208 1702 quate
1221 1658 1375 1694 flexibile
1391 1658 1522 1702 osputff
1562 1658 1631 1693 Sed
1642 1662 1697 1693 tar

995 1714 1068 1743 tum
1096 1710 1268 1752 negotium
1308 1709 1448 1743 conficit
1478 1713 1695 1752 pervetustus

995 1761 1104 1793 Servii
1118 1762 1228 1793 codex
1242 1761 1538 1802 septingentorum
1557 1760 1698 1794 circite}-

995 1821 1172 1852 annornm,
1189 1822 1208 1843 e
1225 1821 1362 1844 scamno
1376 1820 1460 1845 xm.
1477 1811 1695 1847 bibliothece

995 1862 1181 1902 Mediceae;
1204 1862 1255 1894 sic
1266 1862 1354 1894 enim
1369 1862 1532 1897 hactenus
1547 1861 1696 1903 vulg-ta

995 1912 1105 1945 Servii
1129 1912 1299 1945 editiones
1313 1912 1356 1945 ad
1372 1911 1511 1954 Virgilii-
1532 1911 1625 1947 inum
1646 1911 1695 1944 lo-

997 1972 1074 1996 cum
1089 1963 1164 1996 AEn.
1179 1962 1236 1996 lib.
1247 1972 1282 1996 x.
1303 1963 1314 1981 ‘
1327 1962 1422 1997 Alma
1435 1962 1566 2005 cybele]
1584 1961 1619 1996 A
1631 1961 1699 2006 Cy·

995 2013 1075 2046 belo
1101 2014 1248 2055 Phryge,
1269 2014 1328 2056 qui
1353 2014 1482 2056 primus
1503 2013 1539 2047 ei<
1562 2021 1698 2047 mmm

997 2064 1160 2106 instituit,
1183 2065 1297 2097 Mater
1318 2065 1428 2098 Deum
1451 2064 1545 2098 dicta
1566 2063 1698 2107 cybele

997 2114 1060 2148 ἀπὸ
1080 2116 1137 2147 τοῦ
1160 2116 1312 2158 κυβιστᾷν
1334 2115 1393 2154 τὴν
1405 2114 1560 2156 κεφαλὴν,
1579 2114 1616 2147 id
1630 2118 1698 2155 est,

999 2167 1125 2208 capitis
1141 2166 1325 2212 rotatione,
1339 2165 1430 2208 quod
1443 2173 1578 2207 semper
1594 2163 1698 2205 Galli,

997 2222 1094 2250 motu
1118 2217 1240 2258 capitis
1254 2225 1316 2258 per
1337 2215 1488 2248 furorem
1502 2223 1633 2255 comam
1647 2222 1699 2247 ro-

1000 2271 1126 2308 tantes,
1141 2267 1272 2300 ululatu
1286 2265 1403 2299 futura
1416 2264 1697 2308 pronuntiabant.

999 2320 1176 2352 Lucanus:
1199 2319 1210 2336 ‘
1227 2318 1431 2360 Crineanue
1441 2316 1698 2357 rotantes,San·

1000 2371 1114 2412 guinei
1128 2370 1263 2412 populis
1276 2369 1450 2401 ulularunt
1464 2367 1575 2405 tristia
1585 2365 1699 2403 Gelli-¹

1001 2422 1115 2464 Cybele
1126 2426 1239 2453 autem
1255 2419 1421 2452 Bacchius
1430 2422 1496 2459 est,
1505 2415 1699 2459 namCybele

1001 2477 1195 2513 anapaestus
1225 2469 1303 2503 est.'
1355 2469 1422 2501 Sed
1450 2467 1560 2501 Servii
1588 2465 1697 2499 codex

999 2521 1057 2552 ille
1081 2521 1238 2553 laudatus
1261 2519 1441 2552 Mediceus
1465 2517 1515 2549 sic
1538 2516 1626 2549 hunc
1650 2516 1698 2548 lo-

1001 2581 1078 2604 cum
1098 2571 1252 2612 exhibet,
1273 2567 1443 2612 quomodo
1457 2566 1592 2600 omnino
1615 2565 1698 2598 scri-

1001 2622 1150 2654 bendum
1181 2629 1375 2654 censemus:
1412 2618 1422 2636 ⁴
1454 2616 1574 2659 Cybebe
1599 2615 1696 2657 alona]

1002 2672 1119 2704 Mater
1141 2673 1255 2704 Deum
1280 2671 1374 2702 dicta
1399 2668 1532 2710 Cybebe,
1558 2668 1614 2700 vel
1637 2667 1698 2701 ὰπὸ

1001 2724 1058 2756 τοῦ
1072 2725 1222 2767 κυβιστᾷν
1235 2722 1294 2761 τὴν
1305 2720 1456 2763 κεφαλὴν,
1465 2720 1555 2763 quod
1565 2729 1698 2762 semper

1003 2774 1096 2808 Galli
1122 2773 1356 2816 per·furorem
1380 2777 1474 2805 motu
1495 2771 1617 2814 eapitis
1643 2779 1698 2807 co·
