1806 3236
223 194 311 240 428

219 300 293 342 jam
325 309 444 333 verum
468 309 602 332 sensum
622 298 847 341 perviderat:
871 296 932 331 nbi

224 353 269 386 de
297 353 465 396 Papinio:
490 354 500 372 ⁴
517 352 686 393 Exempla
709 350 816 383 habet
842 359 932 382 sum-

223 414 354 437 morum
381 404 579 444 Poetarum,
600 403 661 435 sed
680 402 847 444 exemplis
862 411 932 436 non

223 455 421 487 continetur
444 454 634 487 Poetarum
649 463 767 496 genus,
782 453 872 496 quod
887 452 932 485 de

191 520 193 522 ·
222 505 371 537 humano
398 504 582 537 universim
608 504 728 536 melius
759 502 933 546 perhibuit

223 554 418 588 Phaedrus.’
477 556 634 598 Eumque
667 555 779 587 locum
812 558 933 596 postea

223 603 328 638 etiam
362 605 642 648 Hoogstratanus
676 605 931 639 animadvertit.

223 657 339 690 Burm-

266 711 287 741 2
311 708 381 741 Nec
404 709 508 751 aliud]
552 709 667 751 Supra
701 708 762 742 lib.
786 718 813 741 1.
843 708 934 742 dixit

223 759 413 792 Phoedrus:
458 761 469 779 ⁴
486 760 628 803 Duplex
658 759 782 792 libellis
803 769 840 792 os
867 763 933 800 est,

222 809 315 852 quod
331 810 435 843 risum
449 816 579 852 movet,
595 815 631 843 et
648 810 739 854 quod
753 810 933 853 prudentis

222 860 331 894 vitam
343 862 486 894 consilio
499 860 642 895 monet.’
665 862 751 895 Nev.

266 915 286 945 ³
316 913 507 953 Corrigatur
542 923 632 946 error
667 916 703 946 ut
738 911 934 954 mortalium]

222 963 313 996 Dion
331 963 605 1006 chrysostomus,
623 964 688 997 Or.
702 973 821 997 Lxxu.
836 964 934 998 Αἴσω-

221 1026 281 1048 ·tos
293 1015 406 1047 τοῦτον
418 1014 477 1048 τὸν
489 1015 604 1059 τρόπον
626 1016 768 1058 ἐπειρᾶτο
783 1018 934 1050 νουθετεῖν

220 1064 296 1099 τοὺς
324 1066 509 1109 ἀνθρώπους,
536 1067 808 1110 καὶῖῥέπιδεικνύναι
830 1068 933 1102 αὐτοῖς

222 1114 305 1150 ἅττα
316 1116 534 1160 ἁμαρτάνουσι.
579 1119 712 1151 Marius
736 1119 932 1153 Victorinus

220 1166 258 1200 in
284 1168 426 1201 Rhetor.
451 1169 523 1202 Cic.
539 1179 566 1203 1.
591 1170 601 1189 ‘
618 1169 766 1212 Apologi
789 1175 870 1203 sunt
887 1180 933 1203 ex

221 1218 325 1252 rebus
349 1220 535 1253 humilibus
560 1221 759 1262 compositae
775 1220 932 1263 quaedam

220 1268 342 1302 formae
370 1281 410 1303 ae
435 1271 570 1313 species
599 1271 644 1304 ad
667 1272 877 1312 vivendum;
893 1274 933 1305 ut

222 1323 337 1353 exstat
351 1321 411 1353 illa
426 1321 470 1354 de
482 1322 584 1355 Mure
600 1326 638 1355 et
652 1322 792 1356 Leone:

263 1374 286 1404 4
307 1372 428 1414 Acuat]
451 1374 639 1407 Exercent.
663 1374 763 1415 Virg.
784 1373 890 1408 Geor.
903 1375 930 1408 '1-

220 1422 232 1440 ‘
247 1423 347 1457 Curis
362 1434 488 1457 acuens
502 1425 660 1458 mortalia
683 1424 815 1458 eorda?
853 1425 932 1458 Ser-

219 1474 295 1508 vius
319 1485 361 1509 eo
389 1477 464 1509 loco
499 1476 510 1494 ‘
526 1475 664 1510 Acuens
684 1488 695 1518 ;
736 1475 931 1510 exercens!

221 1525 328 1566 Sches.

260 1580 282 1608 6
307 1577 473 1610 Nan-andi
500 1577 601 1620 locus]
652 1576 835 1611 Assentior
859 1578 933 1612 Rit-

221 1628 407 1670 tershusio,
420 1629 584 1662 scribenti
597 1629 702 1670 jocus.
748 1630 840 1663 Nam
853 1640 932 1663 cum

221 1688 264 1711 eo
278 1679 360 1712 locus
375 1689 444 1713 non
462 1680 637 1722 convenit,
661 1679 751 1723 quod
767 1681 932 1723 seqnitur,

221 1729 274 1763 Re
292 1732 537 1772 commendatur,
558 1741 621 1764 nou
635 1732 773 1764 auctoris
796 1731 931 1764 nomine.

221 1779 315 1813 Quid
342 1780 435 1813 enim
461 1784 567 1821 esset,
598 1784 709 1814 auctor
730 1780 816 1815 loci?
838 1782 932 1824 Ergo

220 1829 286 1862 hoc
301 1830 397 1863 vult:
422 1830 678 1874 Qualiscunqne
701 1831 808 1866 fuerit
816 1832 932 1874 jocus,

219 1880 463 1923 qualiscunque
475 1880 605 1923 fabula,
620 1892 641 1914 a
655 1892 857 1926 quocunqne
871 1882 932 1916 fic·

220 1935 272 1972 ta,
284 1931 543 1965 commendatur
573 1942 616 1966 ea
641 1932 799 1967 bonitate
823 1934 875 1967 rei
890 1944 931 1967 ac

220 1982 425 2018 salubritate
457 1988 727 2026 praeceptorum,
758 1984 933 2027 pertinen·

220 2033 307 2067 tium
323 2034 367 2067 ad
383 2035 486 2068 vitam
501 2045 694 2078 moresque,
707 2045 775 2069 non
788 2036 933 2070 celebri·

221 2089 296 2118 tate
312 2085 475 2118 auctoris.
520 2085 589 2119 Sed
619 2080 656 2119 et
677 2092 743 2128 pro
765 2086 932 2129 narrandi,

220 2145 287 2168 non
299 2135 459 2177 displicet
472 2137 633 2178 narranti,
645 2137 736 2180 quod
752 2138 932 2171 Freinshe-

220 2185 307 2219 mins
333 2187 495 2220 malebat.
531 2186 640 2226 Sches.
686 2189 794 2230 Lege,
824 2189 932 2226 Quod-

220 2247 340 2278 cunque
347 2237 453 2277 fuerit
469 2247 545 2278 ergo
557 2239 817 2283 narrnndiJocus.
860 2240 932 2282 Sic,

220 2288 232 2307 ‘
246 2287 316 2320 Sed
330 2288 404 2329 jam
430 2288 659 2331 quodcunque
678 2287 784 2322 fuerit
795 2290 816 2321 :’
844 2300 931 2332 prae·

221 2338 287 2372 fat.
309 2338 370 2373 lib.
398 2348 456 2372 111.
488 2343 525 2372 et
548 2339 674 2382 Virgil.
704 2340 782 2373 AEn.
805 2348 848 2374 11.
875 2344 931 2374 77.

223 2391 382 2424 ‘Cuncta
411 2390 569 2433 equidem
596 2391 671 2433 tibi,
695 2390 788 2432 Rex,
808 2391 932 2434 (fuerit

218 2440 479 2484 quodcunque,)
491 2440 650 2475 fatebor!
695 2441 759 2474 Vel
776 2440 868 2475 forte
883 2443 931 2476 le-

222 2492 386 2534 gendum,
416 2492 602 2534 Quicunque
628 2491 749 2525 suberit
771 2494 933 2526 narrantis

212 2543 315 2584 jocus.
352 2543 478 2577 Heius.
522 2543 673 2577 Videtur
697 2539 930 2585 scribendum,

222 2596 398 2628 narrandus
413 2595 512 2635 lngus.
535 2594 697 2629 Guietus.
742 2594 852 2636 Logi3
870 2604 930 2636 op·

220 2645 306 2678 time
321 2645 396 2679 Viri
421 2643 517 2678 docti
542 2647 782 2683 correxerunt,
802 2643 929 2684 quicun-

221 2705 278 2736 que
295 2695 401 2734 fuerit
415 2695 575 2736 narranti,
590 2695 646 2728 vel
658 2694 929 2734 narrantisjocue.

220 2746 312 2779 Vide
328 2746 380 2779 Cl.
403 2746 519 2779 Graev.
543 2747 587 2781 ad
609 2746 719 2780 Cicer.
742 2745 786 2779 ad
809 2746 928 2780 Famil.

221 2806 300 2831 xvi.
315 2801 370 2831 21.
392 2798 506 2832 Bam.

691 203 836 236 No‘rAE
867 200 1136 236 vAkloRUM
1168 202 1218 234 IN

1025 290 1190 329 Nar-randi
1204 295 1300 339 locus]
1324 296 1417 340 Lege
1431 295 1687 337 nummum

980 345 1023 379 In
1038 347 1158 380 eadem
1174 357 1259 381 voce
1280 358 1373 391 saepe
1397 349 1420 381 Ι
1440 348 1475 381 in
1489 349 1520 382 L
1533 352 1688 384 mutatur

980 398 1016 430 in
1029 398 1127 431 Rem.
1142 398 1220 432 cod.
1238 399 1312 433 Lib.
1328 409 1354 433 1.
1369 398 1442 433 fab.
1455 403 1510 434 21.
1524 400 1534 418 ‘
1549 401 1690 443 Ignavis

982 448 1087 481 etiam
1102 449 1196 482 locus
1212 453 1265 483 est
1277 450 1298 491 ;’
1325 450 1384 483 ubi
1400 455 1523 493 aperte
1534 451 1688 485 scriben-

982 499 1062 533 dum
1079 504 1132 533 est
1147 500 1251 542 jocus.
1293 501 1351 535 Sic
1375 501 1411 535 in
1436 503 1525 544 prol.
1548 502 1610 536 lib.
1630 511 1688 540 m,-

980 552 991 570 ‘
1003 551 1283 596 Calumniamque
1298 553 1388 587 fictis
1403 553 1507 587 elusit
1515 553 1631 596 jocis}
1651 557 1690 588 ot

982 603 1124 647 passim.
1168 604 1296 637 sensus
1326 609 1441 639 autem
1465 605 1562 649 hm‘us
1582 605 1691 640 versi·

982 655 1063 697 culi,
1080 656 1091 674 ‘
1103 655 1309 699 Quicunque
1320 655 1426 689 fuerit
1440 665 1524 700 ergo
1537 657 1690 691 narranti

976 704 1092 748 jocus,
1107 710 1162 739 est
1176 716 1186 739 ι
1199 707 1447 751 Quamcunque
1453 706 1604 746 fabulam
1613 718 1691 744 w·

984 767 1120 791 raveto.
1145 758 1233 792 Gad.

1024 810 1139 852 Locus]
1163 809 1298 842 Forte
1278 820 1384 850 ,φοι-ωε.
1425 809 1519 854 Nam
1533 811 1570 843 et
1584 809 1687 846 olibis

981 859 992 879 ‘
1005 860 1141 893 Fictis'
1126 860 1230 902 Jocis.
1233 860 1354 895 'Ritu
1434 869 1437 872 ·

1024 917 1046 947 6
1071 913 1187 955 Capiat
1206 914 1330 956 aurem]
1351 913 1531 955 Delectet,
1544 884 1692 955 lenem

982 964 1173 1006 eleganter,
1207 969 1352 1006 propter
1376 964 1446 998 vim
1479 963 1693 1007 oblectandi.

982 1025 1060 1058 quoe
1072 1014 1171 1047 estin
1184 1014 1322 1050 fabulis.
1345 1016 1419 1050 Cic.
1434 1017 1470 1050 iu
1479 1016 1542 1050 Or.
1555 1017 1567 1036 ¹
1578 1016 1692 1051 Nida

980 1066 1180 1100 insidiarum
1201 1067 1246 1100 ad
1268 1067 1457 1110 capiendas
1478 1077 1577 1101 aures
1597 1066 1692 1102 adhi-

980 1117 1065 1151 bere
1080 1117 1244 1151 videtur!
1288 1118 1379 1152 Vide
1394 1129 1501 1161 supra
1519 1118 1580 1153 lib.
1595 1121 1692 1153 1.ss-

981 1168 1089 1209 Schef.
1133 1169 1279 1202 Petron.
1302 1169 1313 1188 ‘
1326 1169 1406 1203 Nisi
1426 1169 1590 1212 quosdam
1607 1169 1691 1202 insi-

981 1220 1055 1253 dias
1068 1220 1207 1254 auribus
1223 1219 1373 1255 fecerit.’
1408 1220 1490 1254 vid.
1504 1219 1548 1253 ad
1563 1229 1622 1255 ιιι.
1638 1222 1692 1254 18.

1025 1275 1046 1304 8
1071 1271 1157 1304 Cura
1168 1270 1299 1312 morem]
1320 1271 1390 1305 Ms.
1409 1281 1487 1304 cura
1501 1280 1609 1305 mors.-
1631 1269 1692 1304 alii

982 1325 1099 1355 autem
1113 1331 1237 1354 morem.
1262 1321 1357 1355 Gud.

1011 1411 1014 1413 Α
1026 1373 1150 1405 Morem
1164 1372 1292 1405 servabo
1305 1372 1405 1415 senis]
1441 1371 1641 1406 Prudenter
1654 1381 1693 1407 oo

972 1428 1122 1466 *purgag
1135 1424 1226 1466 quod
1241 1422 1368 1456 fabulis
1378 1423 1538 1466 qnaedan
1548 1422 1691 1457 alterius

983 1474 1120 1517 generis
1135 1474 1333 1507 admisceat.
1378 1473 1494 1516 Tetigi
1518 1478 1595 1508 eam
1617 1482 1693 1520 rem

981 1526 1016 1559 in
1032 1526 1173 1569 Prolog-
1205 1526 1339 1559 Pruseh.
1384 1520 1548 1568 AEsopum
1569 1524 1695 1560 intolli-

984 1578 1045 1620 git.
1068 1577 1127 1610 Sic
1139 1576 1198 1610 inf.
1216 1576 1277 1611 lib.
1290 1586 1349 1611 ιιι.
1361 1579 1395 1610 2.
1415 1576 1426 1597 ‘
1439 1576 1545 1611 Naris
1557 1585 1694 1611 emune-

983 1632 1028 1661 tae
1043 1627 1170 1661 senex.’
1214 1627 1275 1662 Fit
1298 1628 1364 1660 boc
1388 1636 1492 1670 porro
1507 1636 1575 1661 non
1589 1625 1694 1661 nodo

984 1679 1111 1721 astatis,
1124 1679 1186 1712 sed
1202 1683 1238 1713 et
1252 1678 1390 1712 honoris
1415 1687 1549 1719 caussa,
1574 1681 1612 1712 ot
1625 1675 1693 1710 fn-

982 1734 1131 1772 quenter
1155 1730 1201 1763 de
1223 1724 1396 1771 magistris
1419 1739 1462 1762 no
1482 1728 1692 1771 philosophis

982 1783 1176 1823 usurpatur.
1214 1780 1318 1813 Corn.
1347 1779 1468 1822 Nepos
1500 1779 1537 1812 in
1565 1779 1691 1821 Epora.

982 1840 1060 1873 cap.
1084 1833 1118 1864 2.
1149 1830 1194 1864 de
1216 1830 1319 1872 Lysia
1345 1829 1538 1863 Tarentino
1562 1838 1690 1872 agenn

981 1882 992 1902 ⁴
1005 1881 1157 1915 Tristem
1181 1885 1219 1914 et
1233 1890 1391 1914 severum
1405 1890 1521 1921 senem
1536 1879 1692 1914 omnibus

981 1932 1172 1975 aequalibus
1198 1931 1269 1964 suis
1284 1932 1319 1964 in
1341 1930 1572 1967 familiaritate
1596 1935 1694 1965 ante-

982 1982 1119 2026 posuit:
1174 1981 1312 2015 Tullius
1340 1981 1377 2014 in
1410 1982 1465 2014 De
1502 1980 1691 2016 Amicithz

983 2037 993 2052 ¹
1010 2034 1084 2075 Ego
1110 2037 1226 2067 antem
1241 2043 1262 2066 a
1277 2037 1377 2075 patre
1391 2033 1444 2066 ita
1458 2042 1551 2066 eram
1565 2032 1693 2072 deduc-

982 2088 1038 2117 tus
1054 2084 1099 2117 ad
1118 2084 1322 2126 sooevolam,
1337 2088 1476 2127 sumpta
1495 2084 1588 2117 virili
1600 2088 1694 2128 toga,

982 2139 1021 2168 ut
1050 2135 1165 2178 quoad
1191 2145 1338 2178 possem,
1360 2138 1398 2168 et
1416 2135 1551 2176 liceret,
1565 2143 1586 2169 a
1599 2134 1692 2168 senio

982 2188 1091 2220 latere
1119 2196 1294 2229 nunquam
1317 2186 1532 2219 discederem
1543 2185 1566 2220 ι’
1601 2190 1639 2219 et
1657 2185 1692 2220 in

983 2239 1039 2274 De
1069 2238 1114 2271 N.
1141 2238 1245 2270 Deor.
1273 2236 1461 2270 Phaedrum
1482 2237 1692 2280 Epicureum

982 2289 1148 2322 innuens:
1170 2288 1181 2307 ‘
1197 2287 1265 2320 Sed
1278 2287 1560 2322 stomachabatur
1574 2296 1692 2330 senex,

982 2340 1108 2384 siquid
1125 2340 1278 2382 asperius
1305 2340 1482 2373 dixeram:
1527 2339 1588 2372 Sic
1610 2338 1692 2382 Epi-

982 2402 1103 2426 curum
1131 2391 1244 2434 ipsum
1261 2391 1396 2425 Statius
1422 2389 1549 2423 alicubi
1574 2389 1586 2408 ‘
1602 2388 1689 2422 Gar·

980 2443 1126 2485 gettium
1143 2441 1324 2476 seniorem’
1346 2445 1472 2475 vocat:
1495 2444 1534 2473 et
1545 2438 1689 2473 Martia·

981 2495 1022 2527 lis
1037 2494 1081 2527 de
1101 2493 1223 2527 eodem
1250 2493 1309 2526 lib.
1325 2501 1364 2525 x.
1392 2492 1403 2509 ‘
1416 2491 1620 2532 Cecropium
1633 2500 1688 2525 su·

981 2555 1083 2589 peras
1096 2545 1155 2587 qui
1169 2544 1326 2577 bonitate
1341 2541 1478 2576 senem!
1500 2541 1608 2581 Sem.

1023 2600 1045 2630 9
1063 2597 1125 2628 Sed
1150 2595 1180 2627 si
1207 2593 1350 2635 libuerit]
1385 2593 1464 2627 Jac.
1494 2592 1688 2627 Gronovius

980 2646 1132 2689 legebat,
1156 2645 1221 2678 Sed
1242 2645 1271 2678 si
1285 2644 1392 2684 fuerit
1417 2644 1538 2686 aliquid
1549 2644 1688 2686 interpo-

979 2707 1070 2735 nere,-
1096 2696 1187 2739 quod
1203 2699 1298 2729 recte
1322 2695 1444 2737 rejecit
1459 2695 1686 2737 Hoogstrata·

980 2759 1054 2790 nus,
1068 2758 1132 2780 nec
1145 2752 1239 2780 stare
1264 2750 1399 2789 potem
1426 2745 1491 2778 nisi
1516 2746 1590 2779 sine
1615 2746 1686 2778 ullo

980 2801 1138 2844 exemplo
1153 2803 1191 2833 et
1208 2799 1343 2832 ratione
1358 2797 1509 2831 secunda
1520 2796 1686 2840 inaliqns'd
