1806 3236
189 209 278 253 432

188 317 254 355 est,
270 313 362 357 quod
378 312 542 346 vereare?
573 321 625 346 xv.
641 315 673 345 7.
693 311 703 330 ‘
720 311 816 345 Nihil
830 315 897 354 est,

186 365 260 398 illic
304 364 398 407 quod
443 373 615 396 moremur
650 363 816 396 diutinsz’
858 367 897 396 et

186 415 328 448 Phorm.
342 424 377 447 v.
389 417 421 447 1.
434 414 444 432 ‘
459 414 555 448 Nihil
566 418 633 452 est,
645 414 734 457 quod
744 423 864 448 verear
874 415 895 448 ='

187 471 224 500 et
238 466 289 499 ita
304 466 427 499 Cicero
442 470 478 498 et
495 465 566 501 alii.
589 466 707 499 Burm-

229 520 251 550 8
276 518 320 549 Et
342 516 424 558 quae]
461 517 585 550 Mallet
613 517 795 550 Heinsius:
830 517 896 559 En,

185 579 257 611 μα.»
281 568 422 601 debetur.
469 569 597 601 Posset
618 567 732 601 forsan
758 578 825 600 non
848 568 896 600 in-

186 617 365 651 commode
375 618 478 651 scribi
495 629 504 651 2
525 618 573 651 At
581 629 648 660 quae
659 618 809 657 «lebetum
828 618 894 651 isto

185 678 303 701 sensu:
328 669 410 701 Non
436 673 491 701 est
517 669 717 712 quidquam,
740 669 831 712 quod
849 669 893 702 ti-

184 731 278 754 meas
298 732 308 762 ;
332 722 447 763 potius
462 722 517 754 hic
542 732 588 755 ex
604 723 724 764 praeda
745 732 824 764 pars
839 726 893 755 est

185 773 310 816 aliqua,
325 782 402 815 quae
426 773 572 805 debetur
596 773 774 805 modestiae
800 777 891 813 tuae;

185 833 260 856 eam
277 824 371 857 tolle.
418 824 505 856 Cum
532 825 727 865 praesertim
745 823 893 857 necdum

178 874 368 916 juvencum
391 874 576 906 divisisset.
621 874 784 918 Sequitur
803 875 894 907 enim

183 926 194 943 ‘
210 925 296 957 Tum
319 924 452 958 diviso!
497 925 564 958 Sed
590 930 704 958 tamen
728 926 813 958 illud
841 927 894 959 Επ

183 979 220 1008 et
234 975 388 1008 Meursio
412 979 450 1008 et
470 975 699 1009 Freinshemio
715 977 892 1019 probatur.

183 1025 291 1066 Schef.

224 1080 247 1109 9
281 1076 458 1119 Audacter]
495 1077 640 1120 Absque
670 1078 796 1111 timore
830 1083 890 1112 unt

181 1127 456 1169 perturbatione,
492 1128 613 1161 libere.
671 1129 819 1162 Plautus
854 1129 890 1161 in

181 1179 259 1211 Mil.
286 1178 368 1211 Act.
396 1188 453 1211 111.
479 1179 536 1212 Sc.
562 1182 595 1212 2.
616 1179 730 1221 ‘Age‚
750 1180 892 1222 loquere

182 1229 351 1261 audacter
366 1229 446 1261 mibi
458 1228 479 1261 :'
502 1230 591 1262 bono
607 1240 724 1263 sensu.
745 1230 855 1270 Schef.

228 1279 329 1320 Tolle]
352 1281 462 1320 Bene,
482 1281 577 1312 velut
600 1281 764 1314 liberalis.
797 1282 892 1313 Mar-

181 1330 254 1362 tial.
269 1332 335 1373 Ep.
350 1340 400 1364 vl.
415 1334 470 1364 30.
495 1333 505 1350 ⁴
521 1332 589 1364 Sex
605 1332 764 1365 sestertia
780 1332 808 1364 si
824 1336 892 1365 sta-

665 217 811 250 No‘rAE
842 216 1110 250 vAmoRuM
1135 218 1195 250 ΙΝ
1258 228 1264 239 ⁴

949 311 1012 345 tim
1027 308 1192 354 dedisses,
1205 312 1291 346 Cum
1306 312 1394 346 dixti
1408 312 1510 347 mihiz
1535 314 1653 358 sune,

951 363 1048 404 tolle,
1062 363 1176 397 douo.'
1205 364 1313 404 Saites.

996 413 1146 456 vergere]
1159 414 1280 448 Scribo
1294 425 1431 458 corpore.
1445 416 1565 450 Guiet.
1587 417 1657 452 n·-

950 463 1139 506 prehensus
1164 465 1208 498 ab
1235 464 1398 509 Ampliss.
1413 467 1551 510 Cupero
1565 467 1656 502 Oba.

950 515 1011 548 lib.
1034 524 1075 549 n.
1097 518 1153 549 2⁰.
1173 515 1297 559 virgil.
1323 517 1400 551 AEn.
1425 527 1452 552 1.
1472 521 1548 552 210.
1569 520 1580 538 ‘
1595 519 1657 553 mi

949 575 987 598 se
1001 565 1130 608 praedae
1154 567 1353 610 accingunt,
1372 568 1588 612 dapibusque
1602 569 1656 604 fu-

951 618 1061 651 turis:
1096 617 1254 660 'ren-gom
1277 618 1453 662 deripiunt
1476 621 1595 663 costis,
1617 625 1656 655 et

949 670 1085 703 viscera
1096 669 1252 703 nudant!
1447 692 1450 693 ν

992 726 1034 756 12
1062 723 1178 756 Verum
1191 723 1254 765 est]
1276 723 1355 757 Hoc
1377 724 1473 758 vult:
1494 724 1656 763 Licettit

947 774 1119 807 laudabile
1143 784 1295 817 presens
1321 776 1530 819 exemplum,
1551 778 1656 819 pusi

947 830 1063 859 tamen
1078 826 1113 859 id
1131 831 1335 869 sequnntur,
1345 837 1471 870 nempe
1481 827 1560 871 qni·
1573 828 1658 872 ριιιὲ

947 881 1069 920 pertas
1080 886 1157 910 cum
1171 878 1304 919 pudore
1311 878 1437 920 juncta
1450 874 1522 920 αἱς
1543 883 1583 913 ut
1594 881 1655 925 ᾀὶ

949 928 1040 961 avidi
1053 932 1146 969 sunt,
1162 928 1360 971 divitias,et
1375 938 1454 962 cum
1468 930 1520 962 eis
1528 929 1674 964 catere(

948 984 1216 1023 consequuntur.
1239 980 1348 1020 Schef.
1392 981 1464 1014 Hic
1487 990 1548 1014 sua
1569 987 1657 1016 ton-

948 1040 1036 1073 pora
1050 1031 1231 1072 Phaedrus,
1245 1035 1285 1064 ut
1301 1041 1396 1074 saepe
1419 1031 1515 1072 alibi,
1530 1032 1656 1066 innuit.
1684 1071 1687 1073 Α

945 1081 1025 1114 Huc
1052 1080 1146 1113 refer
1176 1078 1399 1124 Epigramma
1421 1081 1595 1115 Martialis
1619 1091 1655 1116 v.

944 1134 998 1165 82.
1021 1132 1031 1150 ‘
1047 1132 1193 1173 Semper
1207 1132 1276 1164 eris
1292 1142 1440 1174 pauper,
1464 1133 1494 1165 si
1519 1142 1657 1176 pauper

946 1191 994 1219 es,
1023 1182 1227 1224 AEmiliane;
1263 1183 1402 1216 Dantur
1436 1192 1522 1225 opes
1549 1183 1655 1217 nullia

945 1242 1036 1265 nunc
1051 1233 1118 1265 nisi
1135 1232 1321 1265 divitibus!
1342 1234 1458 1266 Burm.

990 1283 1037 1314 Et
1046 1282 1182 1325 pauper]
1205 1283 1299 1325 Lege
1313 1287 1360 1316 ut.
1383 1283 1509 1317 Heius.

729 1597 991 1642 FABULA
1035 1598 1102 1642 ΙΙ.

221 1736 313 1769 Anus
325 1738 626 1781 diligensjuvenem‚
640 1740 710 1783 ξω]
727 1741 887 1774 Babrius.

179 1788 314 1820 Camer.
331 1789 374 1821 de
390 1799 473 1821 sene
500 1793 536 1822 et
560 1791 760 1824 concubinis
783 1791 886 1823 illius.

179 1838 257 1879 Rig.

223 1894 240 1923 1
263 1892 294 1924 A
303 1891 452 1934 feminis]
475 1893 612 1926 Videsis
626 1895 788 1928 Plautum
801 1895 887 1927 Cur-

178 1941 246 1973 cul.
259 1941 339 1975 Act.
363 1952 388 1975 1.
413 1944 472 1976 Sc.
490 1947 521 1976 l.
546 1945 650 1977 Mart.
678 1947 744 1987 Ep.
761 1954 812 1979 xx.
833 1949 886 1978 50.

178 1993 322 2026 technas
337 1998 374 2026 et
389 1993 530 2028 fraudes
545 1996 724 2028 mulierum
741 1996 887 2039 detegit,

178 2053 279 2084 quem
297 2044 388 2076 vide.
416 2045 500 2078 Nev-

209 2094 239 2126 A
244 2093 378 2134 feminis
383 2096 511 2137 spoliari
519 2097 618 2140 viros]
626 2098 636 2116 ‘
647 2098 888 2140 Spoliatricem

175 2145 340 2176 amicam’
370 2145 460 2179 dixit
483 2148 639 2181 Martial.
663 2150 728 2191 Ep.
755 2158 806 2182 lv.
832 2152 888 2183 29.

177 2196 186 2213 ‘
200 2195 258 2227 Sic
283 2196 519 2238 spoliatricem
546 2200 763 2232 commendat
778 2199 887 2232 fastus

177 2244 344 2277 amicam)
389 2247 508 2280 Idem:
541 2249 607 2290 Ep.
635 2258 670 2281 v.
695 2252 749 2282 44.
782 2251 791 2268 ‘
809 2250 887 2282 Dis-

176 2301 395 2336 pensatorem
421 2297 529 2331 fallax
557 2300 724 2342 spoliabit
752 2300 885 2334 amica!

176 2348 322 2380 Plautus
351 2350 575 2383 Menaecbmis
605 2351 688 2384 Act.
716 2361 743 2385 1.
773 2354 828 2386 Sc.
852 2356 885 2386 3.

174 2399 184 2415 ‘
202 2400 375 2432 Meretrix
392 2402 563 2443 tantisper
590 2403 780 2443 blanditur,
804 2403 886 2436 dnm

173 2451 272 2493 illud,
286 2453 378 2494 quod
394 2454 519 2495 rapiat,
534 2453 651 2487 videt!
683 2453 787 2496 Apud
804 2465 884 2487 eun-

176 2502 266 2544 dem,
303 2503 528 2544 Truculento,
563 2503 647 2537 Act.
682 2514 723 2537 Π.
759 2505 816 2537 Sc.
854 2508 883 2538 1.

175 2554 347 2586 Meretrix
374 2555 444 2587 ait:
470 2555 480 2572 ‘
498 2555 632 2587 Probus
660 2559 715 2587 est
738 2560 884 2596 amator,

174 2605 231 2646 qui
260 2605 391 2637 relictis
416 2605 517 2638 rebus
545 2615 618 2638 rem
643 2605 760 2647 perdit
776 2615 882 2638 suam.

175 2655 224 2687 At
249 2666 310 2688 nos
340 2657 426 2688 male
458 2667 559 2699 agere
589 2657 781 2700 praedicant
815 2658 882 2690 viri

174 2706 287 2738 solere
312 2717 440 2748 secum,
468 2710 610 2751 Nosque
634 2718 710 2742 csse
735 2703 881 2742 avaras.'

173 2754 259 2786 Tota
276 2756 356 2788 inde
377 2767 481 2790 scena
497 2763 551 2790 est
573 2759 608 2790 in
624 2759 791 2800 ejusmodi
805 2768 880 2790 nar-

174 2805 376 2839 rationibus.
400 2808 602 2850 Epictetus:
619 2810 629 2828 ‘
644 2809 748 2843 Nuda
762 2810 880 2842 Venus

942 1741 1039 1784 picta
1063 1745 1130 1784 est,
1155 1741 1239 1774 nudi
1267 1742 1458 1784 pinguntur
1481 1741 1649 1776 Ainores:

942 1794 1032 1826 Nam
1049 1803 1133 1835 quos
1148 1794 1242 1826 nuda
1264 1795 1368 1836 rapit,
1386 1795 1498 1827 nudos
1511 1795 1655 1837 amittat*

941 1844 1105 1886 oportet!
1155 1844 1316 1876 Sidonius
1342 1845 1409 1887 Ep.
1441 1845 1502 1878 lib.
1533 1853 1586 1877 rx.
1614 1848 1648 1878 0.

942 1897 952 1914 ‘
968 1894 1040 1927 Per
1066 1895 1117 1927 rei
1132 1894 1311 1927 familiaris
1334 1895 1459 1928 danius
1473 1900 1650 1942 vacuatus,

941 1950 982 1979 ut
1005 1947 1154 1988 primum
1179 1947 1375 1988 intelligere
1398 1947 1519 1989 coepit,
1533 1950 1571 1979 et
1594 1956 1650 1979 re-

942 2002 1109 2039 tractare,
1125 2002 1288 2041 quantum
1309 1997 1353 2030 de
1368 1996 1563 2030 bonusculis
1578 1997 1651 2030 uvi-

943 2049 987 2081 tis
1013 2048 1237 2091 paternisque
1267 2048 1487 2081 sumtuositus
1515 2047 1650 2080 dome·-

942 2099 1022 2132 ticae
1046 2098 1238 2141 Charybdis
1267 2099 1508 2140 abligurisset3
1542 2106 1662 2141 quan-A

943 2159 1044 2192 quam
1059 2159 1136 2182 sero
1152 2149 1373 2192 resipiscens,
1399 2153 1554 2182 attamen
1576 2153 1652 2181 tau-

943 2200 1022 2232 dem
1047 2200 1156 2232 veluti
1179 2199 1296 2232 frenos
1311 2200 1506 2241 momordit,
1530 2207 1650 2231 excus-

942 2252 1056 2294 sitque
1083 2251 1250 2292 cervices‚
1271 2255 1391 2294 atque,
1415 2252 1569 2293 Ulyxe„
1592 2249 1649 2294 (ut

941 2301 1072 2343 fertmt)
1098 2312 1196 2335 ceras
1224 2302 1363 2335 auribus
1392 2301 1515 2347 figens,
1543 2300 1648 2344 fugit,

941 2353 1124 2386 adversum
1160 2353 1248 2385 vitia
1283 2352 1422 2395 surdus,
1457 2351 1649 2385 meretricii

939 2403 1171 2436 blandimenta
1196 2402 1389 2446 naufragii:
1431 2403 1525 2436 Scite
1549 2402 1647 2436 Sido-

939 2455 1015 2487 nius
1030 2455 1252 2487 Meretricem
1270 2453 1463 2496 appellavit
1476 2454 1486 2472 ⁴
1503 2453 1648 2486 Domes-
1715 2480 1717 2482 .

940 2506 1043 2538 ticam
1082 2505 1295 2547 Charybdim
1309 2504 1330 2536 :'
1366 2503 1563 2546 optimeque
1600 2502 1644 2534 ad

937 2556 1070 2588 Sidonii
1107 2556 1207 2588 simul
1243 2559 1281 2587 et
1318 2553 1460 2587 Phaedri
1493 2556 1644 2585 mentem
1695 2560 1698 2563 ⁴

937 2605 1027 2637 dixit
1045 2605 1189 2638 Nicetas
1205 2604 1389 2636 Choniates
1403 2602 1439 2635 in
1456 2601 1554 2635 Alex.
1569 2602 1644 2635 Ma·

937 2656 1029 2688 nuel.
1057 2656 1178 2688 Comn.
1203 2655 1273 2686 filio
1294 2655 1353 2687 lib.
1379 2663 1422 2686 11.
1447 2652 1508 2685 Καὶ
1527 2653 1566 2685 τὸ
1586 2652 1643 2684 τοῦ

935 2704 1126 2748 Ἀρχιλόχου
1139 2704 1278 2747 ἄντικρυς
1296 2703 1485 2747 ἐπεραίνετο,
1498 2703 1516 2735 ὅ
1534 2711 1642 2744 φησιν,
1665 2749 1667 2751 Ι

935 2756 978 2789 εἷς
1000 2755 1122 2798 ἔντερον
1135 2755 1287 2788 πολλάκις
1307 2753 1587 2797 μεταρῥνέσκεσθαι
1601 2754 1643 2787 τὰ

934 2807 1035 2850 χρόνῳ
1049 2807 1101 2840 καὶ
1115 2807 1197 2849 πόνῳ
1211 2806 1410 2847 συλλεγέντα
1427 2806 1543 2850 ’μακρᾷ
1574 2806 1640 2838 Co-
