1806 3236
287 216 374 263 578

330 327 352 357 4
369 324 534 356 Auxilium
546 323 641 365 petiit
654 323 802 365 hominis]
814 323 989 357 >Horatius

288 374 331 407 ad
347 375 492 407 Fuscum
515 372 679 406 Aristium
703 372 852 407 fabulam
873 379 991 407 narrat

288 425 333 458 de
348 434 436 467 equo
451 428 488 456 et
500 434 601 456 cervo
614 435 624 457 z
658 425 668 442 ‘
684 424 888 466 Imploravit
907 434 990 467 opes

286 476 446 516 hominis,
471 475 676 517 frenumque
700 475 855 517 recepit?
911 476 990 509 Hac

286 526 403 560 fabula
426 525 572 568 primum
602 536 681 559 usus
705 531 758 559 est
778 526 991 560 Stesichorus

288 577 381 619 apud
398 577 618 610 Himerenses
631 577 794 610 adversus
805 578 991 620 Phalarim,

288 633 328 661 ut
344 628 451 661 tradit
465 627 672 661 Aristoteles
685 628 860 661 Rhetoric.
875 628 937 662 lib.
948 638 989 662 11.

287 681 344 713 20.
360 679 536 712 Camerar.
551 688 627 721 pag.
644 682 719 711 168.
741 679 819 720 Εἰς.

331 729 468 771 Levam]
499 730 638 762 Tollens
655 740 674 762 e
688 734 792 770 terra,
806 731 887 763 dum
902 732 938 763 in
953 740 990 764 se

287 781 412 823 recipit
427 790 606 815 sessorem.
629 780 735 820 Sohef.
758 805 779 821 .

330 835 350 864 5
373 832 478 864 Jactis
491 831 578 873 tetis]
622 832 816 865 Gronovius
838 832 882 865 ad
899 833 990 866 huuc

287 882 421 915 locum:
456 882 466 900 ‘
480 882 592 915 Video
608 888 760 915 mutasse
778 882 988 925 Rigaltiumz

288 933 332 964 ad
365 932 484 965 hostem
511 934 614 967 loetus.
658 934 768 973 Hunc,
795 935 849 976 εἷς’.
911 933 990 966 Non

288 983 416 1024 placet.
461 983 551 1016 Nam
577 984 669 1025 apud
682 984 839 1017 Tacitum
865 984 990 1027 legisse

287 1034 448 1067 memini:
481 1035 492 1054 ‘
509 1035 672 1077 'Felisque
702 1045 769 1067 non
801 1035 836 1067 in
865 1044 989 1067 vanum

279 1084 408 1127 jactis,’
431 1090 468 1118 et
489 1085 499 1104 ‘
515 1085 640 1120 Jacere
655 1085 822 1127 sagittas!
839 1085 848 1100 '
885 1085 990 1126 Scl'zef⁴

331 1134 429 1167 Hunc
450 1136 524 1168 telis
548 1137 654 1179 eques]
696 1137 764 1171 Ms.
787 1137 894 1169 Jactis
906 1137 989 1170 hunc

285 1185 359 1218 telis
386 1196 501 1227 equam
532 1187 625 1230 quod
659 1186 831 1220 Gronovio
858 1189 989 1230 placet,

290 1236 348 1279 qui
376 1237 469 1269 delet
495 1239 596 1270 laetus.
653 1238 802 1281 Omnino
831 1244 916 1281 puto
938 1240 990 1272 sic

288 1288 536 1331 disponendum
573 1290 706 1323 locum:
742 1293 753 1309 ‘
770 1291 867 1323 Petit
896 1292 990 1323 auxi-

287 1339 370 1371 lium
384 1339 540 1381 hominis,
554 1349 654 1382 quem
680 1340 780 1373 dorso
804 1342 923 1374 levans
939 1351 991 1374 re-

287 1389 341 1421 dit
354 1388 411 1422 Ad
426 1389 558 1422 hostem
574 1391 691 1423 laetus:
710 1391 817 1432 jactis
830 1392 921 1425 hunc
938 1397 990 1425 te-

286 1439 329 1472 lis
357 1440 485 1483 eques.'
541 1441 646 1473 Jactis
668 1442 740 1473 telis
765 1442 902 1484 proprie
924 1447 989 1476 est.

287 1490 345 1523 Sic
361 1491 479 1523 Caesar
494 1491 536 1523 de
549 1491 629 1524 bell.
640 1491 731 1525 Gall.
746 1491 807 1524 lib.
823 1500 880 1525 111.
893 1491 904 1510 ‘
919 1491 992 1524 Alii

287 1540 406 1572 multis
423 1541 500 1573 telis
516 1542 678 1584 conjectis
693 1540 887 1574 defensores
903 1542 990 1575 vallo

286 1590 599 1633 munitionibusque
613 1592 851 1633 depellerent?
887 1592 924 1625 Si
941 1597 992 1625 te-

285 1639 320 1671 la
335 1640 379 1672 de
395 1640 526 1672 balistis
549 1645 609 1673 aut
632 1642 813 1674 tormentis
829 1641 991 1684 explode-

284 1689 424 1731 bantur,
433 1691 555 1723 eadem
568 1691 663 1724 missa
677 1691 890 1725 dicebantur.
914 1693 990 1725 Cae·

287 1750 344 1772 sar
359 1741 436 1773 Bel.
459 1741 535 1774 CiV.
551 1742 614 1773 lib.
626 1751 683 1774 ιιι.
698 1745 752 1774 51.
775 1745 786 1760 ‘
801 1742 989 1784 Pompeius

286 1791 454 1822 tumulum
493 1791 660 1832 quendam
699 1792 894 1833 occupavit,
931 1793 989 1834 qui

285 1843 420 1874 tantum
445 1841 568 1874 aberat
593 1851 614 1874 a
635 1847 753 1874 nostro
780 1843 936 1882 castello,
950 1847 989 1875 ut

285 1891 392 1923 telum
424 1896 597 1924 tormento
624 1892 764 1924 missum
794 1892 887 1934 adigi
918 1902 987 1925 non

286 1944 426 1982 posset.’
468 1941 525 1975 Sic
537 1946 632 1974 recte
645 1943 712 1974 Ms.
754 1943 868 1984 Vulgo
885 1943 991 1984 pessi-

286 2000 341 2023 me
351 1995 551 2030 tormentum,
559 1993 614 2025 vel
623 1993 753 2025 missum
761 1993 857 2034 adjici
865 2004 879 2032 ‚·
895 1995 990 2028 nullo

285 2050 400 2073 sensu.
426 2042 514 2074 Gud.
550 2067 557 2070 -
665 2052 669 2055 ·

327 2094 347 2124 7
370 2092 523 2127 Precibus
536 2093 616 2135 tuis]
648 2094 732 2136 Pro,
746 2093 810 2127 tibi
823 2095 990 2136 precanti.

284 2141 392 2182 Schef.

328 2196 350 2225 9
372 2194 490 2226 Frenos
500 2193 587 2235 pati]
622 2194 702 2228 Huc
718 2195 888 2237 respicere
903 2201 988 2238 puto

285 2248 461 2276 auctorem
478 2245 672 2278 Declamat.
689 2254 774 2278 xm.
788 2249 820 2278 9.
834 2256 910 2289 quae
926 2247 989 2279 sub

285 2294 513 2328 Quinctiliani
549 2296 685 2328 nomine
719 2297 852 2328 editur:
889 2298 899 2315 ‘
918 2297 988 2329 Ciu·

283 2343 465 2380 infrenatis
481 2345 578 2388 equis
593 2345 704 2378 victor
719 2345 877 2378 insidet?
901 2347 988 2378 Bur-

283 2405 389 2430 manu.

328 2448 370 2478 10
403 2445 583 2479 Vindictam
608 2446 696 2480 Dum
716 2455 831 2487 quero,
855 2446 988 2479 servitu-

283 2498 348 2529 tem
360 2496 476 2538 reperi]
506 2497 610 2529 Hunc
621 2496 790 2538 generalis
805 2498 986 2530 sententiae

282 2556 418 2578 versum
445 2557 488 2578 ex
524 2547 589 2579 hoc
625 2548 700 2579 loco
729 2556 862 2578 sumere
891 2548 985 2580 licet.

282 2596 388 2631 Multi
405 2602 502 2631 tanta
523 2598 646 2630 ardent
669 2597 829 2629 vindictae
852 2598 984 2638 cupidi-

284 2650 370 2689 tate,
386 2651 423 2680 ut
438 2648 504 2690 ipsi
519 2658 585 2681 nou
601 2652 761 2681 recusent
772 2657 847 2680 sese
864 2647 898 2679 in
915 2658 985 2680 ser-

744 229 888 261 NOTAE
922 229 1187 263 VARIORUM
1220 231 1271 263 IN

1043 323 1187 357 vitutem
1196 324 1296 358 alteri
1308 325 1520 368 mancipare,
1527 324 1588 361 aut
1601 326 1642 360 in·
1649 324 1744 365 aliud

1042 375 1168 406 malum
1193 376 1374 417 proevisum
1400 378 1634 420 praecipitarc‚
1646 375 1744 412 dum·

1042 424 1144 457 modo
1157 425 1291 458 hostem
1306 432 1404 459 suum
1418 427 1482 460 sibi
1496 427 1614 462 ulcisci
1627 428 1744 462 liceat.

1041 474 1137 507 Talis
1150 479 1189 508 et
1201 475 1348 509 Hecuba
1369 477 1574 517 describitur
1587 479 1632 513 ab
1645 479 1747 513 Euri-

1043 524 1136 567 pide,
1172 534 1249 559 cum
1286 527 1336 559 sic
1365 527 1506 574 loquens
1541 529 1719 564 inducitur
1735 541 1746 564 ι

1042 575 1120 610 Τοὺς
1134 576 1246 610 κακοὺς
1270 576 1304 610 δὲ
1327 579 1547 624 τιμωρονμάιη,
1567 581 1668 615 Alana
1688 580 1747 615 τδν

1043 627 1208 668 σύμπαντα
1221 623 1384 663 emtam
1396 629 1498 664 θέλοις
1521 632 1557 665 id
1573 635 1624 665 est
1634 643 1645 665 z
1660 632 1746 674 Istos

1043 680 1140 711 malos
1152 679 1258 712 ulcisci
1271 681 1346 713 dum
1359 681 1451 714 licoat
1462 681 1554 726 meu,
1577 683 1636 715 Me
1647 683 1747 716 nervi-

1043 729 1107 762 tuti
1128 731 1305 773 mancipare
1327 730 1410 764 hand
1432 731 1666 777 abnuam
1688 743 1747 776 per

970 803 972 805 -
1042 789 1141 814 omne.
1185 781 1310 815 Cicero
1326 791 1463 826 quoque
1484 782 1576 826 apud
1593 782 1746 818 monem

1043 830 1101 865 lib.
1116 840 1215 866 xmv.
1242 833 1313 866 aitz
1344 833 1355 853 ⁴
1370 833 1489 875 Multi,
1513 833 1598 867 alios
1624 834 1747 873 ulcisci

1044 883 1234 925 cupientes,
1247 884 1315 926 ipsi
1331 893 1399 917 una
1412 884 1613 926 perierunt?
1630 885 1746 920 Quam

1044 938 1159 966 autem
1174 933 1325 968 fabulam
1339 934 1395 968 hic
1410 930 1578 969 Phaedrus
1598 935 1644 969 dc
1654 939 1749 979 'equo

1043 987 1081 1016 et
1096 993 1193 1027 apro,
1207 985 1351 1018 eandem
1372 984 1580 1020 Aristoteles
1599 994 1644 1020 ex
1667 985 1747 1021 ste-

1042 1033 1164 1066 sichori
1190 1033 1234 1067 ad
1257 1035 1482 1070 Himerenses
1495 1038 1652 1071 oratione
1665 1047 1746 1071 nar-

1043 1088 1099 1116 rat
1112 1084 1156 1117 de
1171 1094 1259 1128 equo
1283 1090 1320 1118 et
1341 1096 1445 1120 cervo
1461 1087 1635 1122 Rhetoric.
1661 1088 1686 1122 1.
1701 1096 1749 1122 n.

1041 1137 1095 1168 20.
1110 1133 1224 1169 Ἵππος
1237 1138 1366 1179 κατεῖχε
1379 1139 1514 1179 λειμῶνα
1525 1138 1629 1180 μόνος.
1640 1138 1748 1172 ἐλθόν-

1040 1196 1096 1217 τος
1110 1185 1136 1217 δ’
1150 1185 1281 1228 ἐλάφου,
1296 1186 1350 1220 καὶ
1366 1187 1595 1231 διαφθείραντος
1613 1188 1675 1228 ἢν
1695 1201 1747 1222 νο-

1041 1235 1115 1276 μὴν,
1125 1236 1314 1278 βουλόμενος
1320 1238 1748 1282 τιμωρήσασθαιτδνέλαφον,

1042 1285 1145 1327 ἠρώτα
1166 1285 1224 1319 τὸν
1237 1287 1406 1330 ἄνθρωπον,
1427 1289 1454 1322 εἰ
1467 1289 1591 1323 δύναιτο
1604 1291 1672 1332 μετ’
1691 1291 1746 1323 αὖ·

1042 1337 1099 1368 τοῦ
1112 1336 1247 1371 κολάσαι
1256 1338 1312 1371 τὸν
1326 1338 1455 1381 ἔλαφον.
1477 1341 1494 1373 ὁ
1508 1340 1542 1373 δὲ
1554 1340 1684 1383 ἔφησεν,
1692 1341 1747 1375 ἐὰν

1043 1386 1128 1431 λάβῃ
1143 1389 1286 1431 χαλινὸν,
1298 1390 1351 1423 καὶ
1364 1390 1456 1424 αὐτὸς
1466 1391 1569 1435 ἀναβῇ
1582 1392 1630 1425 ἐπ’
1641 1391 1747 1434 αὐτὸν,

1044 1437 1128 1478 ἔχων
1141 1439 1277 1474 ἀκόντια.
1303 1440 1614 1483 συνομολογήσαντος
1635 1441 1671 1475 δὲ
1694 1441 1749 1475 καὶ

1043 1487 1229 1530 ἀναβάντος,
1248 1491 1318 1523 ἀντὶ
1331 1492 1390 1524 τοῦ
1401 1491 1645 1535 τιμωρήσασθαι,
1655 1492 1748 1526 αὐτὸς

1045 1539 1226 1574 ἐδούλευσεν
1239 1541 1298 1580 ἤδη
1316 1543 1363 1583 τῷ
1384 1542 1538 1585 ἀνθρώπῳ.
1553 1543 1634 1576 οὕτω
1645 1543 1681 1576 δὲ
1694 1543 1747 1577 καὶ

1045 1590 1140 1632 ὑμεῖς,
1162 1594 1228 1624 &c.
1253 1591 1365 1635 inquit
1391 1593 1602 1626 Stesichorus
1626 1593 1746 1627 Hime-

1045 1641 1201 1674 rensibus
1229 1642 1403 1675 Phalarim
1436 1642 1560 1676 ducem
1583 1643 1746 1677 adversus

1043 1692 1160 1725 hostes
1175 1692 1302 1735 eligere
1318 1694 1521 1727 volentibus.
1548 1694 1632 1727 Ritt.

1087 1745 1130 1774 12
1146 1742 1229 1774 Hoec
1240 1743 1420 1785 iracundos]
1441 1743 1533 1777 oum
1543 1743 1578 1776 δὲ
1590 1744 1643 1777 nal
1653 1745 1749 1789 ὑμεῖς,

1041 1791 1154 1834 inquit
1170 1793 1261 1835 apud
1285 1793 1509 1827 Aristotelem
1523 1795 1749 1837 Stesichorus,

1041 1842 1134 1884 ὁρᾶτε
1146 1843 1189 1882 μὴ
1205 1842 1279 1876 τοὺς
1289 1843 1454 1884 πολεμίους
1465 1845 1648 1886 βουλόμενοι
1654 1856 1747 1885 τιμον·

1041 1892 1206 1936 ρήσασθαι,
1228 1893 1327 1926 ταύτὸ
1351 1893 1471 1934 πάθητε
1492 1896 1543 1937 τῷ.
1556 1894 1654 1938 ἵππῳ,
1680 1898 1748 1929 &c.

1043 1944 1158 1977 Faber.
1487 1969 1491 1972 -

1088 1997 1128 2028 13
1151 1995 1282 2036 Impune
1292 1995 1397 2036 potius
1409 1994 1498 2038 laedi]
1531 1995 1653 2038 Ellipt.
1669 2005 1745 2038 pro,

1045 2045 1162 2086 potius
1177 2054 1266 2087 esse,
1286 2046 1308 2079 i.
1321 2055 1353 2078 e.
1366 2045 1501 2084 melius,
1517 2046 1595 2078 laedi
1609 2045 1746 2090 impone,

1042 2095 1077 2127 h.
1092 2104 1123 2128 e.
1150 2095 1244 2127 nulla
1258 2099 1425 2137 sequente
1442 2105 1545 2137 poena
1568 2095 1746 2129 laesionem

1043 2155 1132 2187 eam,
1143 2145 1301 2178 elabente
1316 2155 1388 2178 reo.
1410 2145 1516 2185 Senes.
1675 2148 1677 2151 '

1085 2196 1212 2239 Potius]
1243 2197 1310 2230 Ma.
1323 2196 1451 2238 pocius.-
1473 2196 1744 2230 subaudiendum

1042 2257 1125 2280 vero
1137 2248 1193 2281 hic
1209 2253 1263 2281 est
1277 2249 1370 2281 uelle.-
1403 2247 1522 2281 fabula
1534 2248 1745 2289 admonebit,

1042 2299 1132 2331 velle
1147 2300 1277 2341 potius,
1291 2299 1325 2332 id
1341 2304 1407 2341 est,
1421 2300 1523 2332 malle
1537 2299 1633 2342 laedi,
1642 2308 1743 2346 quam

1041 2349 1122 2382 dedi
1138 2351 1252 2383 alteri.
1277 2350 1364 2382 Gud.

1083 2400 1175 2432 Loedi
1189 2410 1279 2442 quam
1290 2400 1378 2442 dedi]
1410 2398 1626 2442 Παρονομασία
1639 2403 1676 2432 et
1690 2399 1744 2432 ἆν-

1040 2448 1231 2482 vas-macas
1241 2451 1392 2492 elegans,
1401 2450 1429 2482 si
1441 2450 1486 2483 sit
1498 2459 1574 2482 rara
1589 2450 1626 2482 in
1635 2451 1702 2482 scri
1708 2460 1746 2492 p-

1042 2501 1098 2542 tis,
1114 2506 1273 2544 tanquam
1296 2501 1431 2541 ἥδυσμα,
1449 2509 1518 2532 non
1541 2499 1570 2531 si
1597 2499 1743 2532 subinde

1040 2558 1239 2593 reponatur,
1254 2555 1415 2593 tauquam
1432 2548 1566 2590 ἔδεσμαε
1600 2559 1668 2593 qua
1691 2550 1743 2583 af-

1039 2599 1224 2633 fectatione
1240 2605 1354 2633 tamen
1370 2600 1508 2643 quidam
1520 2599 1585 2633 sibi
1599 2601 1742 2636 mirifice

1040 2652 1191 2693 placent.
1214 2651 1299 2685 Rite.
