<?xml version="1.0" encoding="UTF-8"?>
<!DOCTYPE html PUBLIC "-//W3C//DTD XHTML 1.0 Transitional//EN"
    "http://www.w3.org/TR/xhtml1/DTD/xhtml1-transitional.dtd">
<html xmlns="http://www.w3.org/1999/xhtml" xml:lang="en" lang="en">
 <head>
  <title>
</title>
<meta http-equiv="Content-Type" content="text/html;charset=utf-8" />
  <meta name='ocr-system' content='tesseract 3.04.00' />
  <meta name='ocr-capabilities' content='ocr_page ocr_carea ocr_par ocr_line ocrx_word'/>
</head>
<body>
  <div class='ocr_page' id='page_1' title='image "./fabualeaesopiae00phaeuoft_0218.png"; bbox 0 0 1806 3236; ppageno 0'>
   <div class='ocr_carea' id='block_1_1' title="bbox 270 187 1450 252">
    <p class='ocr_par' dir='ltr' id='par_1_1' title="bbox 270 187 1450 252">
     <span class='ocr_line' id='line_1_1' title="bbox 270 187 1450 252; baseline -0.003 0"><span class='ocrx_word' id='word_1_1' title='bbox 270 209 356 252; x_wconf 73' lang='lat'><strong>206</strong></span> <span class='ocrx_word' id='word_1_2' title='bbox 552 217 750 249; x_wconf 82' lang='lat' dir='ltr'>PHAEDRI</span> <span class='ocrx_word' id='word_1_3' title='bbox 786 215 1096 249; x_wconf 77' lang='lat' dir='ltr'><strong>FABULARUM</strong></span> <span class='ocrx_word' id='word_1_4' title='bbox 1131 187 1450 250; x_wconf 47' lang='lat' dir='ltr'><strong>AEsoplARUM&#39;</strong></span> 
     </span>
    </p>
   </div>
   <div class='ocr_carea' id='block_1_2' title="bbox 271 311 1736 979">
    <p class='ocr_par' dir='ltr' id='par_1_2' title="bbox 273 311 1252 367">
     <span class='ocr_line' id='line_1_2' title="bbox 273 311 1252 367; baseline -0.003 -11"><span class='ocrx_word' id='word_1_5' title='bbox 273 313 475 367; x_wconf 85' lang='lat' dir='ltr'>Rogatus</span> <span class='ocrx_word' id='word_1_6' title='bbox 491 311 665 363; x_wconf 90' lang='lat' dir='ltr'><strong>deinde,</strong></span> <span class='ocrx_word' id='word_1_7' title='bbox 687 312 822 355; x_wconf 90' lang='lat' dir='ltr'><strong>solvit</strong></span> <span class='ocrx_word' id='word_1_8' title='bbox 841 324 1028 355; x_wconf 87' lang='lat' dir='ltr'><strong>errorem</strong></span> <span class='ocrx_word' id='word_1_9' title='bbox 1044 313 1252 356; x_wconf 89' lang='lat' dir='ltr'><strong>omnium.</strong></span> 
     </span>
    </p>

    <p class='ocr_par' dir='ltr' id='par_1_3' title="bbox 273 380 1377 432">
     <span class='ocr_line' id='line_1_3' title="bbox 273 380 1377 432; baseline -0.002 -8"><span class='ocrx_word' id='word_1_10' title='bbox 273 382 467 424; x_wconf 88' lang='lat' dir='ltr'><strong>Domum</strong></span> <span class='ocrx_word' id='word_1_11' title='bbox 487 383 530 422; x_wconf 91' lang='lat' dir='ltr'><strong>et</strong></span> <span class='ocrx_word' id='word_1_12' title='bbox 544 382 811 430; x_wconf 84' lang='lat' dir='ltr'><strong>ornamenta,</strong></span> <span class='ocrx_word' id='word_1_13' title='bbox 833 392 938 422; x_wconf 89' lang='lat' dir='ltr'><strong>cum</strong></span> <span class='ocrx_word' id='word_1_14' title='bbox 959 380 1157 422; x_wconf 78' lang='lat' dir='ltr'>venustis</span> <span class='ocrx_word' id='word_1_15' title='bbox 1174 380 1377 432; x_wconf 85' lang='lat' dir='ltr'><strong>hortulis,</strong></span> 
     </span>
    </p>

    <p class='ocr_par' dir='ltr' id='par_1_4' title="bbox 271 447 1731 572">
     <span class='ocr_line' id='line_1_4' title="bbox 272 447 1731 492; baseline 0 -1"><span class='ocrx_word' id='word_1_16' title='bbox 272 449 332 491; x_wconf 87' lang='lat' dir='ltr'><strong>Et</strong></span> <span class='ocrx_word' id='word_1_17' title='bbox 348 450 453 492; x_wconf 81' lang='lat' dir='ltr'><strong>vina</strong></span> <span class='ocrx_word' id='word_1_18' title='bbox 469 453 623 491; x_wconf 85' lang='lat' dir='ltr'><strong>vetera</strong></span> <span class='ocrx_word' id='word_1_19' title='bbox 637 447 743 490; x_wconf 86' lang='lat' dir='ltr'><strong>date</strong></span> <span class='ocrx_word' id='word_1_20' title='bbox 759 447 950 491; x_wconf 80' lang='lat' dir='ltr'><strong>lanificae</strong></span> <span class='ocrx_word' id='word_1_21' title='bbox 969 448 1148 491; x_wconf 77' lang='lat' dir='ltr'><strong>rusticae</strong></span> <span class='ocrx_word' id='word_1_22' title='bbox 1165 461 1183 491; x_wconf 75' lang='grc' dir='ltr'><strong>ε·</strong></span> <span class='ocrx_word' id='word_1_23' title='bbox 1669 447 1731 492; x_wconf 82' lang='lat'><strong>35</strong></span> 
     </span>
     <span class='ocr_line' id='line_1_5' title="bbox 271 515 1248 572; baseline 0 -13"><span class='ocrx_word' id='word_1_24' title='bbox 271 517 468 567; x_wconf 88' lang='lat' dir='ltr'><strong>Vestem,</strong></span> <span class='ocrx_word' id='word_1_25' title='bbox 487 515 686 566; x_wconf 84' lang='lat' dir='ltr'><strong>uniones,</strong></span> <span class='ocrx_word' id='word_1_26' title='bbox 706 515 1017 572; x_wconf 79' lang='lat' dir='ltr'><strong>pedissequOS,</strong></span> <span class='ocrx_word' id='word_1_27' title='bbox 1037 520 1082 559; x_wconf 91' lang='lat' dir='ltr'><strong>et</strong></span> <span class='ocrx_word' id='word_1_28' title='bbox 1100 521 1248 559; x_wconf 85' lang='lat' dir='ltr'><strong>cetera</strong></span> 
     </span>
    </p>

    <p class='ocr_par' dir='ltr' id='par_1_5' title="bbox 272 583 1186 638">
     <span class='ocr_line' id='line_1_6' title="bbox 272 583 1186 638; baseline -0.002 -10"><span class='ocrx_word' id='word_1_29' title='bbox 272 585 345 628; x_wconf 93' lang='lat' dir='ltr'><strong>Illi</strong></span> <span class='ocrx_word' id='word_1_30' title='bbox 364 583 597 638; x_wconf 85' lang='lat' dir='ltr'><strong>assignate,</strong></span> <span class='ocrx_word' id='word_1_31' title='bbox 620 583 755 625; x_wconf 84' lang='lat' dir='ltr'><strong>vitam</strong></span> <span class='ocrx_word' id='word_1_32' title='bbox 775 596 878 638; x_wconf 85' lang='lat' dir='ltr'><strong>quae</strong></span> <span class='ocrx_word' id='word_1_33' title='bbox 898 584 1010 627; x_wconf 87' lang='lat' dir='ltr'><strong>luxu</strong></span> <span class='ocrx_word' id='word_1_34' title='bbox 1030 584 1186 626; x_wconf 85' lang='lat' dir='ltr'><strong>trahit:</strong></span> 
     </span>
    </p>

    <p class='ocr_par' dir='ltr' id='par_1_6' title="bbox 277 651 1230 707">
     <span class='ocr_line' id='line_1_7' title="bbox 277 651 1230 707; baseline 0 -13"><span class='ocrx_word' id='word_1_35' title='bbox 277 651 432 706; x_wconf 81' lang='lat' dir='ltr'><strong>AgrOS,</strong></span> <span class='ocrx_word' id='word_1_36' title='bbox 453 652 583 703; x_wconf 88' lang='lat' dir='ltr'><strong>vites,</strong></span> <span class='ocrx_word' id='word_1_37' title='bbox 605 655 652 693; x_wconf 91' lang='lat' dir='ltr'><strong>et</strong></span> <span class='ocrx_word' id='word_1_38' title='bbox 670 664 834 706; x_wconf 88' lang='lat' dir='ltr'><strong>pecora</strong></span> <span class='ocrx_word' id='word_1_39' title='bbox 854 665 952 694; x_wconf 88' lang='lat' dir='ltr'><strong>cum</strong></span> <span class='ocrx_word' id='word_1_40' title='bbox 972 652 1230 707; x_wconf 83' lang='lat' dir='ltr'><strong>pastoribus</strong></span> 
     </span>
    </p>

    <p class='ocr_par' dir='ltr' id='par_1_7' title="bbox 272 718 1264 774">
     <span class='ocr_line' id='line_1_8' title="bbox 272 718 1264 774; baseline -0.003 -11"><span class='ocrx_word' id='word_1_41' title='bbox 272 720 448 763; x_wconf 83' lang='lat' dir='ltr'><strong>Donate</strong></span> <span class='ocrx_word' id='word_1_42' title='bbox 467 718 671 762; x_wconf 86' lang='lat' dir='ltr'><strong>moechae.</strong></span> <span class='ocrx_word' id='word_1_43' title='bbox 732 719 871 762; x_wconf 84' lang='lat' dir='ltr'><strong>Nulla</strong></span> <span class='ocrx_word' id='word_1_44' title='bbox 889 719 1058 773; x_wconf 88' lang='lat' dir='ltr'><strong>poterit</strong></span> <span class='ocrx_word' id='word_1_45' title='bbox 1075 719 1264 774; x_wconf 81' lang='lat' dir='ltr'><strong>perpeti,</strong></span> 
     </span>
    </p>

    <p class='ocr_par' dir='ltr' id='par_1_8' title="bbox 272 785 1736 910">
     <span class='ocr_line' id='line_1_9' title="bbox 273 785 1736 842; baseline 0.001 -12"><span class='ocrx_word' id='word_1_46' title='bbox 273 787 338 830; x_wconf 85' lang='lat' dir='ltr'><strong>Ut</strong></span> <span class='ocrx_word' id='word_1_47' title='bbox 354 788 548 830; x_wconf 88' lang='lat' dir='ltr'><strong>moribus</strong></span> <span class='ocrx_word' id='word_1_48' title='bbox 568 785 676 842; x_wconf 89' lang='lat' dir='ltr'><strong>quid</strong></span> <span class='ocrx_word' id='word_1_49' title='bbox 693 790 839 830; x_wconf 86' lang='lat' dir='ltr'><strong>teneat</strong></span> <span class='ocrx_word' id='word_1_50' title='bbox 857 787 1047 830; x_wconf 84' lang='lat' dir='ltr'><strong>alienum</strong></span> <span class='ocrx_word' id='word_1_51' title='bbox 1067 787 1177 829; x_wconf 86' lang='lat' dir='ltr'><strong>suis.</strong></span> <span class='ocrx_word' id='word_1_52' title='bbox 1612 813 1619 819; x_wconf 92' lang='lat'>-</span> <span class='ocrx_word' id='word_1_53' title='bbox 1678 789 1736 831; x_wconf 87' lang='grc'><strong>40</strong></span> 
     </span>
     <span class='ocr_line' id='line_1_10' title="bbox 272 854 1288 910; baseline 0 -13"><span class='ocrx_word' id='word_1_54' title='bbox 272 855 497 898; x_wconf 84' lang='lat' dir='ltr'><strong>Deformis</strong></span> <span class='ocrx_word' id='word_1_55' title='bbox 514 855 684 898; x_wconf 86' lang='lat' dir='ltr'><strong>cultum</strong></span> <span class='ocrx_word' id='word_1_56' title='bbox 705 854 878 906; x_wconf 86' lang='lat' dir='ltr'><strong>vendet,</strong></span> <span class='ocrx_word' id='word_1_57' title='bbox 898 857 946 896; x_wconf 89' lang='lat' dir='ltr'><strong>ut</strong></span> <span class='ocrx_word' id='word_1_58' title='bbox 964 854 1114 897; x_wconf 86' lang='lat' dir='ltr'><strong>vinum</strong></span> <span class='ocrx_word' id='word_1_59' title='bbox 1134 858 1288 910; x_wconf 86' lang='lat' dir='ltr'><strong>paret;</strong></span> 
     </span>
    </p>

    <p class='ocr_par' dir='ltr' id='par_1_9' title="bbox 272 921 1278 979">
     <span class='ocr_line' id='line_1_11' title="bbox 272 921 1278 979; baseline -0.001 -14"><span class='ocrx_word' id='word_1_60' title='bbox 272 922 419 979; x_wconf 86' lang='lat' dir='ltr'><strong>Agros</strong></span> <span class='ocrx_word' id='word_1_61' title='bbox 439 922 620 978; x_wconf 82' lang='lat' dir='ltr'><strong>abjiciet</strong></span> <span class='ocrx_word' id='word_1_62' title='bbox 634 921 827 974; x_wconf 83' lang='lat' dir='ltr'><strong>moecha,</strong></span> <span class='ocrx_word' id='word_1_63' title='bbox 845 925 895 964; x_wconf 86' lang='lat' dir='ltr'><strong>ut</strong></span> <span class='ocrx_word' id='word_1_64' title='bbox 911 924 1106 969; x_wconf 86' lang='lat' dir='ltr'><strong>ornatum</strong></span> <span class='ocrx_word' id='word_1_65' title='bbox 1127 925 1278 977; x_wconf 84' lang='lat' dir='ltr'><strong>paret3</strong></span> 
     </span>
    </p>
   </div>
   <div class='ocr_carea' id='block_1_3' title="bbox 271 1064 1739 1280">
    <p class='ocr_par' dir='ltr' id='par_1_10' title="bbox 271 1064 1739 1280">
     <span class='ocr_line' id='line_1_12' title="bbox 271 1064 1735 1106; baseline 0.001 -8"><span class='ocrx_word' id='word_1_66' title='bbox 271 1066 415 1106; x_wconf 69' lang='lat' dir='ltr'><strong>colligere</strong></span> <span class='ocrx_word' id='word_1_67' title='bbox 431 1075 554 1099; x_wconf 78' lang='lat' dir='ltr'><strong>sensum</strong></span> <span class='ocrx_word' id='word_1_68' title='bbox 573 1064 776 1098; x_wconf 73' lang='lat' dir='ltr'><strong>testamenti!</strong></span> <span class='ocrx_word' id='word_1_69' title='bbox 820 1065 905 1098; x_wconf 81' lang='lat' dir='ltr'><strong>Dein</strong></span> <span class='ocrx_word' id='word_1_70' title='bbox 929 1065 1047 1098; x_wconf 70' lang='lat' dir='ltr'><strong>cunctis</strong></span> <span class='ocrx_word' id='word_1_71' title='bbox 1068 1064 1279 1106; x_wconf 69' lang='lat' dir='ltr'><strong>hortantibus,</strong></span> <span class='ocrx_word' id='word_1_72' title='bbox 1299 1064 1415 1098; x_wconf 79' lang='lat' dir='ltr'><strong>levavit</strong></span> <span class='ocrx_word' id='word_1_73' title='bbox 1428 1074 1565 1098; x_wconf 79' lang='lat' dir='ltr'><strong>errorem</strong></span> <span class='ocrx_word' id='word_1_74' title='bbox 1588 1065 1735 1099; x_wconf 67' lang='lat' dir='ltr'><strong>omnium.</strong></span> 
     </span>
     <span class='ocr_line' id='line_1_13' title="bbox 274 1107 1739 1152; baseline 0 -10"><span class='ocrx_word' id='word_1_75' title='bbox 274 1109 421 1143; x_wconf 75' lang='lat' dir='ltr'><strong>Dividite</strong></span> <span class='ocrx_word' id='word_1_76' title='bbox 444 1109 577 1152; x_wconf 76' lang='lat' dir='ltr'><strong>lamflcae</strong></span> <span class='ocrx_word' id='word_1_77' title='bbox 600 1108 741 1149; x_wconf 75' lang='lat' dir='ltr'><strong>msticoe,</strong></span> <span class='ocrx_word' id='word_1_78' title='bbox 757 1110 852 1148; x_wconf 81' lang='lat' dir='ltr'><strong>oedes,</strong></span> <span class='ocrx_word' id='word_1_79' title='bbox 865 1112 1047 1142; x_wconf 79' lang='lat' dir='ltr'><strong>ornamenta</strong></span> <span class='ocrx_word' id='word_1_80' title='bbox 1066 1118 1137 1141; x_wconf 77' lang='lat' dir='ltr'><strong>cum</strong></span> <span class='ocrx_word' id='word_1_81' title='bbox 1161 1108 1304 1141; x_wconf 76' lang='lat' dir='ltr'><strong>delicatis</strong></span> <span class='ocrx_word' id='word_1_82' title='bbox 1325 1108 1470 1150; x_wconf 64' lang='lat' dir='ltr'><strong>hortulis,</strong></span> <span class='ocrx_word' id='word_1_83' title='bbox 1484 1111 1515 1141; x_wconf 76' lang='lat' dir='ltr'><strong>et</strong></span> <span class='ocrx_word' id='word_1_84' title='bbox 1529 1107 1635 1141; x_wconf 76' lang='lat' dir='ltr'><strong>vinum</strong></span> <span class='ocrx_word' id='word_1_85' title='bbox 1653 1109 1739 1142; x_wconf 74' lang='lat' dir='ltr'><strong>nnti-</strong></span> 
     </span>
     <span class='ocr_line' id='line_1_14' title="bbox 273 1150 1738 1194; baseline -0.001 -10"><span class='ocrx_word' id='word_1_86' title='bbox 273 1162 377 1194; x_wconf 81' lang='lat' dir='ltr'><strong>quum.</strong></span> <span class='ocrx_word' id='word_1_87' title='bbox 415 1152 556 1184; x_wconf 72' lang='lat' dir='ltr'><strong>Tribuite</strong></span> <span class='ocrx_word' id='word_1_88' title='bbox 567 1152 696 1193; x_wconf 79' lang='lat' dir='ltr'><strong>potrici,</strong></span> <span class='ocrx_word' id='word_1_89' title='bbox 709 1155 820 1192; x_wconf 82' lang='lat' dir='ltr'><strong>vestes,</strong></span> <span class='ocrx_word' id='word_1_90' title='bbox 831 1162 984 1193; x_wconf 78' lang='lat' dir='ltr'><strong>gemmas,</strong></span> <span class='ocrx_word' id='word_1_91' title='bbox 993 1161 1108 1192; x_wconf 75' lang='lat' dir='ltr'><strong>servos,</strong></span> <span class='ocrx_word' id='word_1_92' title='bbox 1119 1155 1152 1184; x_wconf 83' lang='lat' dir='ltr'><strong>et</strong></span> <span class='ocrx_word' id='word_1_93' title='bbox 1165 1155 1281 1185; x_wconf 76' lang='lat' dir='ltr'><strong>cetera.</strong></span> <span class='ocrx_word' id='word_1_94' title='bbox 1316 1151 1482 1184; x_wconf 75' lang='lat' dir='ltr'><strong>Concedite</strong></span> <span class='ocrx_word' id='word_1_95' title='bbox 1495 1150 1620 1183; x_wconf 70' lang='lat' dir='ltr'><strong>moeckae</strong></span> <span class='ocrx_word' id='word_1_96' title='bbox 1631 1160 1738 1192; x_wconf 71' lang='lat' dir='ltr'><strong>agros,</strong></span> 
     </span>
     <span class='ocr_line' id='line_1_15' title="bbox 272 1193 1738 1236; baseline -0.001 -9"><span class='ocrx_word' id='word_1_97' title='bbox 272 1196 366 1236; x_wconf 82' lang='lat' dir='ltr'><strong>vites,</strong></span> <span class='ocrx_word' id='word_1_98' title='bbox 380 1199 411 1228; x_wconf 85' lang='lat' dir='ltr'><strong>et</strong></span> <span class='ocrx_word' id='word_1_99' title='bbox 425 1198 567 1227; x_wconf 80' lang='lat' dir='ltr'><strong>armenta</strong></span> <span class='ocrx_word' id='word_1_100' title='bbox 580 1205 650 1227; x_wconf 78' lang='lat' dir='ltr'><strong>cum</strong></span> <span class='ocrx_word' id='word_1_101' title='bbox 661 1195 849 1236; x_wconf 65' lang='lat' dir='ltr'><strong>pastoribus.</strong></span> <span class='ocrx_word' id='word_1_102' title='bbox 893 1196 996 1227; x_wconf 75' lang='lat' dir='ltr'><strong>Nulla</strong></span> <span class='ocrx_word' id='word_1_103' title='bbox 1017 1204 1060 1227; x_wconf 87' lang='lat' dir='ltr'><strong>ex</strong></span> <span class='ocrx_word' id='word_1_104' title='bbox 1081 1195 1134 1227; x_wconf 85' lang='lat' dir='ltr'><strong>his</strong></span> <span class='ocrx_word' id='word_1_105' title='bbox 1152 1195 1270 1236; x_wconf 77' lang='lat' dir='ltr'><strong>poterit</strong></span> <span class='ocrx_word' id='word_1_106' title='bbox 1277 1193 1380 1235; x_wconf 83' lang='lat' dir='ltr'><strong>ferre,</strong></span> <span class='ocrx_word' id='word_1_107' title='bbox 1393 1197 1430 1227; x_wconf 74' lang='lat' dir='ltr'><strong>ut</strong></span> <span class='ocrx_word' id='word_1_108' title='bbox 1449 1194 1606 1236; x_wconf 72' lang='lat' dir='ltr'><strong>pmideat</strong></span> <span class='ocrx_word' id='word_1_109' title='bbox 1617 1194 1738 1236; x_wconf 72' lang='lat' dir='ltr'><strong>aliquid</strong></span> 
     </span>
     <span class='ocr_line' id='line_1_16' title="bbox 272 1236 1738 1280; baseline -0.001 -9"><span class='ocrx_word' id='word_1_110' title='bbox 272 1249 334 1272; x_wconf 77' lang='lat' dir='ltr'><strong>non</strong></span> <span class='ocrx_word' id='word_1_111' title='bbox 347 1238 527 1271; x_wconf 76' lang='lat' dir='ltr'><strong>conveniens</strong></span> <span class='ocrx_word' id='word_1_112' title='bbox 539 1238 605 1270; x_wconf 81' lang='lat' dir='ltr'><strong>suis</strong></span> <span class='ocrx_word' id='word_1_113' title='bbox 618 1237 768 1272; x_wconf 72' lang='lat' dir='ltr'><strong>moribus.</strong></span> <span class='ocrx_word' id='word_1_114' title='bbox 811 1237 1006 1280; x_wconf 62' lang='lat' dir='ltr'><strong>:turpissima</strong></span> <span class='ocrx_word' id='word_1_115' title='bbox 1019 1238 1129 1270; x_wconf 79' lang='lat' dir='ltr'><strong>vendet</strong></span> <span class='ocrx_word' id='word_1_116' title='bbox 1142 1238 1301 1280; x_wconf 82' lang='lat' dir='ltr'><strong>mundum,</strong></span> <span class='ocrx_word' id='word_1_117' title='bbox 1315 1239 1351 1270; x_wconf 77' lang='lat' dir='ltr'><strong>ut</strong></span> <span class='ocrx_word' id='word_1_118' title='bbox 1366 1239 1449 1270; x_wconf 81' lang='lat' dir='ltr'><strong>emat</strong></span> <span class='ocrx_word' id='word_1_119' title='bbox 1462 1236 1579 1271; x_wconf 72' lang='lat' dir='ltr'><strong>vim.</strong></span> <span class='ocrx_word' id='word_1_120' title='bbox 1611 1237 1738 1270; x_wconf 64' lang='grc' dir='ltr'><strong>Μαι-1η</strong></span> 
     </span>
    </p>
   </div>
   <div class='ocr_carea' id='block_1_4' title="bbox 883 1323 1121 1336">
    <p class='ocr_par' dir='ltr' id='par_1_11' title="bbox 883 1323 1121 1336">
     <span class='ocr_line' id='line_1_17' title="bbox 883 1323 1121 1336; baseline -0.004 0"><span class='ocrx_word' id='word_1_121' title='bbox 883 1323 1121 1336; x_wconf 60' lang='lat' dir='ltr'><strong>eeeeeeeeeee</strong></span> 
     </span>
    </p>
   </div>
   <div class='ocr_carea' id='block_1_5' title="bbox 272 1387 1777 2854">
    <p class='ocr_par' dir='ltr' id='par_1_12' title="bbox 272 1387 1777 2854">
     <span class='ocr_line' id='line_1_18' title="bbox 273 1387 1739 1431; baseline 0 -10"><span class='ocrx_word' id='word_1_122' title='bbox 273 1388 388 1422; x_wconf 88' lang='lat' dir='ltr'><strong>Bentl.</strong></span> <span class='ocrx_word' id='word_1_123' title='bbox 403 1387 493 1430; x_wconf 85' lang='lat' dir='ltr'><strong>quod</strong></span> <span class='ocrx_word' id='word_1_124' title='bbox 506 1387 633 1420; x_wconf 83' lang='lat' dir='ltr'><strong>nemini</strong></span> <span class='ocrx_word' id='word_1_125' title='bbox 646 1388 806 1430; x_wconf 81' lang='lat' dir='ltr'><strong>placebit.</strong></span> <span class='ocrx_word' id='word_1_126' title='bbox 828 1388 1017 1421; x_wconf 76' lang='lat' dir='ltr'><strong>Both.—32</strong></span> <span class='ocrx_word' id='word_1_127' title='bbox 1036 1387 1226 1422; x_wconf 72' lang='lat' dir='ltr'><strong>Potuissent.</strong></span> <span class='ocrx_word' id='word_1_128' title='bbox 1260 1388 1377 1422; x_wconf 88' lang='lat' dir='ltr'><strong>Bentl.</strong></span> <span class='ocrx_word' id='word_1_129' title='bbox 1387 1392 1424 1422; x_wconf 86' lang='lat' dir='ltr'><strong>et</strong></span> <span class='ocrx_word' id='word_1_130' title='bbox 1437 1387 1606 1431; x_wconf 81' lang='lat' dir='ltr'><strong>Cuningh.</strong></span> <span class='ocrx_word' id='word_1_131' title='bbox 1631 1391 1739 1430; x_wconf 76' lang='lat' dir='ltr'><strong>potue-</strong></span> 
     </span>
     <span class='ocr_line' id='line_1_19' title="bbox 272 1431 1739 1473; baseline 0.001 -9"><span class='ocrx_word' id='word_1_132' title='bbox 272 1433 437 1464; x_wconf 59' lang='lat' dir='ltr'><strong>rint—38</strong></span> <span class='ocrx_word' id='word_1_133' title='bbox 458 1431 577 1472; x_wconf 72' lang='lat' dir='ltr'><strong>Agros,</strong></span> <span class='ocrx_word' id='word_1_134' title='bbox 603 1432 694 1464; x_wconf 80' lang='lat' dir='ltr'><strong>vites.</strong></span> <span class='ocrx_word' id='word_1_135' title='bbox 729 1432 815 1463; x_wconf 86' lang='lat' dir='ltr'><strong>Mss.</strong></span> <span class='ocrx_word' id='word_1_136' title='bbox 847 1431 943 1465; x_wconf 91' lang='lat' dir='ltr'><strong>Pith.</strong></span> <span class='ocrx_word' id='word_1_137' title='bbox 973 1432 1070 1464; x_wconf 87' lang='lat' dir='ltr'><strong>Rem.</strong></span> <span class='ocrx_word' id='word_1_138' title='bbox 1095 1432 1206 1464; x_wconf 88' lang='lat' dir='ltr'><strong>Editt.</strong></span> <span class='ocrx_word' id='word_1_139' title='bbox 1228 1433 1396 1465; x_wconf 78' lang='lat' dir='ltr'><strong>Rittersh.</strong></span> <span class='ocrx_word' id='word_1_140' title='bbox 1422 1432 1546 1465; x_wconf 84' lang='lat' dir='ltr'><strong>Nevel.</strong></span> <span class='ocrx_word' id='word_1_141' title='bbox 1573 1435 1739 1473; x_wconf 80' lang='lat' dir='ltr'><strong>corrupte</strong></span> 
     </span>
     <span class='ocr_line' id='line_1_20' title="bbox 273 1473 1739 1515; baseline 0 -8"><span class='ocrx_word' id='word_1_142' title='bbox 273 1475 403 1507; x_wconf 84' lang='lat' dir='ltr'><strong>habent</strong></span> <span class='ocrx_word' id='word_1_143' title='bbox 417 1475 523 1515; x_wconf 78' lang='lat' dir='ltr'><strong>Agros</strong></span> <span class='ocrx_word' id='word_1_144' title='bbox 535 1474 652 1513; x_wconf 54' lang='lat' dir='ltr'><strong>utilem</strong></span> <span class='ocrx_word' id='word_1_145' title='bbox 668 1473 759 1506; x_wconf 91' lang='lat' dir='ltr'><strong>unde</strong></span> <span class='ocrx_word' id='word_1_146' title='bbox 774 1474 932 1507; x_wconf 79' lang='lat' dir='ltr'><strong>Pithoeus</strong></span> <span class='ocrx_word' id='word_1_147' title='bbox 947 1474 1145 1507; x_wconf 83' lang='lat' dir='ltr'><strong>emendavit</strong></span> <span class='ocrx_word' id='word_1_148' title='bbox 1158 1475 1247 1508; x_wconf 76' lang='lat' dir='ltr'><strong>vites.</strong></span> <span class='ocrx_word' id='word_1_149' title='bbox 1289 1475 1421 1508; x_wconf 70' lang='lat' dir='ltr'><strong>Postea</strong></span> <span class='ocrx_word' id='word_1_150' title='bbox 1435 1474 1570 1507; x_wconf 83' lang='lat' dir='ltr'><strong>Gndius</strong></span> <span class='ocrx_word' id='word_1_151' title='bbox 1584 1474 1739 1507; x_wconf 84' lang='lat' dir='ltr'><strong>correxit</strong></span> 
     </span>
     <span class='ocr_line' id='line_1_21' title="bbox 273 1516 1740 1559; baseline 0 -9"><span class='ocrx_word' id='word_1_152' title='bbox 273 1519 377 1558; x_wconf 76' lang='lat' dir='ltr'><strong>villas,</strong></span> <span class='ocrx_word' id='word_1_153' title='bbox 405 1516 498 1559; x_wconf 90' lang='lat' dir='ltr'><strong>quod</strong></span> <span class='ocrx_word' id='word_1_154' title='bbox 519 1521 728 1558; x_wconf 87' lang='lat' dir='ltr'><strong>receperunt</strong></span> <span class='ocrx_word' id='word_1_155' title='bbox 750 1517 903 1550; x_wconf 89' lang='lat' dir='ltr'><strong>Richter.</strong></span> <span class='ocrx_word' id='word_1_156' title='bbox 920 1518 1089 1559; x_wconf 84' lang='lat' dir='ltr'><strong>Hoogstr.</strong></span> <span class='ocrx_word' id='word_1_157' title='bbox 1103 1518 1231 1551; x_wconf 87' lang='lat' dir='ltr'><strong>Leonh.</strong></span> <span class='ocrx_word' id='word_1_158' title='bbox 1251 1517 1395 1551; x_wconf 87' lang='lat' dir='ltr'><strong>Lallem.</strong></span> <span class='ocrx_word' id='word_1_159' title='bbox 1417 1517 1480 1550; x_wconf 83' lang='lat' dir='ltr'><strong>sed</strong></span> <span class='ocrx_word' id='word_1_160' title='bbox 1491 1527 1542 1550; x_wconf 84' lang='lat' dir='ltr'><strong>vs.</strong></span> <span class='ocrx_word' id='word_1_161' title='bbox 1564 1519 1619 1551; x_wconf 75' lang='lat'><strong>23.</strong></span> <span class='ocrx_word' id='word_1_162' title='bbox 1633 1517 1740 1550; x_wconf 74' lang='lat' dir='ltr'><strong>villam</strong></span> 
     </span>
     <span class='ocr_line' id='line_1_22' title="bbox 273 1559 1738 1603; baseline -0.001 -10"><span class='ocrx_word' id='word_1_163' title='bbox 273 1561 438 1602; x_wconf 79' lang='lat' dir='ltr'><strong>singulari</strong></span> <span class='ocrx_word' id='word_1_164' title='bbox 464 1562 606 1592; x_wconf 84' lang='lat' dir='ltr'><strong>numero</strong></span> <span class='ocrx_word' id='word_1_165' title='bbox 636 1559 739 1601; x_wconf 86' lang='lat' dir='ltr'><strong>dixit,</strong></span> <span class='ocrx_word' id='word_1_166' title='bbox 769 1564 806 1593; x_wconf 90' lang='lat' dir='ltr'><strong>et</strong></span> <span class='ocrx_word' id='word_1_167' title='bbox 829 1561 945 1602; x_wconf 85' lang='lat' dir='ltr'><strong>plures</strong></span> <span class='ocrx_word' id='word_1_168' title='bbox 969 1559 1085 1603; x_wconf 84' lang='lat' dir='ltr'><strong>fuisse,</strong></span> <span class='ocrx_word' id='word_1_169' title='bbox 1105 1570 1173 1593; x_wconf 88' lang='lat' dir='ltr'><strong>non</strong></span> <span class='ocrx_word' id='word_1_170' title='bbox 1195 1564 1249 1593; x_wconf 85' lang='lat' dir='ltr'><strong>est</strong></span> <span class='ocrx_word' id='word_1_171' title='bbox 1270 1560 1472 1594; x_wconf 82' lang='lat' dir='ltr'><strong>verosimile.</strong></span> <span class='ocrx_word' id='word_1_172' title='bbox 1515 1559 1659 1594; x_wconf 56' lang='lat' dir='ltr'><strong>vidae.</strong></span> <span class='ocrx_word' id='word_1_173' title='bbox 1683 1563 1738 1593; x_wconf 80' lang='lat'><strong>12.</strong></span> 
     </span>
     <span class='ocr_line' id='line_1_23' title="bbox 274 1603 1740 1647; baseline -0.001 -10"><span class='ocrx_word' id='word_1_174' title='bbox 274 1605 400 1647; x_wconf 84' lang='lat' dir='ltr'><strong>Neque</strong></span> <span class='ocrx_word' id='word_1_175' title='bbox 420 1603 527 1635; x_wconf 89' lang='lat' dir='ltr'><strong>etiam</strong></span> <span class='ocrx_word' id='word_1_176' title='bbox 548 1603 654 1645; x_wconf 90' lang='lat' dir='ltr'><strong>objici</strong></span> <span class='ocrx_word' id='word_1_177' title='bbox 666 1607 783 1646; x_wconf 82' lang='lat' dir='ltr'><strong>potest</strong></span> <span class='ocrx_word' id='word_1_178' title='bbox 794 1613 815 1636; x_wconf 83' lang='lat' dir='ltr'><strong>a</strong></span> <span class='ocrx_word' id='word_1_179' title='bbox 829 1603 943 1636; x_wconf 88' lang='lat' dir='ltr'><strong>Gudio</strong></span> <span class='ocrx_word' id='word_1_180' title='bbox 958 1613 1002 1636; x_wconf 90' lang='lat' dir='ltr'><strong>ne</strong></span> <span class='ocrx_word' id='word_1_181' title='bbox 1015 1603 1159 1637; x_wconf 90' lang='lat' dir='ltr'><strong>verbulo</strong></span> <span class='ocrx_word' id='word_1_182' title='bbox 1174 1603 1312 1647; x_wconf 85' lang='lat' dir='ltr'><strong>quidem</strong></span> <span class='ocrx_word' id='word_1_183' title='bbox 1331 1614 1383 1637; x_wconf 86' lang='lat' dir='ltr'><strong>vs.</strong></span> <span class='ocrx_word' id='word_1_184' title='bbox 1399 1606 1455 1636; x_wconf 71' lang='lat'><strong>2³.</strong></span> <span class='ocrx_word' id='word_1_185' title='bbox 1469 1613 1521 1646; x_wconf 89' lang='lat' dir='ltr'><strong>sq.</strong></span> <span class='ocrx_word' id='word_1_186' title='bbox 1536 1611 1740 1636; x_wconf 72' lang='lat' dir='ltr'><strong>memorasse</strong></span> 
     </span>
     <span class='ocr_line' id='line_1_24' title="bbox 273 1645 1739 1690; baseline 0 -11"><span class='ocrx_word' id='word_1_187' title='bbox 273 1648 366 1688; x_wconf 76' lang='lat' dir='ltr'><strong>cites,</strong></span> <span class='ocrx_word' id='word_1_188' title='bbox 378 1656 454 1679; x_wconf 89' lang='lat' dir='ltr'><strong>cnm</strong></span> <span class='ocrx_word' id='word_1_189' title='bbox 470 1656 518 1680; x_wconf 84' lang='lat' dir='ltr'><strong>vs.</strong></span> <span class='ocrx_word' id='word_1_190' title='bbox 539 1649 593 1678; x_wconf 74' lang='lat'><strong>36.</strong></span> <span class='ocrx_word' id='word_1_191' title='bbox 609 1650 646 1678; x_wconf 84' lang='lat' dir='ltr'><strong>et</strong></span> <span class='ocrx_word' id='word_1_192' title='bbox 658 1650 825 1679; x_wconf 86' lang='lat' dir='ltr'><strong>memoret</strong></span> <span class='ocrx_word' id='word_1_193' title='bbox 843 1648 983 1689; x_wconf 72' lang='lat' dir='ltr'><strong>uniones,</strong></span> <span class='ocrx_word' id='word_1_194' title='bbox 1000 1647 1207 1690; x_wconf 70' lang='lat' dir='ltr'><strong>pedissequos,</strong></span> <span class='ocrx_word' id='word_1_195' title='bbox 1220 1657 1305 1690; x_wconf 88' lang='lat' dir='ltr'><strong>quos</strong></span> <span class='ocrx_word' id='word_1_196' title='bbox 1321 1657 1370 1679; x_wconf 87' lang='lat' dir='ltr'><strong>vs.</strong></span> <span class='ocrx_word' id='word_1_197' title='bbox 1390 1649 1444 1679; x_wconf 75' lang='lat'><strong>20.</strong></span> <span class='ocrx_word' id='word_1_198' title='bbox 1458 1656 1510 1690; x_wconf 85' lang='lat' dir='ltr'><strong>sq.</strong></span> <span class='ocrx_word' id='word_1_199' title='bbox 1525 1645 1652 1679; x_wconf 76' lang='lat' dir='ltr'><strong>omisit.</strong></span> <span class='ocrx_word' id='word_1_200' title='bbox 1675 1646 1739 1679; x_wconf 74' lang='lat' dir='ltr'><strong>Fa-</strong></span> 
     </span>
     <span class='ocr_line' id='line_1_25' title="bbox 274 1688 1739 1732; baseline 0.001 -11"><span class='ocrx_word' id='word_1_201' title='bbox 274 1691 339 1722; x_wconf 91' lang='lat' dir='ltr'><strong>cile</strong></span> <span class='ocrx_word' id='word_1_202' title='bbox 355 1689 492 1732; x_wconf 89' lang='lat' dir='ltr'><strong>quidem</strong></span> <span class='ocrx_word' id='word_1_203' title='bbox 508 1688 587 1730; x_wconf 85' lang='lat' dir='ltr'><strong>fuit,</strong></span> <span class='ocrx_word' id='word_1_204' title='bbox 608 1690 715 1722; x_wconf 76' lang='lat' dir='ltr'><strong>villum</strong></span> <span class='ocrx_word' id='word_1_205' title='bbox 729 1689 856 1731; x_wconf 86' lang='lat' dir='ltr'><strong>facere,</strong></span> <span class='ocrx_word' id='word_1_206' title='bbox 878 1690 953 1729; x_wconf 85' lang='lat' dir='ltr'><strong>sed,</strong></span> <span class='ocrx_word' id='word_1_207' title='bbox 977 1690 1057 1732; x_wconf 85' lang='lat' dir='ltr'><strong>quia</strong></span> <span class='ocrx_word' id='word_1_208' title='bbox 1072 1696 1155 1723; x_wconf 82' lang='lat' dir='ltr'><strong>tunc</strong></span> <span class='ocrx_word' id='word_1_209' title='bbox 1172 1700 1288 1722; x_wconf 82' lang='lat' dir='ltr'><strong>versus</strong></span> <span class='ocrx_word' id='word_1_210' title='bbox 1302 1689 1489 1728; x_wconf 78' lang='lat' dir='ltr'><strong>laboraret,</strong></span> <span class='ocrx_word' id='word_1_211' title='bbox 1506 1689 1663 1732; x_wconf 83' lang='lat' dir='ltr'><strong>copulam</strong></span> <span class='ocrx_word' id='word_1_212' title='bbox 1679 1689 1739 1722; x_wconf 71' lang='lat' dir='ltr'><strong>nd-</strong></span> 
     </span>
     <span class='ocr_line' id='line_1_26' title="bbox 274 1731 1738 1776; baseline 0.001 -12"><span class='ocrx_word' id='word_1_213' title='bbox 274 1734 341 1765; x_wconf 81' lang='lat' dir='ltr'><strong>buc</strong></span> <span class='ocrx_word' id='word_1_214' title='bbox 357 1733 496 1765; x_wconf 79' lang='lat' dir='ltr'><strong>intrusit</strong></span> <span class='ocrx_word' id='word_1_215' title='bbox 509 1732 627 1765; x_wconf 87' lang='lat' dir='ltr'><strong>Bentl.</strong></span> <span class='ocrx_word' id='word_1_216' title='bbox 648 1732 756 1773; x_wconf 79' lang='lat' dir='ltr'><strong>Agros</strong></span> <span class='ocrx_word' id='word_1_217' title='bbox 770 1736 802 1765; x_wconf 84' lang='lat' dir='ltr'><strong>et</strong></span> <span class='ocrx_word' id='word_1_218' title='bbox 815 1733 925 1765; x_wconf 83' lang='lat' dir='ltr'><strong>villam</strong></span> <span class='ocrx_word' id='word_1_219' title='bbox 939 1735 970 1764; x_wconf 84' lang='lat' dir='ltr'><strong>et</strong></span> <span class='ocrx_word' id='word_1_220' title='bbox 976 1742 1089 1774; x_wconf 83' lang='lat' dir='ltr'><strong>pecora</strong></span> <span class='ocrx_word' id='word_1_221' title='bbox 1103 1743 1173 1766; x_wconf 78' lang='lat' dir='ltr'><strong>cum</strong></span> <span class='ocrx_word' id='word_1_222' title='bbox 1182 1733 1373 1775; x_wconf 69' lang='lat' dir='ltr'><strong>pastoribus,</strong></span> <span class='ocrx_word' id='word_1_223' title='bbox 1388 1732 1605 1776; x_wconf 75' lang='lat' dir='ltr'><strong>improbante</strong></span> <span class='ocrx_word' id='word_1_224' title='bbox 1616 1731 1738 1774; x_wconf 71' lang='lat' dir='ltr'><strong>nario,</strong></span> 
     </span>
     <span class='ocr_line' id='line_1_27' title="bbox 273 1774 1739 1818; baseline -0.001 -10"><span class='ocrx_word' id='word_1_225' title='bbox 273 1775 463 1818; x_wconf 81' lang='lat' dir='ltr'><strong>[probante</strong></span> <span class='ocrx_word' id='word_1_226' title='bbox 487 1775 609 1817; x_wconf 85' lang='lat' dir='ltr'><strong>Both.]</strong></span> <span class='ocrx_word' id='word_1_227' title='bbox 635 1774 682 1807; x_wconf 88' lang='lat' dir='ltr'><strong>cf.</strong></span> <span class='ocrx_word' id='word_1_228' title='bbox 699 1776 817 1809; x_wconf 87' lang='lat' dir='ltr'><strong>Burm.</strong></span> <span class='ocrx_word' id='word_1_229' title='bbox 833 1776 891 1818; x_wconf 87' lang='lat' dir='ltr'><strong>qui</strong></span> <span class='ocrx_word' id='word_1_230' title='bbox 906 1776 1089 1817; x_wconf 86' lang='lat' dir='ltr'><strong>legendum</strong></span> <span class='ocrx_word' id='word_1_231' title='bbox 1110 1776 1273 1818; x_wconf 88' lang='lat' dir='ltr'><strong>proponit</strong></span> <span class='ocrx_word' id='word_1_232' title='bbox 1286 1776 1426 1818; x_wconf 78' lang='lat' dir='ltr'><strong>Agenos,</strong></span> <span class='ocrx_word' id='word_1_233' title='bbox 1439 1776 1544 1808; x_wconf 75' lang='lat' dir='ltr'><strong>villam</strong></span> <span class='ocrx_word' id='word_1_234' title='bbox 1558 1778 1592 1808; x_wconf 79' lang='lat' dir='ltr'><strong>et</strong></span> <span class='ocrx_word' id='word_1_235' title='bbox 1602 1784 1714 1817; x_wconf 81' lang='lat' dir='ltr'><strong>pecora</strong></span> <span class='ocrx_word' id='word_1_236' title='bbox 1725 1786 1739 1814; x_wconf 86' lang='grc'><strong>,-</strong></span> 
     </span>
     <span class='ocr_line' id='line_1_28' title="bbox 274 1817 1739 1861; baseline -0.001 -10"><span class='ocrx_word' id='word_1_237' title='bbox 274 1818 384 1861; x_wconf 87' lang='lat' dir='ltr'><strong>[quod</strong></span> <span class='ocrx_word' id='word_1_238' title='bbox 408 1817 522 1850; x_wconf 85' lang='lat' dir='ltr'><strong>edidit</strong></span> <span class='ocrx_word' id='word_1_239' title='bbox 549 1817 698 1859; x_wconf 77' lang='lat' dir='ltr'><strong>Anton.]</strong></span> <span class='ocrx_word' id='word_1_240' title='bbox 721 1818 840 1851; x_wconf 82' lang='lat' dir='ltr'><strong>Heius.</strong></span> <span class='ocrx_word' id='word_1_241' title='bbox 866 1827 948 1850; x_wconf 88' lang='lat' dir='ltr'><strong>vero</strong></span> <span class='ocrx_word' id='word_1_242' title='bbox 976 1818 1083 1858; x_wconf 82' lang='lat' dir='ltr'><strong>Agros</strong></span> <span class='ocrx_word' id='word_1_243' title='bbox 1107 1819 1217 1851; x_wconf 75' lang='lat' dir='ltr'><strong>avitos.</strong></span> <span class='ocrx_word' id='word_1_244' title='bbox 1254 1818 1407 1850; x_wconf 85' lang='lat' dir='ltr'><strong>Harius:</strong></span> <span class='ocrx_word' id='word_1_245' title='bbox 1440 1819 1618 1860; x_wconf 57' lang='lat' dir='ltr'><strong>Atwg-ros,</strong></span> <span class='ocrx_word' id='word_1_246' title='bbox 1630 1818 1739 1850; x_wconf 76' lang='lat' dir='ltr'><strong>villom</strong></span> 
     </span>
     <span class='ocr_line' id='line_1_29' title="bbox 273 1860 1740 1904; baseline -0.001 -9"><span class='ocrx_word' id='word_1_247' title='bbox 273 1866 306 1896; x_wconf 81' lang='lat' dir='ltr'><strong>et</strong></span> <span class='ocrx_word' id='word_1_248' title='bbox 315 1863 524 1904; x_wconf 44' lang='grc' dir='ltr'><strong>μαθων-41</strong></span> <span class='ocrx_word' id='word_1_249' title='bbox 545 1861 591 1892; x_wconf 81' lang='lat' dir='ltr'><strong>Ut</strong></span> <span class='ocrx_word' id='word_1_250' title='bbox 606 1861 713 1893; x_wconf 81' lang='lat' dir='ltr'><strong>vinum</strong></span> <span class='ocrx_word' id='word_1_251' title='bbox 723 1864 826 1902; x_wconf 79' lang='lat' dir='ltr'><strong>paret.</strong></span> <span class='ocrx_word' id='word_1_252' title='bbox 849 1861 907 1894; x_wconf 89' lang='lat' dir='ltr'><strong>Ita</strong></span> <span class='ocrx_word' id='word_1_253' title='bbox 920 1861 1047 1903; x_wconf 86' lang='lat' dir='ltr'><strong>legitur</strong></span> <span class='ocrx_word' id='word_1_254' title='bbox 1061 1861 1097 1893; x_wconf 90' lang='lat' dir='ltr'><strong>in</strong></span> <span class='ocrx_word' id='word_1_255' title='bbox 1107 1861 1175 1894; x_wconf 88' lang='lat' dir='ltr'><strong>Ms.</strong></span> <span class='ocrx_word' id='word_1_256' title='bbox 1189 1861 1284 1894; x_wconf 88' lang='lat' dir='ltr'><strong>Pith.</strong></span> <span class='ocrx_word' id='word_1_257' title='bbox 1299 1865 1336 1893; x_wconf 89' lang='lat' dir='ltr'><strong>et</strong></span> <span class='ocrx_word' id='word_1_258' title='bbox 1352 1860 1462 1894; x_wconf 89' lang='lat' dir='ltr'><strong>Editt.</strong></span> <span class='ocrx_word' id='word_1_259' title='bbox 1478 1861 1646 1894; x_wconf 81' lang='lat' dir='ltr'><strong>Rittersb.</strong></span> <span class='ocrx_word' id='word_1_260' title='bbox 1668 1861 1740 1894; x_wconf 83' lang='lat' dir='ltr'><strong>Ne-</strong></span> 
     </span>
     <span class='ocr_line' id='line_1_30' title="bbox 274 1903 1740 1946; baseline -0.001 -9"><span class='ocrx_word' id='word_1_261' title='bbox 274 1906 341 1937; x_wconf 89' lang='lat' dir='ltr'><strong>vel.</strong></span> <span class='ocrx_word' id='word_1_262' title='bbox 364 1904 450 1937; x_wconf 85' lang='lat' dir='ltr'><strong>Fab.</strong></span> <span class='ocrx_word' id='word_1_263' title='bbox 472 1904 604 1945; x_wconf 83' lang='lat' dir='ltr'><strong>Rigalt.</strong></span> <span class='ocrx_word' id='word_1_264' title='bbox 629 1906 663 1936; x_wconf 81' lang='grc'><strong>2.</strong></span> <span class='ocrx_word' id='word_1_265' title='bbox 688 1904 803 1937; x_wconf 85' lang='lat' dir='ltr'><strong>Ursin.</strong></span> <span class='ocrx_word' id='word_1_266' title='bbox 827 1903 986 1936; x_wconf 80' lang='lat' dir='ltr'><strong>Maittar.</strong></span> <span class='ocrx_word' id='word_1_267' title='bbox 1011 1904 1153 1937; x_wconf 89' lang='lat' dir='ltr'><strong>Lallem.</strong></span> <span class='ocrx_word' id='word_1_268' title='bbox 1178 1904 1307 1937; x_wconf 83' lang='lat' dir='ltr'><strong>Leonb.</strong></span> <span class='ocrx_word' id='word_1_269' title='bbox 1321 1903 1491 1946; x_wconf 79' lang='lat' dir='ltr'><strong>Cuningh.</strong></span> <span class='ocrx_word' id='word_1_270' title='bbox 1506 1903 1640 1936; x_wconf 88' lang='lat' dir='ltr'><strong>Brindl.</strong></span> <span class='ocrx_word' id='word_1_271' title='bbox 1656 1903 1740 1937; x_wconf 81' lang='lat' dir='ltr'><strong>Phi-</strong></span> 
     </span>
     <span class='ocr_line' id='line_1_31' title="bbox 274 1946 1777 1990; baseline -0.001 -10"><span class='ocrx_word' id='word_1_272' title='bbox 274 1949 361 1990; x_wconf 90' lang='lat' dir='ltr'><strong>lipp.</strong></span> <span class='ocrx_word' id='word_1_273' title='bbox 377 1947 519 1979; x_wconf 89' lang='lat' dir='ltr'><strong>Petsch.</strong></span> <span class='ocrx_word' id='word_1_274' title='bbox 535 1947 656 1980; x_wconf 86' lang='lat' dir='ltr'><strong>Didot.</strong></span> <span class='ocrx_word' id='word_1_275' title='bbox 693 1947 794 1981; x_wconf 83' lang='lat' dir='ltr'><strong>Quod</strong></span> <span class='ocrx_word' id='word_1_276' title='bbox 810 1947 891 1988; x_wconf 89' lang='lat' dir='ltr'><strong>quia</strong></span> <span class='ocrx_word' id='word_1_277' title='bbox 905 1947 980 1979; x_wconf 88' lang='lat' dir='ltr'><strong>aliis</strong></span> <span class='ocrx_word' id='word_1_278' title='bbox 996 1951 1140 1989; x_wconf 88' lang='lat' dir='ltr'><strong>propter</strong></span> <span class='ocrx_word' id='word_1_279' title='bbox 1150 1950 1255 1989; x_wconf 81' lang='lat' dir='ltr'><strong>paret,</strong></span> <span class='ocrx_word' id='word_1_280' title='bbox 1268 1957 1318 1979; x_wconf 88' lang='lat' dir='ltr'><strong>vs.</strong></span> <span class='ocrx_word' id='word_1_281' title='bbox 1332 1957 1382 1990; x_wconf 83' lang='lat' dir='ltr'><strong>sq.</strong></span> <span class='ocrx_word' id='word_1_282' title='bbox 1398 1946 1598 1989; x_wconf 86' lang='lat' dir='ltr'><strong>repetitum,</strong></span> <span class='ocrx_word' id='word_1_283' title='bbox 1611 1947 1739 1979; x_wconf 82' lang='lat' dir='ltr'><strong>ineom-</strong></span> <span class='ocrx_word' id='word_1_284' title='bbox 1770 1982 1777 1988; x_wconf 61' lang='grc'>,</span> 
     </span>
     <span class='ocr_line' id='line_1_32' title="bbox 274 1989 1739 2032; baseline -0.001 -9"><span class='ocrx_word' id='word_1_285' title='bbox 274 1990 415 2023; x_wconf 89' lang='lat' dir='ltr'><strong>modum</strong></span> <span class='ocrx_word' id='word_1_286' title='bbox 439 1990 590 2030; x_wconf 87' lang='lat' dir='ltr'><strong>videtur,</strong></span> <span class='ocrx_word' id='word_1_287' title='bbox 612 1989 708 2021; x_wconf 88' lang='lat' dir='ltr'><strong>varia</strong></span> <span class='ocrx_word' id='word_1_288' title='bbox 735 1993 881 2023; x_wconf 87' lang='lat' dir='ltr'><strong>tentant.</strong></span> <span class='ocrx_word' id='word_1_289' title='bbox 913 1990 950 2024; x_wconf 85' lang='lat' dir='ltr'><strong>J.</strong></span> <span class='ocrx_word' id='word_1_290' title='bbox 966 1990 1006 2023; x_wconf 80' lang='lat' dir='ltr'><strong>F.</strong></span> <span class='ocrx_word' id='word_1_291' title='bbox 1027 1991 1179 2022; x_wconf 89' lang='lat' dir='ltr'><strong>Gronov.</strong></span> <span class='ocrx_word' id='word_1_292' title='bbox 1205 1989 1352 2022; x_wconf 87' lang='lat' dir='ltr'><strong>rescribi</strong></span> <span class='ocrx_word' id='word_1_293' title='bbox 1372 1990 1490 2032; x_wconf 87' lang='lat' dir='ltr'><strong>jussit,</strong></span> <span class='ocrx_word' id='word_1_294' title='bbox 1511 1991 1618 2023; x_wconf 73' lang='lat' dir='ltr'><strong>vinum</strong></span> <span class='ocrx_word' id='word_1_295' title='bbox 1634 1993 1739 2032; x_wconf 77' lang='lat' dir='ltr'><strong>petat,</strong></span> 
     </span>
     <span class='ocr_line' id='line_1_33' title="bbox 274 2033 1737 2076; baseline -0.001 -9"><span class='ocrx_word' id='word_1_296' title='bbox 274 2034 411 2067; x_wconf 81' lang='lat' dir='ltr'><strong>firmans</strong></span> <span class='ocrx_word' id='word_1_297' title='bbox 422 2034 658 2075; x_wconf 84' lang='lat' dir='ltr'><strong>conjecturam</strong></span> <span class='ocrx_word' id='word_1_298' title='bbox 671 2042 764 2065; x_wconf 85' lang='lat' dir='ltr'><strong>suam</strong></span> <span class='ocrx_word' id='word_1_299' title='bbox 782 2033 858 2065; x_wconf 91' lang='lat' dir='ltr'><strong>loco</strong></span> <span class='ocrx_word' id='word_1_300' title='bbox 871 2033 966 2066; x_wconf 88' lang='lat' dir='ltr'><strong>Suet.</strong></span> <span class='ocrx_word' id='word_1_301' title='bbox 992 2033 1113 2066; x_wconf 84' lang='lat' dir='ltr'><strong>Claud.</strong></span> <span class='ocrx_word' id='word_1_302' title='bbox 1134 2036 1188 2066; x_wconf 80' lang='lat'><strong>40.</strong></span> <span class='ocrx_word' id='word_1_303' title='bbox 1209 2034 1219 2051; x_wconf 90' lang='lat'>‘</span> <span class='ocrx_word' id='word_1_304' title='bbox 1232 2033 1482 2076; x_wconf 81' lang='lat' dir='ltr'><strong>descripsitque</strong></span> <span class='ocrx_word' id='word_1_305' title='bbox 1495 2033 1737 2066; x_wconf 74' lang='lat' dir='ltr'><strong>abundantiam</strong></span> 
     </span>
     <span class='ocr_line' id='line_1_34' title="bbox 274 2075 1737 2119; baseline 0 -10"><span class='ocrx_word' id='word_1_306' title='bbox 274 2082 433 2109; x_wconf 89' lang='lat' dir='ltr'><strong>veterum</strong></span> <span class='ocrx_word' id='word_1_307' title='bbox 450 2076 683 2117; x_wconf 82' lang='lat' dir='ltr'><strong>tabernarum,</strong></span> <span class='ocrx_word' id='word_1_308' title='bbox 708 2075 800 2108; x_wconf 90' lang='lat' dir='ltr'><strong>unde</strong></span> <span class='ocrx_word' id='word_1_309' title='bbox 824 2076 945 2108; x_wconf 89' lang='lat' dir='ltr'><strong>solitus</strong></span> <span class='ocrx_word' id='word_1_310' title='bbox 969 2081 1062 2109; x_wconf 79' lang='lat' dir='ltr'><strong>esset</strong></span> <span class='ocrx_word' id='word_1_311' title='bbox 1087 2076 1201 2108; x_wconf 86' lang='lat' dir='ltr'><strong>vinum</strong></span> <span class='ocrx_word' id='word_1_312' title='bbox 1217 2076 1296 2108; x_wconf 92' lang='lat' dir='ltr'><strong>olim</strong></span> <span class='ocrx_word' id='word_1_313' title='bbox 1315 2076 1440 2118; x_wconf 90' lang='lat' dir='ltr'><strong>etipse</strong></span> <span class='ocrx_word' id='word_1_314' title='bbox 1460 2075 1605 2119; x_wconf 64' lang='lat' dir='ltr'><strong>petere?</strong></span> <span class='ocrx_word' id='word_1_315' title='bbox 1649 2075 1737 2110; x_wconf 63' lang='lat' dir='ltr'><strong>Qum</strong></span> 
     </span>
     <span class='ocr_line' id='line_1_35' title="bbox 275 2118 1738 2162; baseline -0.001 -9"><span class='ocrx_word' id='word_1_316' title='bbox 275 2119 471 2153; x_wconf 87' lang='lat' dir='ltr'><strong>emendatio</strong></span> <span class='ocrx_word' id='word_1_317' title='bbox 499 2118 610 2151; x_wconf 88' lang='lat' dir='ltr'><strong>facilis</strong></span> <span class='ocrx_word' id='word_1_318' title='bbox 635 2119 791 2161; x_wconf 84' lang='lat' dir='ltr'><strong>plurimis</strong></span> <span class='ocrx_word' id='word_1_319' title='bbox 818 2118 1008 2152; x_wconf 85' lang='lat' dir='ltr'><strong>editoribus</strong></span> <span class='ocrx_word' id='word_1_320' title='bbox 1033 2119 1175 2161; x_wconf 87' lang='lat' dir='ltr'><strong>placuit,</strong></span> <span class='ocrx_word' id='word_1_321' title='bbox 1195 2119 1263 2162; x_wconf 88' lang='lat' dir='ltr'><strong>[sic</strong></span> <span class='ocrx_word' id='word_1_322' title='bbox 1288 2118 1400 2152; x_wconf 87' lang='lat' dir='ltr'><strong>edidit</strong></span> <span class='ocrx_word' id='word_1_323' title='bbox 1421 2118 1567 2162; x_wconf 88' lang='lat' dir='ltr'><strong>Anton.]</strong></span> <span class='ocrx_word' id='word_1_324' title='bbox 1589 2119 1738 2152; x_wconf 80' lang='lat' dir='ltr'><strong>maxime</strong></span> 
     </span>
     <span class='ocr_line' id='line_1_36' title="bbox 275 2162 1738 2205; baseline -0.001 -9"><span class='ocrx_word' id='word_1_325' title='bbox 275 2173 352 2196; x_wconf 83' lang='lat' dir='ltr'><strong>cum</strong></span> <span class='ocrx_word' id='word_1_326' title='bbox 363 2172 479 2204; x_wconf 79' lang='lat' dir='ltr'><strong>parare</strong></span> <span class='ocrx_word' id='word_1_327' title='bbox 494 2166 530 2194; x_wconf 90' lang='lat' dir='ltr'><strong>et</strong></span> <span class='ocrx_word' id='word_1_328' title='bbox 541 2166 648 2204; x_wconf 82' lang='lat' dir='ltr'><strong>petere</strong></span> <span class='ocrx_word' id='word_1_329' title='bbox 662 2162 767 2195; x_wconf 88' lang='lat' dir='ltr'><strong>etiam</strong></span> <span class='ocrx_word' id='word_1_330' title='bbox 789 2162 874 2194; x_wconf 88' lang='lat' dir='ltr'><strong>alias</strong></span> <span class='ocrx_word' id='word_1_331' title='bbox 897 2162 1061 2195; x_wconf 84' lang='lat' dir='ltr'><strong>confundi</strong></span> <span class='ocrx_word' id='word_1_332' title='bbox 1077 2163 1212 2196; x_wconf 85' lang='lat' dir='ltr'><strong>soleant</strong></span> <span class='ocrx_word' id='word_1_333' title='bbox 1225 2172 1246 2194; x_wconf 86' lang='lat' dir='ltr'><strong>a</strong></span> <span class='ocrx_word' id='word_1_334' title='bbox 1260 2162 1424 2204; x_wconf 82' lang='lat' dir='ltr'><strong>librariis,</strong></span> <span class='ocrx_word' id='word_1_335' title='bbox 1440 2167 1478 2196; x_wconf 89' lang='lat' dir='ltr'><strong>et</strong></span> <span class='ocrx_word' id='word_1_336' title='bbox 1484 2165 1576 2204; x_wconf 74' lang='lat' dir='ltr'><strong>paret</strong></span> <span class='ocrx_word' id='word_1_337' title='bbox 1590 2172 1610 2195; x_wconf 86' lang='lat' dir='ltr'><strong>e</strong></span> <span class='ocrx_word' id='word_1_338' title='bbox 1624 2171 1674 2195; x_wconf 84' lang='lat' dir='ltr'><strong>vs.</strong></span> <span class='ocrx_word' id='word_1_339' title='bbox 1685 2172 1738 2205; x_wconf 79' lang='lat' dir='ltr'><strong>sq.</strong></span> 
     </span>
     <span class='ocr_line' id='line_1_37' title="bbox 275 2204 1738 2248; baseline -0.001 -10"><span class='ocrx_word' id='word_1_340' title='bbox 275 2207 342 2238; x_wconf 87' lang='lat' dir='ltr'><strong>hnc</strong></span> <span class='ocrx_word' id='word_1_341' title='bbox 359 2211 507 2238; x_wconf 84' lang='lat' dir='ltr'><strong>tractum</strong></span> <span class='ocrx_word' id='word_1_342' title='bbox 524 2205 704 2245; x_wconf 81' lang='lat' dir='ltr'><strong>videatur3</strong></span> <span class='ocrx_word' id='word_1_343' title='bbox 732 2204 776 2236; x_wconf 89' lang='lat' dir='ltr'><strong>de</strong></span> <span class='ocrx_word' id='word_1_344' title='bbox 798 2215 864 2248; x_wconf 90' lang='lat' dir='ltr'><strong>quo</strong></span> <span class='ocrx_word' id='word_1_345' title='bbox 888 2205 1028 2238; x_wconf 87' lang='lat' dir='ltr'><strong>uberius</strong></span> <span class='ocrx_word' id='word_1_346' title='bbox 1049 2205 1203 2248; x_wconf 77' lang='lat' dir='ltr'><strong>disputat</strong></span> <span class='ocrx_word' id='word_1_347' title='bbox 1224 2205 1342 2238; x_wconf 90' lang='lat' dir='ltr'><strong>Burm.</strong></span> <span class='ocrx_word' id='word_1_348' title='bbox 1358 2205 1400 2237; x_wconf 83' lang='lat' dir='ltr'><strong>ad</strong></span> <span class='ocrx_word' id='word_1_349' title='bbox 1416 2206 1578 2247; x_wconf 85' lang='lat' dir='ltr'><strong>Calpurn.</strong></span> <span class='ocrx_word' id='word_1_350' title='bbox 1598 2204 1651 2238; x_wconf 89' lang='lat' dir='ltr'><strong>Fl.</strong></span> <span class='ocrx_word' id='word_1_351' title='bbox 1666 2205 1738 2243; x_wconf 78' lang='lat' dir='ltr'><strong>De-</strong></span> 
     </span>
     <span class='ocr_line' id='line_1_38' title="bbox 275 2247 1739 2290; baseline 0 -10"><span class='ocrx_word' id='word_1_352' title='bbox 275 2250 377 2281; x_wconf 88' lang='lat' dir='ltr'><strong>clam.</strong></span> <span class='ocrx_word' id='word_1_353' title='bbox 395 2257 482 2281; x_wconf 82' lang='lat' dir='ltr'><strong>xxv.</strong></span> <span class='ocrx_word' id='word_1_354' title='bbox 500 2248 567 2280; x_wconf 87' lang='lat' dir='ltr'><strong>Sed</strong></span> <span class='ocrx_word' id='word_1_355' title='bbox 582 2257 650 2280; x_wconf 91' lang='lat' dir='ltr'><strong>non</strong></span> <span class='ocrx_word' id='word_1_356' title='bbox 666 2248 784 2290; x_wconf 87' lang='lat' dir='ltr'><strong>inepte</strong></span> <span class='ocrx_word' id='word_1_357' title='bbox 798 2248 969 2289; x_wconf 78' lang='lat' dir='ltr'><strong>vulgatam</strong></span> <span class='ocrx_word' id='word_1_358' title='bbox 983 2249 1166 2281; x_wconf 90' lang='lat' dir='ltr'><strong>lectionem</strong></span> <span class='ocrx_word' id='word_1_359' title='bbox 1182 2247 1455 2282; x_wconf 82' lang='lat' dir='ltr'><strong>tueturDesbill.</strong></span> <span class='ocrx_word' id='word_1_360' title='bbox 1470 2258 1490 2281; x_wconf 88' lang='lat' dir='ltr'><strong>e</strong></span> <span class='ocrx_word' id='word_1_361' title='bbox 1502 2249 1581 2282; x_wconf 84' lang='lat' dir='ltr'><strong>Ter.</strong></span> <span class='ocrx_word' id='word_1_362' title='bbox 1591 2247 1700 2281; x_wconf 84' lang='lat' dir='ltr'><strong>Andr.</strong></span> <span class='ocrx_word' id='word_1_363' title='bbox 1711 2257 1739 2281; x_wconf 75' lang='grc' dir='ltr'><strong>ι.</strong></span> 
     </span>
     <span class='ocr_line' id='line_1_39' title="bbox 277 2290 1738 2333; baseline -0.001 -9"><span class='ocrx_word' id='word_1_364' title='bbox 277 2295 309 2324; x_wconf 86' lang='grc'><strong>1.</strong></span> <span class='ocrx_word' id='word_1_365' title='bbox 323 2295 377 2324; x_wconf 78' lang='grc'><strong>94.</strong></span> <span class='ocrx_word' id='word_1_366' title='bbox 393 2301 440 2333; x_wconf 89' lang='lat' dir='ltr'><strong>sq.</strong></span> <span class='ocrx_word' id='word_1_367' title='bbox 453 2291 510 2323; x_wconf 88' lang='lat' dir='ltr'><strong>nbi</strong></span> <span class='ocrx_word' id='word_1_368' title='bbox 519 2290 587 2322; x_wconf 92' lang='lat' dir='ltr'><strong>duo</strong></span> <span class='ocrx_word' id='word_1_369' title='bbox 597 2300 715 2323; x_wconf 89' lang='lat' dir='ltr'><strong>versus</strong></span> <span class='ocrx_word' id='word_1_370' title='bbox 733 2291 768 2322; x_wconf 93' lang='lat' dir='ltr'><strong>in</strong></span> <span class='ocrx_word' id='word_1_371' title='bbox 779 2291 917 2323; x_wconf 86' lang='lat' dir='ltr'><strong>easdem</strong></span> <span class='ocrx_word' id='word_1_372' title='bbox 932 2301 1045 2332; x_wconf 89' lang='lat' dir='ltr'><strong>voces,</strong></span> <span class='ocrx_word' id='word_1_373' title='bbox 1066 2293 1076 2309; x_wconf 91' lang='lat'>‘</span> <span class='ocrx_word' id='word_1_374' title='bbox 1090 2295 1218 2333; x_wconf 83' lang='lat' dir='ltr'><strong>praeter</strong></span> <span class='ocrx_word' id='word_1_375' title='bbox 1229 2291 1388 2332; x_wconf 82' lang='lat' dir='ltr'><strong>ceteras,&#39;</strong></span> <span class='ocrx_word' id='word_1_376' title='bbox 1410 2295 1550 2332; x_wconf 82' lang='lat' dir='ltr'><strong>exeunt,</strong></span> <span class='ocrx_word' id='word_1_377' title='bbox 1564 2301 1675 2333; x_wconf 86' lang='lat' dir='ltr'><strong>neque</strong></span> <span class='ocrx_word' id='word_1_378' title='bbox 1687 2292 1738 2323; x_wconf 93' lang='lat' dir='ltr'><strong>ul-</strong></span> 
     </span>
     <span class='ocr_line' id='line_1_40' title="bbox 275 2333 1738 2377; baseline -0.001 -10"><span class='ocrx_word' id='word_1_379' title='bbox 275 2336 328 2367; x_wconf 87' lang='lat' dir='ltr'><strong>lus</strong></span> <span class='ocrx_word' id='word_1_380' title='bbox 345 2338 531 2377; x_wconf 84' lang='lat' dir='ltr'><strong>propterea</strong></span> <span class='ocrx_word' id='word_1_381' title='bbox 543 2333 690 2366; x_wconf 79' lang='lat' dir='ltr'><strong>criticus</strong></span> <span class='ocrx_word' id='word_1_382' title='bbox 708 2334 850 2366; x_wconf 88' lang='lat' dir='ltr'><strong>Terent.</strong></span> <span class='ocrx_word' id='word_1_383' title='bbox 865 2334 1049 2366; x_wconf 87' lang='lat' dir='ltr'><strong>emendare</strong></span> <span class='ocrx_word' id='word_1_384' title='bbox 1065 2334 1224 2367; x_wconf 76' lang='lat' dir='ltr'><strong>tentavit.</strong></span> <span class='ocrx_word' id='word_1_385' title='bbox 1268 2334 1367 2366; x_wconf 91' lang='lat' dir='ltr'><strong>Idem</strong></span> <span class='ocrx_word' id='word_1_386' title='bbox 1382 2334 1435 2367; x_wconf 84' lang='lat' dir='ltr'><strong>vir</strong></span> <span class='ocrx_word' id='word_1_387' title='bbox 1443 2334 1566 2367; x_wconf 86' lang='lat' dir='ltr'><strong>doctus</strong></span> <span class='ocrx_word' id='word_1_388' title='bbox 1573 2338 1738 2366; x_wconf 88' lang='lat' dir='ltr'><strong>memorat</strong></span> 
     </span>
     <span class='ocr_line' id='line_1_41' title="bbox 276 2376 1738 2420; baseline -0.001 -10"><span class='ocrx_word' id='word_1_389' title='bbox 276 2379 379 2410; x_wconf 85' lang='lat' dir='ltr'><strong>etiam</strong></span> <span class='ocrx_word' id='word_1_390' title='bbox 394 2378 505 2409; x_wconf 89' lang='lat' dir='ltr'><strong>locum</strong></span> <span class='ocrx_word' id='word_1_391' title='bbox 528 2377 616 2408; x_wconf 86' lang='lat' dir='ltr'><strong>Hor.</strong></span> <span class='ocrx_word' id='word_1_392' title='bbox 631 2377 704 2408; x_wconf 88' lang='lat' dir='ltr'><strong>Sat.</strong></span> <span class='ocrx_word' id='word_1_393' title='bbox 720 2376 778 2408; x_wconf 89' lang='lat' dir='ltr'><strong>lib.</strong></span> <span class='ocrx_word' id='word_1_394' title='bbox 791 2386 834 2409; x_wconf 83' lang='lat'><strong>11.</strong></span> <span class='ocrx_word' id='word_1_395' title='bbox 848 2379 880 2409; x_wconf 80' lang='lat'><strong>3.</strong></span> <span class='ocrx_word' id='word_1_396' title='bbox 896 2379 972 2409; x_wconf 85' lang='lat'><strong>215.</strong></span> <span class='ocrx_word' id='word_1_397' title='bbox 999 2377 1010 2395; x_wconf 78' lang='lat'><em>⁴</em></span> <span class='ocrx_word' id='word_1_398' title='bbox 1023 2377 1114 2409; x_wconf 89' lang='lat' dir='ltr'><strong>Huic</strong></span> <span class='ocrx_word' id='word_1_399' title='bbox 1128 2382 1274 2417; x_wconf 80' lang='lat' dir='ltr'><strong>vestem,</strong></span> <span class='ocrx_word' id='word_1_400' title='bbox 1300 2382 1339 2410; x_wconf 89' lang='lat' dir='ltr'><strong>ut</strong></span> <span class='ocrx_word' id='word_1_401' title='bbox 1354 2380 1573 2420; x_wconf 82' lang='lat' dir='ltr'><strong>natae,&#39;paret</strong></span> <span class='ocrx_word' id='word_1_402' title='bbox 1587 2376 1738 2417; x_wconf 81' lang='lat' dir='ltr'><strong>ancillas,</strong></span> 
     </span>
     <span class='ocr_line' id='line_1_42' title="bbox 276 2420 1735 2463; baseline -0.001 -10"><span class='ocrx_word' id='word_1_403' title='bbox 276 2425 377 2463; x_wconf 83' lang='lat' dir='ltr'><strong>paret</strong></span> <span class='ocrx_word' id='word_1_404' title='bbox 406 2421 546 2462; x_wconf 85' lang='lat' dir='ltr'><strong>aurum‚&#39;</strong></span> <span class='ocrx_word' id='word_1_405' title='bbox 569 2425 664 2451; x_wconf 84' lang='lat' dir='ltr'><strong>recte</strong></span> <span class='ocrx_word' id='word_1_406' title='bbox 690 2429 871 2461; x_wconf 86' lang='lat' dir='ltr'><strong>quaerens:</strong></span> <span class='ocrx_word' id='word_1_407' title='bbox 896 2420 1012 2453; x_wconf 81' lang='lat' dir='ltr'><strong>Quare</strong></span> <span class='ocrx_word' id='word_1_408' title='bbox 1037 2429 1120 2462; x_wconf 87' lang='lat' dir='ltr'><strong>ergo</strong></span> <span class='ocrx_word' id='word_1_409' title='bbox 1143 2421 1272 2456; x_wconf 76' lang='lat' dir='ltr'><strong>ancillas</strong></span> <span class='ocrx_word' id='word_1_410' title='bbox 1293 2424 1396 2461; x_wconf 80' lang='lat' dir='ltr'><strong>paret,</strong></span> <span class='ocrx_word' id='word_1_411' title='bbox 1422 2430 1531 2453; x_wconf 81' lang='lat' dir='ltr'><strong>aurum</strong></span> <span class='ocrx_word' id='word_1_412' title='bbox 1552 2422 1665 2461; x_wconf 56' lang='lat' dir='ltr'><strong>paren</strong></span> <span class='ocrx_word' id='word_1_413' title='bbox 1679 2421 1735 2452; x_wconf 87' lang='lat' dir='ltr'><strong>vel</strong></span> 
     </span>
     <span class='ocr_line' id='line_1_43' title="bbox 276 2462 1735 2506; baseline -0.001 -10"><span class='ocrx_word' id='word_1_414' title='bbox 276 2465 383 2499; x_wconf 79' lang='lat' dir='ltr'><strong>vinum</strong></span> <span class='ocrx_word' id='word_1_415' title='bbox 409 2465 515 2504; x_wconf 80' lang='lat' dir='ltr'><strong>paret,</strong></span> <span class='ocrx_word' id='word_1_416' title='bbox 539 2465 684 2494; x_wconf 80' lang='lat' dir='ltr'><strong>ornatum</strong></span> <span class='ocrx_word' id='word_1_417' title='bbox 706 2466 800 2503; x_wconf 83' lang='lat' dir='ltr'><strong>paret</strong></span> <span class='ocrx_word' id='word_1_418' title='bbox 826 2462 930 2494; x_wconf 88' lang='lat' dir='ltr'><strong>scribi</strong></span> <span class='ocrx_word' id='word_1_419' title='bbox 955 2463 1095 2505; x_wconf 86' lang='lat' dir='ltr'><strong>impune</strong></span> <span class='ocrx_word' id='word_1_420' title='bbox 1119 2473 1188 2495; x_wconf 91' lang='lat' dir='ltr'><strong>non</strong></span> <span class='ocrx_word' id='word_1_421' title='bbox 1210 2463 1343 2504; x_wconf 87' lang='lat' dir='ltr'><strong>possit?</strong></span> <span class='ocrx_word' id='word_1_422' title='bbox 1381 2463 1515 2506; x_wconf 83' lang='lat' dir='ltr'><strong>Itaque,</strong></span> <span class='ocrx_word' id='word_1_423' title='bbox 1537 2472 1614 2495; x_wconf 89' lang='lat' dir='ltr'><strong>cnm</strong></span> <span class='ocrx_word' id='word_1_424' title='bbox 1630 2462 1735 2495; x_wconf 84' lang='lat' dir='ltr'><strong>etiam</strong></span> 
     </span>
     <span class='ocr_line' id='line_1_44' title="bbox 277 2504 1735 2548; baseline -0.001 -9"><span class='ocrx_word' id='word_1_425' title='bbox 277 2507 439 2539; x_wconf 84' lang='lat' dir='ltr'><strong>deformis</strong></span> <span class='ocrx_word' id='word_1_426' title='bbox 455 2505 576 2537; x_wconf 87' lang='lat' dir='ltr'><strong>melius</strong></span> <span class='ocrx_word' id='word_1_427' title='bbox 593 2505 706 2537; x_wconf 82' lang='lat' dir='ltr'><strong>vinum</strong></span> <span class='ocrx_word' id='word_1_428' title='bbox 718 2515 832 2546; x_wconf 81' lang='lat' dir='ltr'><strong>parare</strong></span> <span class='ocrx_word' id='word_1_429' title='bbox 846 2510 883 2538; x_wconf 89' lang='lat' dir='ltr'><strong>et</strong></span> <span class='ocrx_word' id='word_1_430' title='bbox 898 2505 947 2538; x_wconf 89' lang='lat' dir='ltr'><strong>sic</strong></span> <span class='ocrx_word' id='word_1_431' title='bbox 962 2506 1054 2538; x_wconf 88' lang='lat' dir='ltr'><strong>domi</strong></span> <span class='ocrx_word' id='word_1_432' title='bbox 1070 2506 1104 2537; x_wconf 91' lang='lat' dir='ltr'><strong>in</strong></span> <span class='ocrx_word' id='word_1_433' title='bbox 1121 2516 1209 2548; x_wconf 87' lang='lat' dir='ltr'><strong>penu</strong></span> <span class='ocrx_word' id='word_1_434' title='bbox 1222 2505 1410 2547; x_wconf 68' lang='lat' dir='ltr'><strong>possidere,</strong></span> <span class='ocrx_word' id='word_1_435' title='bbox 1419 2504 1481 2548; x_wconf 83' lang='lat' dir='ltr'><strong>(cf.</strong></span> <span class='ocrx_word' id='word_1_436' title='bbox 1493 2504 1623 2545; x_wconf 78' lang='lat' dir='ltr'><strong>vs.25.)</strong></span> <span class='ocrx_word' id='word_1_437' title='bbox 1633 2515 1735 2547; x_wconf 78' lang='lat' dir='ltr'><strong>quam</strong></span> 
     </span>
     <span class='ocr_line' id='line_1_45' title="bbox 277 2547 1737 2590; baseline -0.001 -8"><span class='ocrx_word' id='word_1_438' title='bbox 277 2551 393 2582; x_wconf 84' lang='lat' dir='ltr'><strong>vinum</strong></span> <span class='ocrx_word' id='word_1_439' title='bbox 410 2549 532 2581; x_wconf 85' lang='lat' dir='ltr'><strong>venale</strong></span> <span class='ocrx_word' id='word_1_440' title='bbox 547 2558 566 2580; x_wconf 89' lang='lat' dir='ltr'><strong>e</strong></span> <span class='ocrx_word' id='word_1_441' title='bbox 582 2548 724 2580; x_wconf 82' lang='lat' dir='ltr'><strong>taberna</strong></span> <span class='ocrx_word' id='word_1_442' title='bbox 740 2548 883 2580; x_wconf 86' lang='lat' dir='ltr'><strong>subinde</strong></span> <span class='ocrx_word' id='word_1_443' title='bbox 905 2553 1024 2590; x_wconf 90' lang='lat' dir='ltr'><strong>petere</strong></span> <span class='ocrx_word' id='word_1_444' title='bbox 1037 2549 1117 2581; x_wconf 82' lang='lat' dir='ltr'><strong>mihi</strong></span> <span class='ocrx_word' id='word_1_445' title='bbox 1133 2549 1322 2587; x_wconf 87' lang='lat' dir='ltr'><strong>videretur,</strong></span> <span class='ocrx_word' id='word_1_446' title='bbox 1347 2558 1415 2581; x_wconf 88' lang='lat' dir='ltr'><strong>non</strong></span> <span class='ocrx_word' id='word_1_447' title='bbox 1431 2547 1585 2580; x_wconf 79' lang='lat' dir='ltr'><strong>dubitavi</strong></span> <span class='ocrx_word' id='word_1_448' title='bbox 1598 2549 1737 2581; x_wconf 87' lang='lat' dir='ltr'><strong>Desbil-</strong></span> 
     </span>
     <span class='ocr_line' id='line_1_46' title="bbox 276 2590 1739 2634; baseline 0 -9"><span class='ocrx_word' id='word_1_449' title='bbox 276 2593 358 2626; x_wconf 87' lang='lat' dir='ltr'><strong>lonii</strong></span> <span class='ocrx_word' id='word_1_450' title='bbox 389 2591 555 2624; x_wconf 87' lang='lat' dir='ltr'><strong>accedere</strong></span> <span class='ocrx_word' id='word_1_451' title='bbox 574 2590 754 2623; x_wconf 63' lang='lat' dir='ltr'><strong>sententia*</strong></span> <span class='ocrx_word' id='word_1_452' title='bbox 770 2595 806 2623; x_wconf 87' lang='lat' dir='ltr'><strong>et</strong></span> <span class='ocrx_word' id='word_1_453' title='bbox 819 2591 969 2632; x_wconf 84' lang='lat' dir='ltr'><strong>vulgatae</strong></span> <span class='ocrx_word' id='word_1_454' title='bbox 985 2592 1164 2632; x_wconf 86' lang='lat' dir='ltr'><strong>inhaerere,</strong></span> <span class='ocrx_word' id='word_1_455' title='bbox 1190 2592 1369 2624; x_wconf 84' lang='lat' dir='ltr'><strong>obsecutus</strong></span> <span class='ocrx_word' id='word_1_456' title='bbox 1384 2595 1574 2633; x_wconf 74' lang='lat' dir='ltr'><strong>praecepto,</strong></span> <span class='ocrx_word' id='word_1_457' title='bbox 1589 2595 1739 2634; x_wconf 81' lang='lat' dir='ltr'><strong>textum,</strong></span> 
     </span>
     <span class='ocr_line' id='line_1_47' title="bbox 276 2633 1736 2676; baseline 0.001 -9"><span class='ocrx_word' id='word_1_458' title='bbox 276 2646 342 2668; x_wconf 88' lang='lat' dir='ltr'><strong>non</strong></span> <span class='ocrx_word' id='word_1_459' title='bbox 358 2635 469 2676; x_wconf 80' lang='lat' dir='ltr'><strong>ipsum</strong></span> <span class='ocrx_word' id='word_1_460' title='bbox 486 2638 673 2675; x_wconf 88' lang='lat' dir='ltr'><strong>auctorem,</strong></span> <span class='ocrx_word' id='word_1_461' title='bbox 688 2643 763 2666; x_wconf 88' lang='lat' dir='ltr'><strong>esse</strong></span> <span class='ocrx_word' id='word_1_462' title='bbox 779 2634 1029 2674; x_wconf 88' lang='lat' dir='ltr'><strong>corrigendum.</strong></span> <span class='ocrx_word' id='word_1_463' title='bbox 1058 2634 1118 2676; x_wconf 85' lang='lat' dir='ltr'><strong>[V.</strong></span> <span class='ocrx_word' id='word_1_464' title='bbox 1134 2635 1277 2667; x_wconf 88' lang='lat' dir='ltr'><strong>Porson.</strong></span> <span class='ocrx_word' id='word_1_465' title='bbox 1301 2633 1345 2665; x_wconf 84' lang='lat' dir='ltr'><strong>ad</strong></span> <span class='ocrx_word' id='word_1_466' title='bbox 1368 2635 1449 2666; x_wconf 89' lang='lat' dir='ltr'><strong>Eur.</strong></span> <span class='ocrx_word' id='word_1_467' title='bbox 1465 2633 1558 2666; x_wconf 90' lang='lat' dir='ltr'><strong>Med.</strong></span> <span class='ocrx_word' id='word_1_468' title='bbox 1572 2634 1643 2675; x_wconf 77' lang='lat'><strong>72.]</strong></span> <span class='ocrx_word' id='word_1_469' title='bbox 1665 2635 1736 2668; x_wconf 88' lang='lat' dir='ltr'><strong>Alii</strong></span> 
     </span>
     <span class='ocr_line' id='line_1_48' title="bbox 278 2676 1735 2720; baseline -0.001 -9"><span class='ocrx_word' id='word_1_470' title='bbox 278 2678 466 2720; x_wconf 82' lang='lat' dir='ltr'><strong>conjiciunt</strong></span> <span class='ocrx_word' id='word_1_471' title='bbox 478 2677 555 2709; x_wconf 85' lang='lat' dir='ltr'><strong>alia.</strong></span> <span class='ocrx_word' id='word_1_472' title='bbox 580 2677 695 2709; x_wconf 85' lang='lat' dir='ltr'><strong>Bentl.</strong></span> <span class='ocrx_word' id='word_1_473' title='bbox 706 2679 742 2709; x_wconf 78' lang='lat' dir='ltr'><strong>ut</strong></span> <span class='ocrx_word' id='word_1_474' title='bbox 757 2677 862 2708; x_wconf 79' lang='lat' dir='ltr'><strong>vinum</strong></span> <span class='ocrx_word' id='word_1_475' title='bbox 873 2677 958 2708; x_wconf 78' lang='lat' dir='ltr'><strong>bibat</strong></span> <span class='ocrx_word' id='word_1_476' title='bbox 970 2688 983 2715; x_wconf 93' lang='lat'><em>;</em></span> <span class='ocrx_word' id='word_1_477' title='bbox 998 2677 1139 2717; x_wconf 84' lang='lat' dir='ltr'><strong>Harius,</strong></span> <span class='ocrx_word' id='word_1_478' title='bbox 1155 2676 1349 2708; x_wconf 82' lang='lat' dir='ltr'><strong>violentiori</strong></span> <span class='ocrx_word' id='word_1_479' title='bbox 1360 2676 1511 2708; x_wconf 87' lang='lat' dir='ltr'><strong>remedio</strong></span> <span class='ocrx_word' id='word_1_480' title='bbox 1526 2676 1616 2719; x_wconf 77' lang='lat' dir='ltr'><strong>usus,</strong></span> <span class='ocrx_word' id='word_1_481' title='bbox 1629 2681 1735 2710; x_wconf 81' lang='lat' dir='ltr'><strong>vetera</strong></span> 
     </span>
     <span class='ocr_line' id='line_1_49' title="bbox 276 2719 1734 2762; baseline -0.001 -9"><span class='ocrx_word' id='word_1_482' title='bbox 276 2726 307 2753; x_wconf 86' lang='lat' dir='ltr'><strong>et</strong></span> <span class='ocrx_word' id='word_1_483' title='bbox 317 2723 391 2753; x_wconf 80' lang='lat' dir='ltr'><strong>vina</strong></span> <span class='ocrx_word' id='word_1_484' title='bbox 405 2724 511 2758; x_wconf 80' lang='lat' dir='ltr'><strong>emat,·</strong></span> <span class='ocrx_word' id='word_1_485' title='bbox 534 2720 624 2751; x_wconf 89' lang='lat' dir='ltr'><strong>Gud.</strong></span> <span class='ocrx_word' id='word_1_486' title='bbox 649 2724 777 2762; x_wconf 85' lang='lat' dir='ltr'><strong>praeter</strong></span> <span class='ocrx_word' id='word_1_487' title='bbox 802 2720 880 2761; x_wconf 84' lang='lat' dir='ltr'><strong>alia,</strong></span> <span class='ocrx_word' id='word_1_488' title='bbox 905 2720 938 2751; x_wconf 82' lang='lat' dir='ltr'><strong>h.</strong></span> <span class='ocrx_word' id='word_1_489' title='bbox 963 2721 985 2752; x_wconf 94' lang='grc'><strong>1.</strong></span> <span class='ocrx_word' id='word_1_490' title='bbox 1003 2719 1309 2762; x_wconf 67' lang='lat' dir='ltr'><strong>praetermittenda,</strong></span> <span class='ocrx_word' id='word_1_491' title='bbox 1326 2722 1361 2751; x_wconf 81' lang='lat' dir='ltr'><strong>ut</strong></span> <span class='ocrx_word' id='word_1_492' title='bbox 1375 2720 1483 2751; x_wconf 79' lang='lat' dir='ltr'><strong>vinum</strong></span> <span class='ocrx_word' id='word_1_493' title='bbox 1497 2721 1653 2762; x_wconf 73' lang='lat' dir='ltr'><strong>impetret,</strong></span> <span class='ocrx_word' id='word_1_494' title='bbox 1667 2721 1734 2762; x_wconf 81' lang='lat' dir='ltr'><strong>vel,</strong></span> 
     </span>
     <span class='ocr_line' id='line_1_50' title="bbox 277 2762 1732 2805; baseline 0.001 -9"><span class='ocrx_word' id='word_1_495' title='bbox 277 2769 313 2796; x_wconf 76' lang='lat' dir='ltr'><strong>ut</strong></span> <span class='ocrx_word' id='word_1_496' title='bbox 342 2766 449 2796; x_wconf 79' lang='lat' dir='ltr'><strong>vinum</strong></span> <span class='ocrx_word' id='word_1_497' title='bbox 475 2766 642 2805; x_wconf 79' lang='lat' dir='ltr'><strong>comparet.</strong></span> <span class='ocrx_word' id='word_1_498' title='bbox 687 2764 745 2796; x_wconf 92' lang='lat' dir='ltr'><strong>De</strong></span> <span class='ocrx_word' id='word_1_499' title='bbox 773 2763 895 2805; x_wconf 88' lang='lat' dir='ltr'><strong>quibus</strong></span> <span class='ocrx_word' id='word_1_500' title='bbox 922 2763 1074 2795; x_wconf 89' lang='lat' dir='ltr'><strong>omnibus</strong></span> <span class='ocrx_word' id='word_1_501' title='bbox 1107 2762 1214 2795; x_wconf 83' lang='lat' dir='ltr'><strong>fusius</strong></span> <span class='ocrx_word' id='word_1_502' title='bbox 1241 2763 1430 2804; x_wconf 82' lang='lat' dir='ltr'><strong>disputare,</strong></span> <span class='ocrx_word' id='word_1_503' title='bbox 1455 2771 1519 2794; x_wconf 90' lang='lat' dir='ltr'><strong>nec</strong></span> <span class='ocrx_word' id='word_1_504' title='bbox 1543 2768 1643 2795; x_wconf 80' lang='lat' dir='ltr'><strong>vacat</strong></span> <span class='ocrx_word' id='word_1_505' title='bbox 1667 2771 1732 2797; x_wconf 86' lang='lat' dir='ltr'><strong>nec</strong></span> 
     </span>
     <span class='ocr_line' id='line_1_51' title="bbox 279 2806 1733 2854; baseline 0 -14"><span class='ocrx_word' id='word_1_506' title='bbox 279 2809 402 2849; x_wconf 82' lang='lat' dir='ltr'><strong>volupe</strong></span> <span class='ocrx_word' id='word_1_507' title='bbox 414 2811 486 2847; x_wconf 78' lang='lat' dir='ltr'><strong>est3</strong></span> <span class='ocrx_word' id='word_1_508' title='bbox 516 2806 577 2839; x_wconf 80' lang='lat' dir='ltr'><strong>sed</strong></span> <span class='ocrx_word' id='word_1_509' title='bbox 607 2806 732 2839; x_wconf 83' lang='lat' dir='ltr'><strong>adeant</strong></span> <span class='ocrx_word' id='word_1_510' title='bbox 762 2807 873 2840; x_wconf 80' lang='lat' dir='ltr'><strong>Notas</strong></span> <span class='ocrx_word' id='word_1_511' title='bbox 897 2806 1014 2839; x_wconf 88' lang='lat' dir='ltr'><strong>Burm.</strong></span> <span class='ocrx_word' id='word_1_512' title='bbox 1040 2816 1182 2854; x_wconf 79' lang='lat' dir='ltr'><strong>quorum</strong></span> <span class='ocrx_word' id='word_1_513' title='bbox 1198 2806 1442 2839; x_wconf 57' lang='lat' dir='ltr'><strong>interest-42</strong></span> <span class='ocrx_word' id='word_1_514' title='bbox 1466 2807 1620 2838; x_wconf 72' lang='lat' dir='ltr'><strong>Ornatam</strong></span> <span class='ocrx_word' id='word_1_515' title='bbox 1633 2811 1733 2848; x_wconf 78' lang='lat' dir='ltr'><strong>paret.</strong></span> 
     </span>
    </p>
   </div>
  </div>
 </body>
</html>
