1806 3236
415 246 620 280 PnAEmu
652 246 762 278 ΕΑΒ.
795 245 1102 279 AESOPIARUM
1137 244 1235 276 ΜΒ.
1267 244 1320 275 11.
1350 234 1394 276 6.

169 343 242 378 vid.
263 342 386 377 Isidor.
404 343 504 386 Orig.
519 352 572 376 ιι.
584 346 620 376 4.
646 342 794 376 Freinsh.
822 342 880 375 Ita

169 395 356 431 praeuius
370 399 409 428 et
423 394 686 428 Freinshemius.
723 394 794 427 Sed
811 395 879 426 vel·

168 447 251 490 len,
267 446 512 488 ostendissent,
523 445 614 478 sicut
626 446 684 478 Ιιοσ
691 449 739 478 est
750 455 878 487 mecum,

169 499 221 532 ita
241 502 291 540 et,
305 498 363 531 hoc
372 499 461 531 venit
485 507 605 530 mecum
627 497 718 540 apud
737 497 878 530 Latinos

169 550 342 593 usurpari.
387 549 480 584 Quid
514 549 543 582 si
569 559 632 591 pro
659 558 790 589 mecum,
813 558 882 580 mea

168 601 382 635 scribamus?
417 610 536 633 verum
565 601 669 643 longe
700 601 882 633 rectiorem

162 653 290 698 judico
318 652 549 696 suspicionem
580 653 627 685 N.
658 652 808 693 Heinsii,
834 653 883 685 le-

171 705 287 748 gentis
311 705 355 737 mi
379 715 459 737 cum.
503 704 568 745 Mi,
585 713 647 746 pro
673 704 765 744 mihi,
778 704 884 736 habet

145 749 154 754 ”
168 757 246 799 ipse
261 757 392 790 Noster
406 756 463 789 lib.
474 765 530 788 ιιι.
547 765 578 788 c.
595 757 648 788 18.
674 755 790 788 Venire
805 764 883 787 cum

169 807 277 842 tertio
301 817 386 841 casn
407 806 588 849 usurpavit
603 807 692 839 Cato
716 806 760 839 de
784 807 825 839 R.
842 807 883 840 R.

171 869 204 893 c.
220 862 296 894 144.
318 860 330 879 ⁴
347 859 421 892 Aut
433 859 489 892 cui
505 860 582 892 olea
595 858 767 891 venierit!
804 858 882 891 Non

169 921 308 954 possum
332 916 462 952 tamen,
477 911 558 954 quin
574 910 780 952 adscribam,
803 921 881 953 quae

170 964 215 997 de
241 964 318 996 loco
338 963 404 996 boc
428 962 639 1006 significavit
661 962 744 995 mihi
769 973 882 1006 nuper

171 1015 322 1058 optimus
351 1014 558 1048 Gronovius.
595 1014 606 1032 ‘
621 1014 734 1056 Alapae
763 1024 882 1047 meeum

169 1070 316 1108 menn,
330 1066 414 1099 mihi
428 1066 582 1100 Crotone
597 1066 724 1100 sanius.
754 1066 883 1098 Mecum

170 1117 415 1161 explicandum
430 1120 496 1158 est,
509 1116 604 1156 domi
618 1126 720 1158 meae,
734 1121 774 1150 ut
789 1117 882 1159 apud

169 1167 374 1201 Plautumz-
393 1167 552 1200 ‘Eamus
583 1167 629 1200 ad
666 1167 754 1201 me:'
792 1168 883 1211 apud

168 1228 271 1263 quem
287 1219 396 1252 multa
419 1218 455 1251 in
469 1218 557 1252 hanc
578 1227 667 1261 rem,
683 1222 722 1251 ut
737 1222 775 1252 et
789 1219 882 1261 apud

171 1270 375 1304 Ciceronem
402 1269 445 1303 ad
469 1268 641 1303 Atticum.
685 1270 801 1303 Unum
825 1280 882 1303 ac-

170 1321 250 1365 cipe
278 1322 447 1366 insignem
466 1321 580 1356 locum
606 1322 673 1365 Ep.
695 1322 757 1355 lib.
790 1331 822 1356 v.
849 1326 881 1356 8.

169 1377 180 1392 ‘
196 1373 231 1407 N
233 1382 254 1406 e
269 1373 364 1407 illum
377 1373 488 1406 malus
502 1379 640 1416 emptor
655 1374 775 1407 alienis
789 1384 882 1407 man·

169 1424 284 1468 eipiis,
308 1434 387 1468 qnae
412 1426 587 1467 permulta
613 1434 729 1458 secum
764 1425 883 1468 habet,

169 1476 358 1519 spoliaret:
407 1476 488 1510 Hoc
523 1481 602 1510 est:
643 1477 732 1511 Quae
763 1477 881 1510 Romae

171 1531 268 1567 sunt,
279 1525 373 1559 domi
389 1525 465 1569 ejus
486 1526 653 1570 absentis,
669 1537 747 1560 cum
761 1527 882 1569 ipsein

171 1576 276 1610 exilio
302 1577 437 1610 viveret
458 1576 635 1610 Massiliae.
684 1578 786 1612 Quod
814 1587 883 1610 non

171 1631 227 1660 est
241 1631 417 1661 assecutus
428 1628 562 1661 Bosius.
584 1628 776 1661 Horatius:
795 1628 882 1662 ‘Te-

171 1688 253 1712 eusn
272 1678 414 1713 habita-¹
458 1676 546 1712 Hoc
564 1679 649 1712 dicit
664 1689 764 1720 ergo:
789 1680 882 1712 Meae

171 1729 293 1763 domus
319 1739 364 1762 ea
381 1729 564 1773 disciplina
586 1735 654 1773 est,
674 1735 714 1764 ut
728 1740 797 1763 non
813 1735 883 1763 tam

168 1778 286 1824 facile,
299 1784 439 1825 tumque
461 1790 572 1824 parvo
594 1782 688 1816 servi
702 1783 883 1816 manumit-

1559 228 1647 277 453

935 345 1062 374 tantur.
1121 342 1169 374 Et
1197 340 1331 373 Tiberii
1358 340 1424 373 hoe
1453 340 1489 373 in
1519 349 1649 383 genere

935 392 1114 425 avaritiam
1142 396 1311 425 monstrat
1340 396 1377 424 et
1407 391 1591 424 Suetonius
1615 402 1648 424 c.

932 443 998 477 4⁷:
1021 443 1128 483 Schef.
1173 443 1249 476 Imo
1279 447 1316 476 et
1345 442 1509 475 Heinsius
1536 442 1649 476 codici

936 505 998 528 suo
1013 495 1201 538 adscripsit
1225 505 1326 537 posse
1352 494 1496 527 retineri
1519 505 1651 536 mecum,

936 554 977 583 ut
998 549 1091 592 apud
1114 550 1279 592 Propert.
1296 566 1299 569 -
1315 550 1325 567 ⁴
1340 549 1359 581 I
1373 559 1463 582 nunc
1478 549 1562 582 tolle
1579 549 1651 582 ani·

937 611 1024 643 mos,
1037 606 1073 634 et
1085 605 1198 634 tecum
1209 599 1299 642 finge
1310 600 1524 642 triumphos?
1546 601 1651 635 Ovid.

938 651 1058 684 Amor.
1084 661 1109 685 1.
1146 651 1265 693 ‘Ergo
1288 660 1383 683 amor
1411 655 1447 683 et
1476 651 1649 684 modicum

938 703 1033 736 circa
1066 713 1146 735 mea
1171 707 1332 744 tempora
1361 702 1478 734 vinum
1508 703 1650 736 Mecum

939 759 1006 797 est,
1029 761 1067 788 et
1091 754 1239 787 madidis
1264 754 1360 795 lapsa
1375 763 1504 786 corona
1518 753 1651 787 comis?

937 807 1077 839 Terent.
1099 807 1188 839 Eun.
1201 815 1227 839 1.
1250 808 1282 838 2.
1307 807 1317 825 ‘
1335 806 1474 839 Mecum
1492 810 1567 838 tota
1582 806 1651 849 sis‚’

938 856 972 889 id
985 861 1051 899 est,
1066 867 1153 890 mea.

980 907 1109 950 Alapae]
1156 908 1342 941 Servorum
1381 908 1562 941 libertates
1590 918 1651 951 per

937 958 1118 1001 ῥαπίσματα
1131 959 1303 1001 significat
1319 959 1504 1001 Rigaltius.
1527 960 1651 993 Recte.
1675 973 1681 975 ⁴

936 1011 946 1028 ‘
961 1010 1067 1052 Apud
1093 1014 1229 1042 veteres
1253 1010 1358 1052 enim,
1381 1011 1519 1054 quando
1533 1021 1653 1044 manu-

936 1062 1136 1103 mittebant‚
1152 1062 1253 1103 alapa
1274 1071 1457 1104 percussos
1484 1063 1653 1096 circnma·

939 1113 1081 1155 gebant,
1096 1118 1133 1146 et
1143 1113 1275 1146 liberos
1291 1113 1566 1147 confirmabant!
1589 1115 1654 1147 Isi-

939 1165 1015 1198 dor.
1042 1164 1142 1207 Orig.
1157 1173 1214 1197 ιι.
1229 1166 1263 1196 4.
1305 1164 1376 1196 Sed
1400 1164 1433 1196 in
1457 1167 1654 1208 emancipa-

938 1215 1089 1249 tionibus
1104 1216 1293 1249 liberorum
1310 1216 1567 1249 adhibebantur
1580 1217 1590 1236 ‘
1602 1217 1654 1250 in-

931 1267 1028 1310 juria
1051 1267 1283 1311 rhapismata,'
1310 1267 1422 1301 donec
1445 1278 1488 1300 ea
1512 1269 1654 1302 sustulit

936 1319 960 1352 l.
983 1318 1045 1352 fin.
1066 1320 1106 1353 C.
1132 1319 1177 1352 de
1192 1329 1324 1353 emanc.
1334 1319 1438 1355 liber.
1457 1319 1516 1353 ubi
1537 1321 1654 1354 Godo·

936 1370 1067 1404 fredus.
1091 1371 1238 1405 Freinsh.
1307 1381 1309 1383 ’

952 1449 955 1451 -
986 1424 1145 1468 Veneunt]
1181 1425 1265 1458 Scil.
1291 1425 1404 1467 alapas,
1431 1434 1574 1467 quarum
1600 1425 1652 1458 in·

938 1480 1103 1510 terventu
1118 1477 1286 1519 signoque
1310 1477 1386 1509 dari
1408 1476 1549 1509 libertas
1565 1477 1655 1510 sole-

937 1527 1012 1565 bat,
1027 1532 1067 1560 ut
1080 1527 1221 1570 sigonio
1236 1533 1272 1560 et
1287 1527 1362 1560 aliis
1377 1532 1549 1560 notatum.
1564 1547 1566 1549 -
1594 1528 1655 1562 Jo-

938 1588 999 1611 cus
1013 1578 1122 1621 igitur
1136 1579 1172 1610 in
1188 1582 1349 1622 utroque,
1375 1582 1414 1611 et
1433 1580 1535 1622 alapoe
1549 1583 1587 1612 et
1601 1589 1652 1612 ve-

936 1629 1020 1672 nire,
1033 1629 1124 1672 quod
1149 1628 1377 1671 ambiguitate
1392 1640 1455 1662 sua
1469 1631 1575 1662 salem
1592 1629 1653 1663 ha—

937 1679 1011 1712 bet.
1056 1680 1231 1713 Caeternm
1257 1690 1322 1723 pro
1347 1684 1494 1723 veneunt,
1522 1685 1655 1714 veneant

939 1731 1172 1775 scribendum,
1202 1731 1231 1765 si
1261 1732 1336 1775 quis
1366 1732 1466 1766 malit
1494 1733 1540 1766 mi
1571 1744 1655 1766 cum.

938 1782 1056 1817 Schef.

712 2006 973 2051 FABULA
1023 2008 1109 2051 VI.

217 2148 512 2193 Aquuaetcomix]
529 2150 791 2193 camer.p.1⁷s.
804 2152 883 2194 Rig.

219 2203 237 2234 1
263 2201 383 2234 eontra
400 2201 561 2243 potentes]
595 2202 739 2235 Publius
754 2203 882 2245 Syrus:

171 2252 182 2271 ‘
200 2252 345 2285 Fulmen
360 2256 428 2294 est,
444 2251 503 2285 ubi
529 2262 607 2285 cnm
630 2257 807 2295 potestate
825 2255 884 2287 ha-

173 2303 264 2338 bitat
278 2304 482 2338 iracundia.'
504 2306 588 2339 Nev.

172 2372 175 2375 Δ
217 2356 383 2399 Munius]
416 2357 496 2390 Non
512 2367 633 2390 moveo
653 2358 742 2391 hanc
761 2358 883 2392 lectio-

171 2416 265 2451 nem,
278 2412 316 2441 et
328 2410 416 2442 tutus
430 2419 451 2441 a
466 2410 658 2451 glossatore
673 2409 882 2452 profectum,

173 2463 234 2492 aut
256 2468 300 2492 ex
315 2459 384 2492 fine
399 2459 529 2494 fabulas
550 2461 617 2494 huc
630 2462 795 2504 migrasse
821 2472 884 2504 pu-

168 2514 232 2543 to:
257 2520 336 2544 nam
352 2511 526 2545 Remieius
550 2517 587 2545 et
614 2513 780 2546 Romulus
803 2513 884 2546 Nie-

172 2561 272 2594 lsntii
285 2563 425 2596 munitus
439 2569 475 2596 et
487 2567 575 2597 tutus
586 2564 686 2597 simul
697 2565 883 2599 exhibent:

173 2611 267 2654 quod
282 2612 388 2646 docet
412 2615 557 2647 alterum
578 2625 654 2649 esse
676 2616 884 2659 interpreta-

173 2660 305 2695 tionem
319 2664 478 2697 alterius:
504 2666 643 2699 testudo
658 2676 741 2699 vero
757 2677 886 2700 cornea

174 2719 236 2743 sou
249 2712 362 2755 domo,
374 2719 414 2748 ut
430 2716 609 2758 moenibus,
623 2718 802 2760 eleganter
817 2729 885 2751 mu-

174 2760 245 2794 nit«
258 2762 475 2807 intelligitur.
520 2767 578 2800 Sic
601 2767 779 2812 Augustus
791 2770 885 2813 apud

177 2811 321 2847 Sueton.
357 2818 412 2849 82.
462 2818 473 2837 ‘
488 2819 584 2861 Toga
634 2821 761 2853 tunicis
772 2821 781 2836 ’
818 2823 885 2855 &c.

175 2861 416 2899 ‘muniebatur
429 2866 451 2900 :’
474 2868 533 2901 ubi
560 2873 656 2903 recte
680 2871 885 2904 Torrentius

939 2152 1025 2185 illud
1039 2152 1198 2186 Horatii:
1230 2154 1240 2172 ‘
1256 2154 1351 2196 Toga
1366 2159 1443 2197 quae
1462 2154 1651 2189 defendere

939 2204 1048 2248 frigus
1064 2206 1187 2239 Crassa
1214 2207 1348 2249 queat:
1373 2217 1417 2240 ex
1437 2208 1558 2241 eadem
1575 2209 1652 2241 Me-

939 2256 1086 2298 taphora
1109 2257 1264 2291 adducit.
1306 2258 1364 2291 Sic
1380 2259 1560 2292 Columell.
1578 2269 1601 2292 1.
1619 2263 1653 2292 6.

939 2308 950 2326 ⁴
965 2308 1128 2341 Emunita
1144 2309 1218 2341 sola
1233 2313 1270 2342 et
1286 2309 1394 2342 latera
1416 2310 1618 2343 horreorum
1632 2310 1653 2344 ι’

940 2363 977 2390 et
993 2368 1069 2401 cap.
1091 2362 1124 2392 8.
1161 2360 1171 2378 ‘
1186 2360 1361 2392 Familiam
1389 2361 1555 2394 munitam
1577 2361 1654 2394 dill-

939 2414 1061 2451 genter
1093 2420 1114 2443 a
1143 2415 1260 2452 vento,
1280 2409 1412 2453 frigore
1438 2411 1651 2455 pluviaque?

938 2460 1062 2504 Vin-gil.
1078 2462 1208 2504 Georg.
1222 2471 1262 2495 ιι.
1280 2464 1356 2494 352.
1399 2462 1410 2480 ‘
1424 2460 1563 2494 Effusos
1580 2472 1653 2495 mu·

938 2512 1053 2545 nimen
1070 2513 1112 2545 ad
1127 2513 1256 2545 imbres
1270 2513 1290 2546 ς’
1306 2512 1398 2556 quod
1413 2513 1654 2547 Columel.1n.

940 2566 992 2596 15.
1038 2564 1048 2581 ‘
1067 2563 1191 2596 Tutari
1216 2564 1348 2596 semina
1364 2568 1401 2596 et
1423 2565 1577 2597 munire’
1593 2575 1652 2598 vo-

940 2618 1019 2647 cat:
1044 2619 1082 2647 et
1097 2615 1146 2647 ita
1161 2615 1219 2647 ille
1238 2615 1378 2657 saepius,
1402 2624 1515 2658 neque
1539 2615 1650 2649 rarius

941 2666 1064 2699 Cicero
1078 2671 1115 2699 et
1132 2667 1204 2698 alii.
1227 2667 1343 2699 Burm.

982 2720 1003 2750 2
1029 2718 1239 2760 Consiliator]
1273 2719 1322 2750 Ut
1339 2728 1359 2751 a
1375 2719 1567 2761 consulere,
1581 2729 1653 2752 cou-

938 2770 1063 2808 sultor5
1094 2769 1143 2801 ita
1160 2769 1341 2801 consiliator
1365 2779 1386 2801 a
1412 2769 1650 2804 consiliando:

939 2830 1007 2863 quo
1034 2826 1165 2863 praeter
1191 2821 1364 2853 Caesarem
1388 2820 1429 2854 B.
1444 2821 1483 2854 C.
1504 2830 1529 2854 1.
1549 2824 1600 2855 19.
1615 2825 1653 2854 et

939 2874 995 2905 ¹73.
1011 2871 1122 2905 utitur
1139 2871 1264 2914 Dictys
1282 2871 1375 2905 Cret.
1390 2872 1453 2905 lib.
1470 2881 1530 2906 ut.
1556 2873 1651 2905 Pris-
