1806 3236
415 233 618 266 PHAEDRt
653 234 763 266 ΕΑΒ.
799 234 1106 267 AESOHARUM
1142 235 1237 266 [ΑΒ.
1272 235 1323 266 11.
1353 226 1394 268 7.

164 329 304 365 hordeo.
327 327 438 369 Solus.

209 379 342 423 wo]
385 381 468 414 Sine
483 381 675 424 agitatione
692 384 800 418 multa
818 394 877 428 pe-

163 438 302 474 dum-ae
317 438 480 471 tumultu.
509 438 616 478 Schef.

205 488 426 534 [Advolat]
469 490 625 523 Verbum
643 492 797 534 elegans,
809 501 877 535 qno

163 540 269 578 arssot·
291 545 328 574 et
351 540 480 583 cupido
505 542 611 574 nimia
637 544 795 585 pecuuiae
811 543 876 576 eri-

163 591 303 637 piendae
317 591 548 634 significatur.
570 593 679 634 Schef.

205 647 228 677 8
258 643 410 686 Interque
446 644 576 686 cedem]
631 646 700 678 Hic
739 655 877 689 quoque

161 695 252 728 male
289 695 492 737 transpositi
523 699 641 729 versus
671 702 763 739 sunt,
795 707 878 739 quos

162 755 228 790 ego
252 745 402 789 pristino
429 746 543 779 ordini
563 747 734 781 restituo:
767 748 879 781 Subito

158 798 300 831 tatrone-
322 807 363 830 επ
386 797 515 830 insidiis
527 799 687 841 advolant,
707 799 880 842 Diripiunt

162 859 316 891 numos,
339 850 508 891 negligunt
531 850 593 883 vile
617 852 779 884 lam-deum.
827 852 881 885 In—

162 905 273 944 terque
296 902 415 934 eoedeus
435 900 529 941 ferro
553 903 689 935 multum
711 903 878 936 temnant.

162 952 327 996 &oliam
349 953 464 995 igitur,
486 955 541 996 ὅτ.
587 954 637 987 At
659 964 743 988 vero
766 965 880 998 neque

162 1004 230 1037 ista
243 1004 325 1037 mihi
341 1003 576 1046 satisfaciunt,
591 1005 740 1048 Interque
753 1006 881 1039 cedern.

164 1057 258 1093 Quid
271 1058 391 1091 enirn?
419 1057 574 1091 Tantum
589 1058 741 1101 direptio
752 1058 809 1092 bic
823 1058 878 1100 fit,

162 1110 255 1144 nulla
270 1110 397 1143 cedes.
451 1109 703 1152 corrigendum
727 1120 877 1144 censeo:

163 1163 315 1205 Interque
325 1163 480 1204 predum.
516 1161 704 1195 Mem-sius.
730 1163 878 1195 ‘Eorum

162 1215 263 1256 puta,
275 1212 334 1256 qui
346 1213 458 1245 mulos
472 1212 708 1255 possidebant,
723 1213 779 1245 vel
797 1222 879 1256 age-

160 1262 261 1297 bant.
311 1263 438 1306 Neque
462 1262 553 1296 enim
578 1263 652 1296 sine
680 1273 796 1307 pugna
821 1273 877 1296 res

163 1314 222 1358 agi
236 1314 338 1348 solet.
362 1314 481 1349 Quare
497 1323 565 1347 uon
581 1315 700 1357 placet
709 1314 745 1347 in
758 1315 878 1348 Meur-

160 1366 212 1400 sio
224 1366 351 1399 nimius
376 1365 572 1408 corrigendi
597 1376 704 1400 amor.
740 1367 876 1400 Prasch.

161 1417 244 1451 Non
259 1416 680 1460 concesserim,mutanda
694 1417 801 1450 verba
822 1410 878 1450 1νῖ-

148 1471 270 1512 ›ea-que
303 1470 430 1511 cedens,
475 1468 692 1511 reponendo,
727 1470 878 1512 Interque

157 1521 314 1562 mam,
326 1519 408 1562 qnia
421 1519 559 1552 scilicet
574 1523 709 1552 tautum
726 1520 878 1560 direptio

162 1570 220 1604 bic
233 1569 330 1611 fiat3,
354 1571 446 1603 nulla
471 1570 598 1604 coedes.
653 1571 746 1605 Quid
774 1571 880 1613 igitur

162 1631 250 1665 opus
263 1626 340 1655 erat
347 1619 470 1662 ferro?
504 1622 551 1654 Et
567 1631 649 1654 sane
670 1622 880 1665 intelligitur

161 1672 264 1706 fiscos
290 1682 370 1705 cum
400 1671 550 1715 pecunia
570 1682 640 1705 non
670 1671 776 1706 fuisse
805 1674 879 1706 sine

161 1723 376 1766 custodibus,
401 1733 488 1767 quos
511 1733 532 1755 a
558 1723 751 1757 latronibus
783 1724 880 1758 ferro

160 1786 203 1810 ac
216 1775 315 1810 eade
331 1774 494 1818 depulsos
521 1774 630 1808 fuisse
656 1786 758 1810 nemo
781 1777 880 1810 mira-

159 1827 266 1862 bitur.
311 1826 382 1860 Sed
397 1835 512 1870 neque
533 1827 691 1859 mutilum
714 1827 806 1860 huuc
827 1828 879 1861 lo·

158 1889 239 1913 eum
253 1882 315 1912 ant
330 1879 487 1911 luxatum
502 1878 569 1919 aio,
591 1888 709 1911 verum
735 1879 878 1921 egregie

159 1929 228 1963 sibi
249 1933 493 1963 constantem:
527 1938 641 1972 neque
667 1930 770 1963 aliter
787 1931 879 1973 jndi-

159 1979 315 2014 andum
327 1979 505 2023 cuiquam,
531 1980 668 2013 etiamsi
684 1990 805 2014 nasum
821 1982 879 2014 ba-

158 2031 263 2065 beret
287 2030 542 2064 Rhinocerotis.
578 2031 726 2064 Freinsh.
788 2032 879 2064 Prae-

161 2083 236 2116 dum
261 2082 384 2115 scribit
407 2082 595 2123 Meursius,
619 2082 781 2125 huncque
805 2092 879 2115 ver-

160 2143 234 2167 sum
245 2133 389 2176 subjicit
400 2133 573 2176 sequenti.
597 2134 756 2167 Frustra.
777 2134 878 2176 Vult,

162 2185 310 2227 primum
337 2183 467 2218 factam
492 2184 624 2218 caedem
650 2195 784 2226 eorum,
818 2185 879 2228 qui

161 2235 339 2270 ducebant
364 2236 490 2277 mulos,
505 2236 602 2269 velut
627 2236 878 2277 resistentium,

160 2291 287 2329 postea
310 2287 449 2320 demum
474 2287 639 2328 praedam.
685 2287 818 2319 Eadem
842 2287 878 2320 in

159 2344 314 2374 mentem
347 2339 483 2372 venisse
512 2339 678 2372 Praschio
710 2350 755 2373 ex
785 2341 878 2373 notis

160 2391 237 2434 eJus
251 2400 343 2424 nuuc
359 2391 519 2424 observo.
543 2391 652 2431 Schef.
696 2392 773 2425 Liv.
784 2401 876 2425 xxx.

159 2445 190 2475 6.
213 2441 376 2476 ‘Clamor
398 2442 494 2475 inter
519 2442 649 2475 caedem
672 2447 711 2475 et
733 2444 879 2477 vulnera

158 2492 343 2526 sublatus!
389 2493 505 2526 Heins.
563 2493 810 2536 Adscripserat
841 2499 877 2527 et

159 2543 326 2577 Heinsius
341 2544 493 2586 Interque
518 2555 633 2587 sepem,
658 2545 712 2577 vel
739 2546 878 2588 Uterque

152 2595 241 2636 sade
250 2606 263 2635 ,-
278 2596 340 2628 sed
358 2601 454 2629 recte
471 2598 622 2639 Interque
637 2599 753 2630 eaedem
768 2597 877 2630 vindi-

159 2651 242 2680 eant
256 2646 319 2680 viri
334 2647 441 2680 docti.
466 2648 524 2680 Ita
534 2652 571 2681 et
586 2649 687 2691 Virg.
700 2649 778 2683 AEu.
791 2658 875 2682 vm.

161 2699 239 2731 ⁴⁹2.
258 2698 271 2717 ‘
287 2698 353 2730 Ille
368 2698 462 2731 inter
477 2700 592 2732 caedes
609 2699 819 2733 Rutulorum
843 2711 877 2733 e-

162 2747 280 2788 lapsus
293 2747 316 2781 :’
351 2748 411 2782 ubi
435 2754 472 2782 et
494 2750 634 2783 Pierius
659 2755 826 2792 testatur,
841 2751 876 2784 in

162 2797 341 2831 Vaticanis
369 2799 465 2833 libris
493 2801 654 2834 omnibus
686 2811 762 2834 esse
791 2803 878 2835 inter

162 2849 287 2882 cedem.
340 2849 467 2893 Neque
493 2851 606 2887 minus
641 2850 727 2886 licet
756 2852 875 2887 dicere

1556 226 1647 270 457

928 330 1021 364 Inter
1043 332 1173 372 coedem,
1199 341 1300 375 quam
1327 331 1452 365 Florus
1478 332 1540 366 lib.
1562 342 1589 367 1.
1613 336 1648 366 6.

927 382 1019 415 dixit
1063 383 1074 401 ‘
1099 383 1198 416 Inter
1242 383 1425 426 Tarquinii
1473 384 1646 418 mortem?

931 434 1036 469 Quod
1063 445 1148 468 vero
1174 436 1304 468 nullam
1332 435 1388 468 hic
1413 435 1545 469 caedem
1572 430 1650 469 fieri

926 485 1036 527 aiunt,
1053 486 1116 519 sed
1141 487 1390 530 direptionem,
1414 487 1545 521 frustra
1571 494 1653 522 est:

925 547 993 570 uon
1007 538 1098 570 enim
1114 539 1258 582 exsequi
1273 540 1411 582 singula
1428 539 1535 573 debet
1550 539 1652 574 fabu-

926 590 1037 622 larum
1055 590 1227 632 scriptor;
1264 590 1392 624 sufficit
1408 591 1512 633 enim,
1527 592 1555 625 si
1571 602 1650 625 ver·

927 642 972 675 bo
988 641 1133 683 indicet,
1150 642 1232 685 quid
1248 642 1323 676 fiat.
1369 644 1464 678 Quin
1491 649 1527 678 et
1551 646 1652 678 coedes

925 693 982 725 hic
998 702 1069 725 non
1094 693 1292 727 necessario
1316 699 1464 728 mortem
1491 701 1650 729 secutam

930 753 1009 777 esse
1023 748 1147 777 notare
1164 744 1284 787 debet,
1299 746 1360 778 sed
1377 746 1470 779 intra
1482 746 1651 789 pulsatio-

927 805 1007 828 nem
1033 800 1070 828 et
1094 795 1244 844 verbera
1273 801 1465 839 potuerunt
1493 798 1647 831 latrones

928 847 1138 880 consistere:
1175 852 1214 881 ut
1229 848 1278 881 ita
1294 849 1386 891 apud
1404 849 1509 884 Ovid.
1523 850 1603 884 Am.
1622 860 1648 884 ι.

928 898 984 930 El.
1002 901 1036 931 7.
1058 901 1112 932 27.
1133 899 1143 917 ‘
1161 899 1255 933 Quid
1270 900 1353 932 mihi
1370 901 1560 944 vobiscum,
1576 912 1647 936 cae·

928 948 983 981 dis
995 949 1203 993 scelerisque
1218 951 1421 984 ministrae?
1460 953 1520 986 ubi
1539 954 1649 996 pulsa-

929 1006 1029 1034 verat
1054 1006 1187 1035 tantum
1210 1004 1379 1037 amicam:
1418 1005 1467 1038 ita
1496 1010 1535 1039 ut
1550 1006 1644 1040 idem

930 1052 989 1093 sit,
1004 1053 1094 1096 quod
1109 1053 1120 1072 ‘
1137 1053 1236 1087 Inter
1250 1065 1372 1088 manus
1384 1056 1533 1091 lacerari
1545 1058 1555 1073 ’
1570 1058 1647 1092 Flo-

930 1113 968 1135 ro
984 1113 1042 1136 m.
1059 1107 1112 1138 19.
1127 1109 1164 1137 et
1177 1108 1233 1139 21.
1255 1107 1373 1141 Burm.

973 1155 1126 1197 Interque
1139 1157 1271 1199 oaedem]
1316 1159 1448 1192 Eorum
1473 1160 1649 1200 nimirum,

929 1205 987 1248 qui
1001 1206 1112 1238 mulos
1138 1207 1379 1250 possidebant,
1395 1210 1451 1242 vel
1473 1210 1648 1253 agebant:

929 1265 1040 1299 neque
1056 1257 1147 1290 enim
1171 1257 1245 1290 sine
1261 1267 1380 1302 pugna
1399 1260 1476 1294 haec
1500 1271 1556 1294 res
1574 1261 1650 1302 geri

928 1308 1030 1349 solet,
1053 1318 1160 1352 quare
1183 1319 1252 1342 non
1287 1311 1404 1353 placet
1429 1313 1466 1346 in
1492 1313 1649 1347 Meursiu

928 1358 1054 1395 nimius
1078 1360 1273 1403 corrigendi
1297 1372 1402 1397 amor.
1460 1365 1649 1398 Prascbius

929 1410 1030 1453 bene,
1043 1415 1083 1444 ut
1100 1416 1196 1454 puto.
1221 1413 1308 1447 Gud.
1371 1428 1373 1431 ’

971 1464 1072 1497 Ferro
1084 1465 1202 1498 mutum
1218 1467 1390 1510 tomitem]
1427 1466 1470 1500 In
1487 1469 1649 1502 vetustis-

930 1514 1023 1548 simis
1039 1515 1217 1550 codicibus
1233 1518 1419 1552 Pithoeano
1436 1524 1472 1552 et
1484 1521 1650 1554 Remensi

929 1566 1070 1609 legitur,
1084 1568 1259 1611 trucidant,
1274 1570 1367 1612 quod
1389 1571 1446 1603 lex
1461 1572 1565 1604 metri
1578 1582 1649 1604 non

930 1619 1076 1661 patitur.
1133 1621 1236 1653 Unde
1271 1632 1338 1664 ego
1376 1624 1529 1666 reposui,
1555 1626 1652 1657 trusi-

930 1671 1123 1713 tant-‚qnod
1149 1672 1306 1713 proxime
1335 1675 1486 1708 accedit.
1533 1677 1651 1709 Catul-

930 1721 996 1763 lus,
1021 1732 1199 1764 passerem
1227 1734 1297 1756 suae
1326 1727 1454 1768 puellae
1489 1727 1652 1760 ‘ti-usan-

931 1772 1016 1806 tem'
1043 1783 1080 1806 se
1106 1774 1377 1816 deprehendisse
1401 1779 1466 1818 ait,
1491 1779 1557 1811 boc
1584 1784 1650 1822 est,

929 1823 1134 1868 frequenter
1144 1827 1404 1862 obtrudentem.
1441 1829 1646 1873 Eademque

929 1874 1043 1908 forma
1056 1875 1162 1910 dictae
1177 1877 1282 1911 etiam
1297 1878 1308 1897 ‘
1324 1879 1431 1913 Molae
1448 1881 1648 1914 tmsatiles!

974 1979 1156 2022 Tomitant]
1201 1980 1271 2013 Hic
1286 1982 1494 2024 legendum:
1517 1985 1651 2018 multum

927 2030 1100 2062 tunsitant.
1145 2032 1195 2064 Ut
1211 2032 1256 2064 sit
1270 2043 1291 2064 a
1305 2035 1474 2075 tundendo,
1487 2045 1554 2068 nou
1565 2046 1650 2070 vero

927 2081 1092 2113 tondendo.
1139 2081 1207 2113 Sed
1223 2092 1291 2114 uon
1314 2083 1564 2118 dissimulanda
1579 2087 1651 2121 lec-

929 2131 978 2164 tio
996 2132 1122 2165 veteris
1139 2134 1282 2176 codicis,
1303 2135 1363 2168 ubi
1391 2147 1455 2179 pro
1483 2139 1652 2184 tondeant,

928 2187 994 2226 est,
1007 2184 1184 2218 trucidant.
1230 2187 1323 2229 Ergo
1347 2188 1531 2230 scripserit
1546 2191 1650 2225 Phae·

927 2236 1034 2276 drus3
1071 2238 1224 2271 tuditant.
1282 2239 1378 2272 Nota
1406 2241 1481 2274 haec
1507 2252 1575 2276 vox
1602 2254 1647 2277 ex

929 2287 1036 2321 Festo
1052 2293 1120 2322 est.
1144 2290 1269 2323 Meurs.
1313 2291 1392 2324 Non
1410 2292 1577 2327 absimilis
1593 2300 1650 2329 est

927 2339 1046 2373 Plauti
1066 2341 1162 2374 locus
1189 2342 1336 2384 Epidico
1362 2347 1432 2377 act.
1446 2353 1490 2378 11.
1519 2355 1566 2379 sc.
1581 2348 1649 2380 ult.

927 2392 938 2410 ‘
954 2391 1010 2424 Ne
1027 2393 1135 2424 ulmos
1152 2393 1323 2435 parasitos
1349 2393 1471 2437 faciat,
1486 2406 1563 2438 quoe
1591 2407 1648 2430 us-

928 2452 996 2486 que
1011 2443 1240 2477 attondeant!
1294 2444 1365 2477 Ubi
1395 2446 1500 2487 virgae
1527 2447 1651 2481 dicun.

928 2498 985 2526 tur
1022 2494 1182 2527 humeros
1220 2495 1418 2537 vapulantis
1450 2498 1649 2532 attondere.

928 2545 1006 2578 Nisi
1022 2544 1113 2577 forte
1138 2546 1217 2578 huic
1244 2546 1386 2584 Pbaedri
1409 2547 1488 2580 loco
1512 2550 1649 2582 macula

927 2596 1018 2629 inest
1034 2596 1188 2639 gravior,
1215 2607 1315 2639 quam
1341 2597 1497 2630 nondum
1526 2599 1650 2633 odora-

929 2652 984 2680 tus
1009 2658 1095 2681 sum.
1130 2648 1256 2690 Schiop.
1312 2649 1416 2681 Hanc
1433 2650 1647 2686 emendatio-

926 2708 1006 2731 nem
1022 2699 1175 2740 Rigaltio
1201 2699 1388 2739 debemus;
1422 2704 1526 2734 antea
1553 2703 1645 2736 enim

927 2753 1047 2782 contra
1062 2749 1175 2790 legem
1200 2750 1364 2782 carminis
1379 2750 1562 2792 legebatur
1576 2756 1645 2786 m-

925 2800 1045 2834 vidant.
1090 2800 1131 2833 In
1148 2800 1354 2843 quibusdam
1370 2800 1582 2836 editionibus
1597 2804 1646 2837 le-

926 2852 1077 2895 gebatur
1101 2852 1269 2886 tonsitunt.
1323 2853 1501 2887 Meursius
1527 2858 1646 2891 autem
