1806 3236
656 242 809 275 Linea
843 243 911 276 tv.
946 245 1052 276 ΕΑΒ.
1083 235 1153 278 18.
1561 229 1649 280 229

169 335 242 370 aire
252 341 325 370 cuni
337 335 424 371 videt
445 348 472 372 c.
494 349 524 373 o.
549 340 668 383 [quem
682 340 839 384 sequitur
855 340 1001 382 Anton.]
1027 341 1083 374 De
1097 341 1207 375 Schir.
1232 339 1268 374 in
1295 341 1395 375 Clav.
1412 342 1455 376 P.
1470 351 1496 376 1.
1520 353 1555 385 p.
1573 346 1651 376 195.

169 383 251 422 post
264 379 359 414 Gud.
372 386 414 414 et
428 383 562 415 walch.
586 383 642 416 Ita
663 394 746 417 nunc
770 384 891 426 legatos
917 389 1101 427 exspectans
1113 388 1266 428 posteros,
1281 386 1328 418 N.
1344 396 1376 418 v.
1390 395 1459 419 cum
1474 397 1506 419 v.
1520 397 1549 420 c.
1564 397 1594 420 0.
1609 391 1651 420 ut

168 423 216 456 dt
237 423 341 458 Canis
353 424 488 458 ἁπδτοῦ
509 427 634 459 κοινοῦ.
659 432 697 460 et
711 427 798 460 Mss.
815 432 912 460 recte
932 432 1072 470 posteros
1093 429 1235 469 habent,
1257 428 1417 462 nimirum
1434 430 1648 470 posteriores

166 466 311 508 legatos,
334 469 456 512 quibus
482 479 568 503 anus
593 471 700 504 odore
719 469 835 504 fuerat
858 472 1008 514 repleta,
1034 481 1100 505 nec
1123 472 1235 505 adhuc
1257 471 1338 504 dum
1361 472 1529 507 dimissos.
1572 473 1648 506 Sed

168 515 303 552 ponam
315 511 412 546 Gud.
434 517 473 546 et
486 514 621 547 Walch.
647 517 681 547 et
704 519 783 556 post
807 518 1004 557 exspectem,
1018 515 1098 558 quia
1121 515 1206 547 alias
1227 519 1378 549 metrum
1401 526 1471 549 non
1494 521 1648 550 constat.

166 553 288 604 Bprm.
304 556 425 588 maliet
439 557 579 599 legere:
603 557 657 590 Ita
666 568 761 599 nunc,
771 559 891 599 legatos
903 561 1064 600 exspectat
1078 559 1133 600 qui
1145 562 1295 601 posteros,
1313 560 1440 593 Novum
1449 560 1559 593 venire
1571 571 1649 596 ,cum

164 598 266 648 vadet,
279 599 382 632 mnu·
395 599 523 640 olfacit,·
546 600 657 634 edidit
672 605 798 644 tamen,
819 602 874 634 Ita
889 612 972 635 nunc
985 603 1106 643 legatos
1119 606 1300 645 exspectant
1315 607 1347 636 et
1357 604 1474 645 posteri
1481 614 1495 642 ,-
1521 604 1649 637 Novum

165 648 272 673 mire
285 642 339 684 qni
352 644 450 686 videt,
462 645 569 677 culum
581 643 703 684 olfacit.
725 645 898 686 Cuningh.
922 645 1048 678 Novum
1060 648 1091 678 et
1105 646 1211 678 venire
1225 657 1259 688 q.
1274 657 1306 680 υ.
1320 657 1348 680 ο.
1364 658 1393 680 ο.
1437 647 1494 680 Ita
1508 657 1646 691 quoque

165 683 280 722 locum
291 686 436 720 exhibet
450 687 569 721 Editio
584 693 798 732 stereotypa.
841 689 1027 731 Equidem,
1040 699 1118 722 cum
1135 700 1184 722 vs.
1207 692 1262 722 35.
1277 695 1450 733 repugnet
1465 701 1514 724 vs.
1538 693 1649 725 28.ss

165 728 221 760 Μ.
233 737 352 762 versus
379 730 467 763 duos
490 732 630 764 ultimos
655 732 837 765 obscoenos
859 732 937 765 illos
963 737 1001 766 et
1025 737 1146 775 turpes
1171 743 1191 766 a
1213 733 1384 767 nebulone
1401 735 1549 778 quodam
1565 734 1645 768 huie

166 767 296 806 fabniae
310 772 472 807 subsutos
485 785 572 818 esse,
586 785 664 809 cum
679 776 798 810 Burm.
814 779 855 809 et
866 776 975 819 Lang-
989 775 1096 810 facile
1111 777 1331 812 crediderim.

692 1170 907 1211 FABULA
955 1171 1109 1210 XVIII.

575 1314 769 1358 HOMO
802 1314 884 1359 ΕΤ
913 1313 1234 1359 COLUBRA.

160 1472 262 1526 Qui
282 1473 372 1516 sert
388 1472 521 1517 malis
541 1473 777 1527 auxilium,
798 1478 903 1530 post
925 1478 1102 1529 tempus
1123 1472 1263 1514 dolet.

215 1539 336 1584 Gelu
354 1542 570 1596 rigentem
589 1542 771 1598 quidam
795 1541 1041 1584 Colubram
1060 1540 1259 1592 sustulit,

159 1607 360 1666 Sinuque
377 1609 505 1663 fovit,
527 1614 683 1655 contra
702 1624 750 1654 se
769 1611 870 1667 ipse
888 1609 1159 1652 misericors.

158 1676 369 1735 Namque
387 1683 439 1723 ut
455 1679 623 1724 refecta
643 1684 731 1731 est,
751 1672 904 1722 necuit
922 1677 1149 1720 hominem
1169 1676 1385 1733 protinus.

157 1746 292 1809 Hanc
311 1748 403 1792 alia
421 1761 524 1792 cum
543 1753 717 1805 rogaret
733 1760 920 1792 causam
939 1746 1170 1798 facinoris,
1609 1749 1640 1792 5

157 1816 439 1874 Respondit:
471 1817 547 1879 Ne
566 1819 668 1876 quis
688 1818 834 1862 discat
851 1816 1065 1874 prodesse
1083 1815 1318 1872 improbis.

198 1939 266 1977 Qui
290 1939 469 1974 auxiliatur
483 1940 642 1983 improbis,
663 1941 824 1983 aliquanto
841 1942 913 1983 post
928 1940 1024 1972 dolet.
1071 1939 1210 1976 Quidam
1226 1938 1352 1980 collegit
1371 1938 1538 1972 Colubram
1553 1939 1638 1980 rigi-

153 1983 227 2016 dam
233 1982 376 2026 frigore,
386 1987 420 2018 et
432 1985 537 2027 posuit
550 1985 586 2018 in
599 1986 714 2026 sinum,
728 1985 897 2026 indulgens
908 1984 944 2015 in
959 1983 1010 2016 sui
1022 1982 1202 2025 perniciem.
1251 1983 1294 2014 Ue
1311 1983 1396 2015 enim
1410 1983 1529 2026 recepit
1543 1983 1640 2024 vires,

151 2026 314 2066 inea-secu
324 2028 435 2060 statim
449 2028 618 2061 hominem.
662 2028 807 2069 Roganti
823 2037 905 2060 vero
920 2027 1015 2059 alteri
1035 2026 1190 2059 rationem
1210 2026 1349 2069 sceleris,
1369 2026 1456 2059 dixit
1467 2037 1478 2059 .·
1502 2027 1554 2059 Ne
1567 2027 1639 2070 quis

152 2069 254 2103 deca
269 2071 525 2112 militassent
538 2072 645 2106 malis.-

774 2155 1012 2169 oeooeeaeooeet

197 2213 216 2244 1
239 2211 344 2246 Both.
359 2212 411 2245 M.
427 2211 499 2255 q.s.
515 2211 606 2255 quod
623 2212 742 2255 placet
756 2211 900 2246 Censori
916 2211 1076 2254 upa—3
1099 2210 1229 2243 Harius
1244 2213 1354 2243 contra
1366 2210 1526 2253 seipsum.
1563 2211 1635 2244 Sed

152 2254 189 2287 in
202 2254 255 2288 his
270 2255 516 2297 locutionibus,
529 2266 607 2300 quae
621 2261 781 2300 ntraeque
791 2256 929 2300 quidem
941 2259 1142 2295 occurrunt,
1156 2254 1216 2287 sed
1233 2254 1345 2286 altera
1359 2258 1415 2287 est
1429 2255 1636 2297 elegantior,

150 2298 272 2332 Burm.
287 2309 427 2343 semper
449 2300 599 2343 scriptos
614 2300 713 2343 sequi
729 2300 939 2333 tutissimum
951 2303 1055 2332 *reete
1069 2298 1259 2331 credin—4
1281 2297 1324 2330 In
1340 2303 1487 2341 utroque
1502 2298 1635 2332 Codice

150 2346 189 2375 et
205 2342 301 2376 Pith.
315 2349 355 2377 vet
370 2344 471 2377 Rem.
486 2343 617 2385 iegitur
639 2344 745 2376 nocuit
769 2343 936 2385 hmrinem,
961 2343 1134 2386 probante
1150 2342 1303 2384 Guyeto.
1347 2340 1429 2374 Vid.
1446 2342 1572 2375 Nevel.
1589 2342 1634 2375 ad

151 2387 340 2429 marginem
356 2387 451 2421 Edit.
465 2391 502 2420 et
517 2388 617 2420 Brot.
632 2388 746 2421 Etiam
761 2388 905 2420 Salmas.
928 2387 1056 2421 Exere.
1071 2386 1164 2418 Plin.
1190 2395 1224 2428 p.
1244 2387 1299 2418 29.
1322 2383 1357 2418 b.
1382 2389 1420 2417 et
1434 2384 1468 2417 in
1484 2385 1569 2418 Not.
1587 2385 1631 2418 ad

149 2429 265 2473 Spart.
291 2430 445 2466 Adr.2o.
460 2430 520 2463 ubi
536 2431 642 2464 verba
656 2432 732 2464 haec
756 2431 910 2472 adducit,
932 2431 1020 2474 legit
1043 2430 1163 2469 nocuit,
1189 2438 1258 2461 non
1279 2429 1397 2470 necuit,
1421 2428 1634 2461 locutionem

142 2483 258 2507 nocere
271 2475 405 2519 aliquem
420 2475 582 2508 Latinam
605 2474 774 2519 bonisque
790 2474 1004 2516 auctoribus,
1017 2478 1058 2507 ut
1074 2472 1214 2512 ovidio,
1229 2472 1344 2514 Celso,
1364 2478 1541 2514 receptam
1556 2482 1633 2507 esse

150 2521 299 2553 testans.
314 2542 318 2545 -
342 2519 418 2553 Etsi
435 2528 517 2551 vero
533 2519 646 2562 aliqua
661 2513 823 2562 ex'empla
837 2516 953 2552 afferri
971 2522 1122 2559 possunt,
1146 2516 1205 2549 nbi
1218 2514 1323 2548 nocuit
1338 2525 1416 2548 cum
1431 2516 1631 2550 accusativo

149 2562 376 2606 comtruitur,
387 2562 478 2607 quod
493 2562 630 2596 abunde
646 2563 772 2596 docent
782 2563 886 2596 Notae
901 2562 1009 2595 Gudii
1021 2567 1058 2595 et
1069 2562 1191 2595 Burm.
1206 2559 1271 2591 viri
1287 2559 1385 2592 docti
1400 2564 1516 2592 tamen
1532 2564 1631 2593 recte

143 2604 302 2646 probant
315 2607 496 2650 vulgatum
511 2607 637 2640 necuit:
669 2606 705 2639 in
721 2617 788 2650 qna
812 2605 966 2639 lectione
989 2603 1233 2639 constituenda
1258 2603 1446 2645 praeiverat
1461 2603 1632 2636 Pithoeus.

144 2647 242 2681 'Num
257 2650 443 2684 oscitantia
457 2650 603 2692 librarii,
616 2651 673 2694 qni
689 2650 873 2693 ignorabat
893 2649 1039 2682 formam
1053 2649 1170 2689 necuit,
1184 2645 1287 2679 facile
1308 2646 1477 2697 irrepere·
1492 2650 1632 2688 poterat

148 2692 267 2726 maie.
311 2694 382 2728 Sed
394 2693 500 2728 necuit
514 2694 643 2727 dixisse
659 2700 807 2734 veteres,
819 2697 993 2727 testantur
1007 2698 1145 2726 veteres
1161 2691 1399 2724 Grammatici.
1436 2689 1516 2724 vm.
1530 2690 1630 2724 Voss.

151 2733 306 2770 deAnal.
315 2738 377 2771 lib.
393 2747 453 2772 m.
468 2747 500 2771 c.
515 2741 569 2773 20.
589 2747 624 2781 p.
639 2747 686 2770 m.
697 2734 772 2771 300'.
788 2736 1014 2771 Ed.Amstel.
1030 2735 1055 2769 f.
1073 2736 1130 2779 qui
1146 2739 1182 2767 et
1198 2733 1303 2767 Libro
1315 2733 1359 2766 de
1371 2733 1508 2766 constr.
1523 2742 1555 2766 c.
1571 2728 1627 2768 21.

151 2787 186 2820 p.
200 2781 277 2812 8⁹9.
291 2782 399 2815 nocuit
410 2783 443 2815 h.
462 2783 484 2815 Ι.
497 2782 662 2814 damnare
685 2781 837 2814 videtur.
863 2779 912 2814 cf.
927 2781 1125 2813 Bura—5.
1139 2781 1162 2811 6
1183 2777 1382 2810 Burmanno
1404 2786 1473 2810 non
1488 2775 1530 2810 fit
1542 2786 1628 2810 vero

151 2822 276 2864 simile,
290 2825 467 2859 colubram
481 2830 605 2859 contra
620 2836 657 2858 se
671 2824 881 2858 sententiam
904 2824 1143 2867 pronuntiare,
1169 2825 1205 2853 et
1228 2830 1266 2854 se
1287 2821 1397 2862 ipsam
1413 2829 1554 2862 vocare,
1567 2820 1627 2853 im-

148 2865 295 2907 probam,-
317 2877 382 2902 nec
405 2869 543 2905 Phaedri
566 2869 706 2912 ingenio
731 2867 918 2902 convenire
941 2871 1057 2912 putat,
1077 2865 1230 2900 addens:
1255 2866 1264 2884 ⁶
1283 2864 1389 2898 Forte
1416 2868 1497 2898 sunt
1518 2864 1627 2899 verba
