<?xml version="1.0" encoding="UTF-8"?>
<!DOCTYPE html PUBLIC "-//W3C//DTD XHTML 1.0 Transitional//EN"
    "http://www.w3.org/TR/xhtml1/DTD/xhtml1-transitional.dtd">
<html xmlns="http://www.w3.org/1999/xhtml" xml:lang="en" lang="en">
 <head>
  <title>
</title>
<meta http-equiv="Content-Type" content="text/html;charset=utf-8" />
  <meta name='ocr-system' content='tesseract 3.04.00' />
  <meta name='ocr-capabilities' content='ocr_page ocr_carea ocr_par ocr_line ocrx_word'/>
</head>
<body>
  <div class='ocr_page' id='page_1' title='image "./fabualeaesopiae00phaeuoft_0478.png"; bbox 0 0 1806 3236; ppageno 0'>
   <div class='ocr_carea' id='block_1_1' title="bbox 208 191 354 243">
    <p class='ocr_par' dir='ltr' id='par_1_1' title="bbox 208 191 354 243">
     <span class='ocr_line' id='line_1_1' title="bbox 208 191 354 243; baseline 0.007 -1"><span class='ocrx_word' id='word_1_1' title='bbox 208 191 354 243; x_wconf 71' lang='lat'><strong>‘466</strong></span> 
     </span>
    </p>
   </div>
   <div class='ocr_carea' id='block_1_2' title="bbox 259 304 974 2833">
    <p class='ocr_par' dir='ltr' id='par_1_2' title="bbox 259 304 974 2833">
     <span class='ocr_line' id='line_1_2' title="bbox 267 304 973 338; baseline -0.003 0"><span class='ocrx_word' id='word_1_2' title='bbox 267 310 349 338; x_wconf 86' lang='lat' dir='ltr'><strong>tras.</strong></span> <span class='ocrx_word' id='word_1_3' title='bbox 394 305 472 338; x_wconf 84' lang='lat' dir='ltr'><strong>Hoc</strong></span> <span class='ocrx_word' id='word_1_4' title='bbox 493 305 587 338; x_wconf 84' lang='lat' dir='ltr'><strong>vult:</strong></span> <span class='ocrx_word' id='word_1_5' title='bbox 612 304 732 337; x_wconf 88' lang='lat' dir='ltr'><strong>Sinon</strong></span> <span class='ocrx_word' id='word_1_6' title='bbox 758 307 894 337; x_wconf 80' lang='lat' dir='ltr'><strong>tamum</strong></span> <span class='ocrx_word' id='word_1_7' title='bbox 909 304 973 338; x_wconf 77' lang='lat' dir='ltr'><strong>tibi</strong></span> 
     </span>
     <span class='ocr_line' id='line_1_3' title="bbox 265 354 972 398; baseline -0.001 -10"><span class='ocrx_word' id='word_1_8' title='bbox 265 356 487 398; x_wconf 82' lang='lat' dir='ltr'><strong>displicuero,</strong></span> <span class='ocrx_word' id='word_1_9' title='bbox 521 355 582 388; x_wconf 88' lang='lat' dir='ltr'><strong>sed</strong></span> <span class='ocrx_word' id='word_1_10' title='bbox 618 354 736 396; x_wconf 85' lang='lat' dir='ltr'><strong>etiam,</strong></span> <span class='ocrx_word' id='word_1_11' title='bbox 767 355 859 398; x_wconf 86' lang='lat' dir='ltr'><strong>quod</strong></span> <span class='ocrx_word' id='word_1_12' title='bbox 896 355 972 398; x_wconf 89' lang='lat' dir='ltr'><strong>plus</strong></span> 
     </span>
     <span class='ocr_line' id='line_1_4' title="bbox 268 405 974 449; baseline -0.003 -9"><span class='ocrx_word' id='word_1_13' title='bbox 268 412 334 446; x_wconf 83' lang='lat' dir='ltr'><strong>est,</strong></span> <span class='ocrx_word' id='word_1_14' title='bbox 361 406 552 440; x_wconf 85' lang='lat' dir='ltr'><strong>hominibus</strong></span> <span class='ocrx_word' id='word_1_15' title='bbox 573 405 749 449; x_wconf 72' lang='lat' dir='ltr'><strong>malignis,</strong></span> <span class='ocrx_word' id='word_1_16' title='bbox 776 407 834 449; x_wconf 87' lang='lat' dir='ltr'><strong>qui</strong></span> <span class='ocrx_word' id='word_1_17' title='bbox 861 407 974 439; x_wconf 90' lang='lat' dir='ltr'><strong>omnia</strong></span> 
     </span>
     <span class='ocr_line' id='line_1_5' title="bbox 267 456 973 499; baseline -0.003 -8"><span class='ocrx_word' id='word_1_18' title='bbox 267 458 380 491; x_wconf 79' lang='lat' dir='ltr'><strong>solent</strong></span> <span class='ocrx_word' id='word_1_19' title='bbox 393 466 548 499; x_wconf 87' lang='lat' dir='ltr'><strong>carpere.</strong></span> <span class='ocrx_word' id='word_1_20' title='bbox 592 456 742 489; x_wconf 77' lang='lat' dir='ltr'><strong>Acescere</strong></span> <span class='ocrx_word' id='word_1_21' title='bbox 757 457 812 489; x_wconf 84' lang='lat' dir='ltr'><strong>bic</strong></span> <span class='ocrx_word' id='word_1_22' title='bbox 823 461 891 499; x_wconf 87' lang='lat' dir='ltr'><strong>est,</strong></span> <span class='ocrx_word' id='word_1_23' title='bbox 906 457 973 489; x_wconf 85' lang='lat' dir='ltr'><strong>dis-</strong></span> 
     </span>
     <span class='ocr_line' id='line_1_6' title="bbox 267 508 974 551; baseline -0.001 -10"><span class='ocrx_word' id='word_1_24' title='bbox 267 509 412 551; x_wconf 89' lang='lat' dir='ltr'><strong>plicere,</strong></span> <span class='ocrx_word' id='word_1_25' title='bbox 439 508 609 549; x_wconf 82' lang='lat' dir='ltr'><strong>ingratum</strong></span> <span class='ocrx_word' id='word_1_26' title='bbox 624 517 721 541; x_wconf 84' lang='lat' dir='ltr'><strong>esse:</strong></span> <span class='ocrx_word' id='word_1_27' title='bbox 744 517 822 540; x_wconf 83' lang='lat' dir='ltr'><strong>nam</strong></span> <span class='ocrx_word' id='word_1_28' title='bbox 836 517 974 541; x_wconf 74' lang='lat' dir='ltr'><strong><em>acescere</em></strong></span> 
     </span>
     <span class='ocr_line' id='line_1_7' title="bbox 266 559 974 601; baseline 0.001 -10"><span class='ocrx_word' id='word_1_29' title='bbox 266 559 429 591; x_wconf 88' lang='lat' dir='ltr'><strong>dicuntur</strong></span> <span class='ocrx_word' id='word_1_30' title='bbox 444 559 534 599; x_wconf 89' lang='lat' dir='ltr'><strong>vina,</strong></span> <span class='ocrx_word' id='word_1_31' title='bbox 553 568 631 591; x_wconf 91' lang='lat' dir='ltr'><strong>cum</strong></span> <span class='ocrx_word' id='word_1_32' title='bbox 646 563 922 601; x_wconf 82' lang='lat' dir='ltr'><strong>corrumpuntur,</strong></span> <span class='ocrx_word' id='word_1_33' title='bbox 937 563 974 592; x_wconf 84' lang='lat' dir='ltr'><strong>et</strong></span> 
     </span>
     <span class='ocr_line' id='line_1_8' title="bbox 266 610 973 652; baseline 0.001 -9"><span class='ocrx_word' id='word_1_34' title='bbox 266 611 302 643; x_wconf 87' lang='lat' dir='ltr'><strong>in</strong></span> <span class='ocrx_word' id='word_1_35' title='bbox 314 614 450 643; x_wconf 88' lang='lat' dir='ltr'><strong>acetum</strong></span> <span class='ocrx_word' id='word_1_36' title='bbox 462 610 685 652; x_wconf 79' lang='lat' dir='ltr'><strong>degenerant,</strong></span> <span class='ocrx_word' id='word_1_37' title='bbox 701 614 739 643; x_wconf 91' lang='lat' dir='ltr'><strong>ut</strong></span> <span class='ocrx_word' id='word_1_38' title='bbox 754 611 858 644; x_wconf 86' lang='lat' dir='ltr'><strong>etiam</strong></span> <span class='ocrx_word' id='word_1_39' title='bbox 873 611 884 630; x_wconf 92' lang='lat'>‘</span> <span class='ocrx_word' id='word_1_40' title='bbox 900 621 973 644; x_wconf 89' lang='lat' dir='ltr'><strong>mu-</strong></span> 
     </span>
     <span class='ocr_line' id='line_1_9' title="bbox 267 660 973 703; baseline 0 -9"><span class='ocrx_word' id='word_1_41' title='bbox 267 661 369 694; x_wconf 71' lang='lat' dir='ltr'><strong>cere!</strong></span> <span class='ocrx_word' id='word_1_42' title='bbox 412 661 499 693; x_wconf 86' lang='lat' dir='ltr'><strong>Cato</strong></span> <span class='ocrx_word' id='word_1_43' title='bbox 516 660 560 692; x_wconf 87' lang='lat' dir='ltr'><strong>de</strong></span> <span class='ocrx_word' id='word_1_44' title='bbox 576 660 618 694; x_wconf 88' lang='lat' dir='ltr'><strong>R.</strong></span> <span class='ocrx_word' id='word_1_45' title='bbox 636 660 676 693; x_wconf 83' lang='lat' dir='ltr'><strong>R.</strong></span> <span class='ocrx_word' id='word_1_46' title='bbox 689 663 763 694; x_wconf 78' lang='grc'><strong>146.</strong></span> <span class='ocrx_word' id='word_1_47' title='bbox 774 666 811 694; x_wconf 89' lang='lat' dir='ltr'><strong>et</strong></span> <span class='ocrx_word' id='word_1_48' title='bbox 824 662 973 703; x_wconf 87' lang='lat' dir='ltr'><strong>Pompo-</strong></span> 
     </span>
     <span class='ocr_line' id='line_1_10' title="bbox 266 709 973 753; baseline 0.001 -9"><span class='ocrx_word' id='word_1_49' title='bbox 266 712 342 745; x_wconf 84' lang='lat' dir='ltr'>nius</span> <span class='ocrx_word' id='word_1_50' title='bbox 360 712 384 744; x_wconf 82' lang='grc' dir='ltr'><strong>Ι.</strong></span> <span class='ocrx_word' id='word_1_51' title='bbox 399 714 433 744; x_wconf 86' lang='grc'><strong>9.</strong></span> <span class='ocrx_word' id='word_1_52' title='bbox 454 709 491 744; x_wconf 83' lang='lat' dir='ltr'><strong>ff.</strong></span> <span class='ocrx_word' id='word_1_53' title='bbox 515 710 560 743; x_wconf 89' lang='lat' dir='ltr'><strong>de</strong></span> <span class='ocrx_word' id='word_1_54' title='bbox 584 711 690 753; x_wconf 87' lang='lat' dir='ltr'><strong>peric.</strong></span> <span class='ocrx_word' id='word_1_55' title='bbox 714 716 752 744; x_wconf 84' lang='lat' dir='ltr'><strong>et</strong></span> <span class='ocrx_word' id='word_1_56' title='bbox 766 721 888 744; x_wconf 91' lang='lat' dir='ltr'><strong>comm.</strong></span> <span class='ocrx_word' id='word_1_57' title='bbox 912 711 973 745; x_wconf 86' lang='lat' dir='ltr'><strong>rei.</strong></span> 
     </span>
     <span class='ocr_line' id='line_1_11' title="bbox 267 762 974 806; baseline 0 -11"><span class='ocrx_word' id='word_1_58' title='bbox 267 762 396 795; x_wconf 85' lang='lat' dir='ltr'><strong>vendit.</strong></span> <span class='ocrx_word' id='word_1_59' title='bbox 455 762 548 795; x_wconf 86' lang='lat' dir='ltr'><strong>Hinc</strong></span> <span class='ocrx_word' id='word_1_60' title='bbox 577 762 810 795; x_wconf 83' lang='lat' dir='ltr'><strong>emendandus</strong></span> <span class='ocrx_word' id='word_1_61' title='bbox 837 773 974 806; x_wconf 91' lang='lat' dir='ltr'><strong>quoque</strong></span> 
     </span>
     <span class='ocr_line' id='line_1_12' title="bbox 266 813 973 857; baseline -0.001 -10"><span class='ocrx_word' id='word_1_62' title='bbox 266 814 466 856; x_wconf 80' lang='lat' dir='ltr'><strong>Petronius,</strong></span> <span class='ocrx_word' id='word_1_63' title='bbox 493 814 504 833; x_wconf 88' lang='lat'>‘</span> <span class='ocrx_word' id='word_1_64' title='bbox 521 814 602 856; x_wconf 85' lang='lat' dir='ltr'><strong>Dic,</strong></span> <span class='ocrx_word' id='word_1_65' title='bbox 635 814 785 857; x_wconf 80' lang='lat' dir='ltr'><strong>Chrysis,</strong></span> <span class='ocrx_word' id='word_1_66' title='bbox 821 813 973 857; x_wconf 84' lang='lat' dir='ltr'>nunquid</span> 
     </span>
     <span class='ocr_line' id='line_1_13' title="bbox 266 865 973 908; baseline -0.001 -10"><span class='ocrx_word' id='word_1_67' title='bbox 266 866 406 908; x_wconf 87' lang='lat' dir='ltr'><strong>spiritus</strong></span> <span class='ocrx_word' id='word_1_68' title='bbox 429 865 564 907; x_wconf 89' lang='lat' dir='ltr'><strong>jejunio</strong></span> <span class='ocrx_word' id='word_1_69' title='bbox 589 865 736 898; x_wconf 72' lang='lat' dir='ltr'><strong>inacet?</strong></span> <span class='ocrx_word' id='word_1_70' title='bbox 769 865 825 898; x_wconf 87' lang='lat' dir='ltr'><strong>vel</strong></span> <span class='ocrx_word' id='word_1_71' title='bbox 850 868 973 903; x_wconf 69' lang='lat' dir='ltr'><strong>mucel,-</strong></span> 
     </span>
     <span class='ocr_line' id='line_1_14' title="bbox 266 916 974 959; baseline 0 -10"><span class='ocrx_word' id='word_1_72' title='bbox 266 918 369 959; x_wconf 85' lang='lat' dir='ltr'><strong>vulgo</strong></span> <span class='ocrx_word' id='word_1_73' title='bbox 386 917 432 949; x_wconf 93' lang='lat' dir='ltr'><strong>ibi</strong></span> <span class='ocrx_word' id='word_1_74' title='bbox 447 917 564 958; x_wconf 88' lang='lat' dir='ltr'><strong>inepte</strong></span> <span class='ocrx_word' id='word_1_75' title='bbox 580 919 707 949; x_wconf 78' lang='lat' dir='ltr'><strong>marcet.</strong></span> <span class='ocrx_word' id='word_1_76' title='bbox 751 916 806 950; x_wconf 92' lang='lat' dir='ltr'><strong>Sic</strong></span> <span class='ocrx_word' id='word_1_77' title='bbox 822 920 859 949; x_wconf 88' lang='lat' dir='ltr'><strong>et</strong></span> <span class='ocrx_word' id='word_1_78' title='bbox 879 916 974 959; x_wconf 89' lang='lat' dir='ltr'><strong>Apu·</strong></span> 
     </span>
     <span class='ocr_line' id='line_1_15' title="bbox 265 966 970 1000; baseline 0.001 -1"><span class='ocrx_word' id='word_1_79' title='bbox 265 969 351 1000; x_wconf 88' lang='lat' dir='ltr'><strong>leius</strong></span> <span class='ocrx_word' id='word_1_80' title='bbox 364 967 456 1000; x_wconf 84' lang='lat' dir='ltr'>dixit</span> <span class='ocrx_word' id='word_1_81' title='bbox 471 969 481 986; x_wconf 87' lang='lat'>‘</span> <span class='ocrx_word' id='word_1_82' title='bbox 498 966 741 1000; x_wconf 86' lang='lat' dir='ltr'><strong>Peracescere&#39;</strong></span> <span class='ocrx_word' id='word_1_83' title='bbox 762 977 828 1000; x_wconf 90' lang='lat' dir='ltr'><strong>non</strong></span> <span class='ocrx_word' id='word_1_84' title='bbox 845 968 970 1000; x_wconf 86' lang='lat' dir='ltr'><strong>semel:</strong></span> 
     </span>
     <span class='ocr_line' id='line_1_16' title="bbox 263 1017 974 1052; baseline 0 -2"><span class='ocrx_word' id='word_1_85' title='bbox 263 1019 343 1051; x_wconf 87' lang='lat' dir='ltr'><strong>hinc</strong></span> <span class='ocrx_word' id='word_1_86' title='bbox 368 1019 377 1037; x_wconf 91' lang='lat'>‘</span> <span class='ocrx_word' id='word_1_87' title='bbox 391 1017 512 1051; x_wconf 84' lang='lat' dir='ltr'><strong>Acidae</strong></span> <span class='ocrx_word' id='word_1_88' title='bbox 536 1017 672 1051; x_wconf 85' lang='lat' dir='ltr'><strong>calices’</strong></span> <span class='ocrx_word' id='word_1_89' title='bbox 701 1018 793 1051; x_wconf 89' lang='lat' dir='ltr'><strong>Plin.</strong></span> <span class='ocrx_word' id='word_1_90' title='bbox 815 1026 851 1050; x_wconf 83' lang='lat' dir='ltr'><strong>x.</strong></span> <span class='ocrx_word' id='word_1_91' title='bbox 866 1021 921 1052; x_wconf 79' lang='lat'><strong>70.</strong></span> <span class='ocrx_word' id='word_1_92' title='bbox 937 1022 974 1050; x_wconf 86' lang='lat' dir='ltr'><strong>et</strong></span> 
     </span>
     <span class='ocr_line' id='line_1_17' title="bbox 262 1067 972 1110; baseline 0 -9"><span class='ocrx_word' id='word_1_93' title='bbox 262 1068 415 1102; x_wconf 82' lang='lat' dir='ltr'><strong>‘Acidus</strong></span> <span class='ocrx_word' id='word_1_94' title='bbox 445 1067 580 1100; x_wconf 88' lang='lat' dir='ltr'><strong>cantus&#39;</strong></span> <span class='ocrx_word' id='word_1_95' title='bbox 609 1067 702 1110; x_wconf 88' lang='lat' dir='ltr'><strong>apud</strong></span> <span class='ocrx_word' id='word_1_96' title='bbox 739 1068 881 1101; x_wconf 86' lang='lat' dir='ltr'><strong>Petron.</strong></span> <span class='ocrx_word' id='word_1_97' title='bbox 909 1077 972 1110; x_wconf 86' lang='lat' dir='ltr'><strong>pro</strong></span> 
     </span>
     <span class='ocr_line' id='line_1_18' title="bbox 263 1119 972 1162; baseline -0.003 -9"><span class='ocrx_word' id='word_1_98' title='bbox 263 1121 396 1153; x_wconf 82' lang='lat' dir='ltr'>insuavi</span> <span class='ocrx_word' id='word_1_99' title='bbox 422 1123 459 1152; x_wconf 88' lang='lat' dir='ltr'><strong>et</strong></span> <span class='ocrx_word' id='word_1_100' title='bbox 485 1120 633 1161; x_wconf 83' lang='lat' dir='ltr'><strong>ingrato,</strong></span> <span class='ocrx_word' id='word_1_101' title='bbox 653 1119 743 1162; x_wconf 89' lang='lat' dir='ltr'><strong>quod</strong></span> <span class='ocrx_word' id='word_1_102' title='bbox 758 1120 865 1152; x_wconf 86' lang='lat' dir='ltr'><strong>semel</strong></span> <span class='ocrx_word' id='word_1_103' title='bbox 880 1119 972 1161; x_wconf 86' lang='lat' dir='ltr'><strong>apud</strong></span> 
     </span>
     <span class='ocr_line' id='line_1_19' title="bbox 263 1170 971 1212; baseline -0.001 -9"><span class='ocrx_word' id='word_1_104' title='bbox 263 1172 359 1203; x_wconf 86' lang='lat' dir='ltr'><strong>illurn</strong></span> <span class='ocrx_word' id='word_1_105' title='bbox 392 1175 446 1203; x_wconf 89' lang='lat' dir='ltr'><strong>est</strong></span> <span class='ocrx_word' id='word_1_106' title='bbox 482 1174 695 1212; x_wconf 81' lang='lat' dir='ltr'><strong>corruptum,</strong></span> <span class='ocrx_word' id='word_1_107' title='bbox 728 1170 787 1202; x_wconf 90' lang='lat' dir='ltr'><strong>ubi</strong></span> <span class='ocrx_word' id='word_1_108' title='bbox 819 1170 971 1203; x_wconf 86' lang='lat' dir='ltr'><strong>‘Cantus</strong></span> 
     </span>
     <span class='ocr_line' id='line_1_20' title="bbox 264 1220 973 1262; baseline -0.003 -8"><span class='ocrx_word' id='word_1_109' title='bbox 264 1221 399 1254; x_wconf 86' lang='lat' dir='ltr'><strong>aeutus’</strong></span> <span class='ocrx_word' id='word_1_110' title='bbox 412 1221 500 1253; x_wconf 88' lang='lat' dir='ltr'><strong>male</strong></span> <span class='ocrx_word' id='word_1_111' title='bbox 516 1231 607 1253; x_wconf 87' lang='lat' dir='ltr'><strong>nunc</strong></span> <span class='ocrx_word' id='word_1_112' title='bbox 623 1221 760 1262; x_wconf 85' lang='lat' dir='ltr'><strong>legitur.</strong></span> <span class='ocrx_word' id='word_1_113' title='bbox 799 1220 854 1254; x_wconf 87' lang='lat' dir='ltr'><strong>Ab</strong></span> <span class='ocrx_word' id='word_1_114' title='bbox 868 1231 973 1253; x_wconf 79' lang='lat' dir='ltr'><strong><em>acesco</em></strong></span> 
     </span>
     <span class='ocr_line' id='line_1_21' title="bbox 264 1270 970 1313; baseline -0.001 -9"><span class='ocrx_word' id='word_1_115' title='bbox 264 1273 319 1304; x_wconf 82' lang='lat' dir='ltr'><strong>vel</strong></span> <span class='ocrx_word' id='word_1_116' title='bbox 346 1282 419 1304; x_wconf 79' lang='lat' dir='ltr'><strong>oceo</strong></span> <span class='ocrx_word' id='word_1_117' title='bbox 433 1276 488 1304; x_wconf 80' lang='lat' dir='ltr'><strong>est</strong></span> <span class='ocrx_word' id='word_1_118' title='bbox 512 1273 643 1305; x_wconf 72' lang='lat' dir='ltr'><strong>acuerit.</strong></span> <span class='ocrx_word' id='word_1_119' title='bbox 686 1272 826 1313; x_wconf 85' lang='lat' dir='ltr'><strong>Ulpian.</strong></span> <span class='ocrx_word' id='word_1_120' title='bbox 853 1272 876 1305; x_wconf 85' lang='lat' dir='ltr'><strong>l.</strong></span> <span class='ocrx_word' id='word_1_121' title='bbox 893 1281 919 1305; x_wconf 76' lang='grc' dir='ltr'><strong>ι.</strong></span> <span class='ocrx_word' id='word_1_122' title='bbox 933 1270 970 1303; x_wconf 86' lang='lat' dir='ltr'><strong>ff.</strong></span> 
     </span>
     <span class='ocr_line' id='line_1_22' title="bbox 264 1321 970 1364; baseline -0.001 -10"><span class='ocrx_word' id='word_1_123' title='bbox 264 1321 309 1355; x_wconf 87' lang='lat' dir='ltr'><strong>de</strong></span> <span class='ocrx_word' id='word_1_124' title='bbox 324 1323 465 1364; x_wconf 85' lang='lat' dir='ltr'><strong>pericul.</strong></span> <span class='ocrx_word' id='word_1_125' title='bbox 494 1327 531 1355; x_wconf 92' lang='lat' dir='ltr'><strong>et</strong></span> <span class='ocrx_word' id='word_1_126' title='bbox 553 1332 641 1355; x_wconf 87' lang='lat' dir='ltr'><strong>com.</strong></span> <span class='ocrx_word' id='word_1_127' title='bbox 658 1322 708 1355; x_wconf 89' lang='lat' dir='ltr'><strong>rei</strong></span> <span class='ocrx_word' id='word_1_128' title='bbox 723 1322 823 1356; x_wconf 83' lang='lat' dir='ltr'><strong>vend.</strong></span> <span class='ocrx_word' id='word_1_129' title='bbox 845 1323 855 1341; x_wconf 92' lang='lat'>‘</span> <span class='ocrx_word' id='word_1_130' title='bbox 871 1322 908 1355; x_wconf 91' lang='lat' dir='ltr'><strong>Si</strong></span> <span class='ocrx_word' id='word_1_131' title='bbox 924 1322 970 1354; x_wconf 89' lang='lat' dir='ltr'><strong>vi-</strong></span> 
     </span>
     <span class='ocr_line' id='line_1_23' title="bbox 262 1372 970 1415; baseline -0.001 -9"><span class='ocrx_word' id='word_1_132' title='bbox 262 1383 343 1406; x_wconf 88' lang='lat' dir='ltr'><strong>num</strong></span> <span class='ocrx_word' id='word_1_133' title='bbox 360 1372 537 1405; x_wconf 85' lang='lat' dir='ltr'><strong>venditum</strong></span> <span class='ocrx_word' id='word_1_134' title='bbox 549 1373 695 1414; x_wconf 87' lang='lat' dir='ltr'><strong>acuerit,</strong></span> <span class='ocrx_word' id='word_1_135' title='bbox 707 1373 764 1405; x_wconf 87' lang='lat' dir='ltr'><strong>vel</strong></span> <span class='ocrx_word' id='word_1_136' title='bbox 777 1372 860 1415; x_wconf 86' lang='lat' dir='ltr'><strong>quid</strong></span> <span class='ocrx_word' id='word_1_137' title='bbox 877 1372 970 1405; x_wconf 89' lang='lat' dir='ltr'><strong>aliud</strong></span> 
     </span>
     <span class='ocr_line' id='line_1_24' title="bbox 262 1423 970 1465; baseline -0.001 -8"><span class='ocrx_word' id='word_1_138' title='bbox 262 1424 338 1457; x_wconf 87' lang='lat' dir='ltr'><strong>vitii</strong></span> <span class='ocrx_word' id='word_1_139' title='bbox 354 1423 581 1456; x_wconf 70' lang='lat' dir='ltr'>sustinuerit!</span> <span class='ocrx_word' id='word_1_140' title='bbox 606 1424 732 1456; x_wconf 83' lang='lat' dir='ltr'><strong>Horat.</strong></span> <span class='ocrx_word' id='word_1_141' title='bbox 748 1423 860 1465; x_wconf 80' lang='lat' dir='ltr'><strong>Epist.</strong></span> <span class='ocrx_word' id='word_1_142' title='bbox 878 1424 888 1442; x_wconf 89' lang='lat'>‘</span> <span class='ocrx_word' id='word_1_143' title='bbox 899 1424 970 1456; x_wconf 91' lang='lat' dir='ltr'><strong>Sin-</strong></span> 
     </span>
     <span class='ocr_line' id='line_1_25' title="bbox 262 1474 970 1521; baseline 0 -15"><span class='ocrx_word' id='word_1_144' title='bbox 262 1484 380 1507; x_wconf 88' lang='lat' dir='ltr'><strong>cerum</strong></span> <span class='ocrx_word' id='word_1_145' title='bbox 407 1479 462 1521; x_wconf 79' lang='lat' dir='ltr'><strong>est</strong></span> <span class='ocrx_word' id='word_1_146' title='bbox 491 1474 557 1507; x_wconf 88' lang='lat' dir='ltr'><strong>nisi</strong></span> <span class='ocrx_word' id='word_1_147' title='bbox 583 1484 654 1516; x_wconf 88' lang='lat' dir='ltr'><strong>vas,</strong></span> <span class='ocrx_word' id='word_1_148' title='bbox 675 1474 970 1517; x_wconf 85' lang='lat' dir='ltr'><strong>quodcunquein-</strong></span> 
     </span>
     <span class='ocr_line' id='line_1_26' title="bbox 262 1524 971 1566; baseline -0.001 -8"><span class='ocrx_word' id='word_1_149' title='bbox 262 1525 377 1558; x_wconf 84' lang='lat' dir='ltr'><strong>fundis</strong></span> <span class='ocrx_word' id='word_1_150' title='bbox 393 1524 555 1558; x_wconf 86' lang='lat' dir='ltr'><strong>acescit..&#39;</strong></span> <span class='ocrx_word' id='word_1_151' title='bbox 590 1525 683 1558; x_wconf 87' lang='lat' dir='ltr'><strong>Hinc</strong></span> <span class='ocrx_word' id='word_1_152' title='bbox 699 1529 736 1557; x_wconf 87' lang='lat' dir='ltr'><strong>et</strong></span> <span class='ocrx_word' id='word_1_153' title='bbox 747 1525 758 1543; x_wconf 88' lang='lat'>‘</span> <span class='ocrx_word' id='word_1_154' title='bbox 772 1524 891 1566; x_wconf 89' lang='lat' dir='ltr'><strong>Acor,&#39;</strong></span> <span class='ocrx_word' id='word_1_155' title='bbox 906 1524 971 1558; x_wconf 89' lang='lat' dir='ltr'><strong>Co·</strong></span> 
     </span>
     <span class='ocr_line' id='line_1_27' title="bbox 260 1574 970 1609; baseline 0.001 -2"><span class='ocrx_word' id='word_1_156' title='bbox 260 1576 375 1607; x_wconf 88' lang='lat' dir='ltr'><strong>lumel.</strong></span> <span class='ocrx_word' id='word_1_157' title='bbox 399 1576 423 1608; x_wconf 82' lang='lat' dir='ltr'><strong>l.</strong></span> <span class='ocrx_word' id='word_1_158' title='bbox 447 1584 504 1608; x_wconf 82' lang='grc' dir='ltr'><strong>ιιι.</strong></span> <span class='ocrx_word' id='word_1_159' title='bbox 529 1577 585 1608; x_wconf 82' lang='grc'><strong>21.</strong></span> <span class='ocrx_word' id='word_1_160' title='bbox 615 1580 661 1608; x_wconf 88' lang='lat' dir='ltr'><strong>et.</strong></span> <span class='ocrx_word' id='word_1_161' title='bbox 691 1576 714 1608; x_wconf 90' lang='lat' dir='ltr'><strong>l.</strong></span> <span class='ocrx_word' id='word_1_162' title='bbox 745 1584 797 1609; x_wconf 80' lang='lat' dir='ltr'><strong>w.</strong></span> <span class='ocrx_word' id='word_1_163' title='bbox 818 1574 855 1607; x_wconf 83' lang='lat' dir='ltr'><strong>ff.</strong></span> <span class='ocrx_word' id='word_1_164' title='bbox 881 1575 918 1608; x_wconf 88' lang='lat' dir='ltr'><strong>d.</strong></span> <span class='ocrx_word' id='word_1_165' title='bbox 945 1579 970 1608; x_wconf 89' lang='lat' dir='ltr'><strong>t.</strong></span> 
     </span>
     <span class='ocr_line' id='line_1_28' title="bbox 264 1626 972 1668; baseline 0 -9"><span class='ocrx_word' id='word_1_166' title='bbox 264 1626 357 1659; x_wconf 85' lang='lat' dir='ltr'><strong>Hinc</strong></span> <span class='ocrx_word' id='word_1_167' title='bbox 372 1635 508 1668; x_wconf 88' lang='lat' dir='ltr'><strong>quoque</strong></span> <span class='ocrx_word' id='word_1_168' title='bbox 524 1631 578 1658; x_wconf 88' lang='lat' dir='ltr'><strong>est</strong></span> <span class='ocrx_word' id='word_1_169' title='bbox 593 1626 737 1665; x_wconf 91' lang='lat' dir='ltr'><strong>locutio,</strong></span> <span class='ocrx_word' id='word_1_170' title='bbox 758 1628 768 1645; x_wconf 99' lang='grc'><strong><em>6</em></strong></span> <span class='ocrx_word' id='word_1_171' title='bbox 784 1626 895 1659; x_wconf 89' lang='lat' dir='ltr'><strong>Aceto</strong></span> <span class='ocrx_word' id='word_1_172' title='bbox 911 1627 972 1659; x_wconf 87' lang='lat' dir='ltr'><strong>ali-</strong></span> 
     </span>
     <span class='ocr_line' id='line_1_29' title="bbox 262 1677 970 1720; baseline 0.003 -11"><span class='ocrx_word' id='word_1_173' title='bbox 262 1687 362 1720; x_wconf 87' lang='lat' dir='ltr'><strong>quem</strong></span> <span class='ocrx_word' id='word_1_174' title='bbox 389 1677 623 1719; x_wconf 56' lang='lat' dir='ltr'><strong>perfundere?</strong></span> <span class='ocrx_word' id='word_1_175' title='bbox 669 1678 792 1711; x_wconf 82' lang='lat' dir='ltr'><strong>Horat.</strong></span> <span class='ocrx_word' id='word_1_176' title='bbox 815 1678 925 1710; x_wconf 81' lang='lat' dir='ltr'><strong>Serm.</strong></span> <span class='ocrx_word' id='word_1_177' title='bbox 942 1688 970 1711; x_wconf 91' lang='lat'><strong>1.</strong></span> 
     </span>
     <span class='ocr_line' id='line_1_30' title="bbox 261 1728 971 1762; baseline -0.001 -1"><span class='ocrx_word' id='word_1_178' title='bbox 261 1732 295 1761; x_wconf 80' lang='grc'><strong>7.</strong></span> <span class='ocrx_word' id='word_1_179' title='bbox 311 1733 348 1761; x_wconf 89' lang='lat' dir='ltr'><strong>et</strong></span> <span class='ocrx_word' id='word_1_180' title='bbox 362 1729 478 1761; x_wconf 72' lang='lat' dir='ltr'><strong>Plaut.</strong></span> <span class='ocrx_word' id='word_1_181' title='bbox 504 1728 632 1762; x_wconf 88' lang='lat' dir='ltr'><strong>Bacch.</strong></span> <span class='ocrx_word' id='word_1_182' title='bbox 657 1737 714 1761; x_wconf 80' lang='grc' dir='ltr'><strong>ιιι.</strong></span> <span class='ocrx_word' id='word_1_183' title='bbox 735 1731 768 1761; x_wconf 81' lang='grc'><strong>3.</strong></span> <span class='ocrx_word' id='word_1_184' title='bbox 794 1731 824 1760; x_wconf 91' lang='lat'><strong>1.</strong></span> <span class='ocrx_word' id='word_1_185' title='bbox 849 1728 971 1761; x_wconf 87' lang='lat' dir='ltr'><strong>‘Sitne</strong></span> 
     </span>
     <span class='ocr_line' id='line_1_31' title="bbox 263 1779 970 1820; baseline -0.001 -8"><span class='ocrx_word' id='word_1_186' title='bbox 263 1784 399 1813; x_wconf 84' lang='lat' dir='ltr'><strong>acetum</strong></span> <span class='ocrx_word' id='word_1_187' title='bbox 415 1779 479 1811; x_wconf 86' lang='lat' dir='ltr'><strong>tibi</strong></span> <span class='ocrx_word' id='word_1_188' title='bbox 495 1789 556 1812; x_wconf 86' lang='lat' dir='ltr'><strong>cor</strong></span> <span class='ocrx_word' id='word_1_189' title='bbox 569 1788 647 1811; x_wconf 85' lang='lat' dir='ltr'><strong>acre</strong></span> <span class='ocrx_word' id='word_1_190' title='bbox 658 1779 693 1811; x_wconf 86' lang='lat' dir='ltr'><strong>in</strong></span> <span class='ocrx_word' id='word_1_191' title='bbox 705 1783 848 1820; x_wconf 82' lang='lat' dir='ltr'><strong>pectore</strong></span> <span class='ocrx_word' id='word_1_192' title='bbox 861 1779 883 1819; x_wconf 85' lang='lat'><strong>;&#39;</strong></span> <span class='ocrx_word' id='word_1_193' title='bbox 910 1779 970 1811; x_wconf 90' lang='lat' dir='ltr'><strong>ubi</strong></span> 
     </span>
     <span class='ocr_line' id='line_1_32' title="bbox 262 1830 972 1871; baseline 0.001 -9"><span class='ocrx_word' id='word_1_194' title='bbox 262 1830 337 1871; x_wconf 82' lang='lat' dir='ltr'><strong>lege</strong></span> <span class='ocrx_word' id='word_1_195' title='bbox 352 1834 383 1862; x_wconf 83' lang='lat' dir='ltr'><strong>et</strong></span> <span class='ocrx_word' id='word_1_196' title='bbox 399 1840 452 1862; x_wconf 79' lang='lat' dir='ltr'><strong>cor</strong></span> <span class='ocrx_word' id='word_1_197' title='bbox 467 1840 548 1863; x_wconf 80' lang='lat' dir='ltr'><strong>acre.</strong></span> <span class='ocrx_word' id='word_1_198' title='bbox 593 1831 640 1863; x_wconf 88' lang='lat' dir='ltr'><strong>Et</strong></span> <span class='ocrx_word' id='word_1_199' title='bbox 669 1830 705 1862; x_wconf 87' lang='lat' dir='ltr'><strong>in</strong></span> <span class='ocrx_word' id='word_1_200' title='bbox 730 1830 857 1863; x_wconf 82' lang='lat' dir='ltr'>Pseud.</span> <span class='ocrx_word' id='word_1_201' title='bbox 884 1840 925 1863; x_wconf 88' lang='lat'><strong>11.</strong></span> <span class='ocrx_word' id='word_1_202' title='bbox 939 1833 972 1864; x_wconf 85' lang='grc'><strong>4.</strong></span> 
     </span>
     <span class='ocr_line' id='line_1_33' title="bbox 260 1881 971 1924; baseline -0.001 -10"><span class='ocrx_word' id='word_1_203' title='bbox 260 1884 315 1914; x_wconf 84' lang='grc'><strong>49.</strong></span> <span class='ocrx_word' id='word_1_204' title='bbox 339 1881 495 1924; x_wconf 88' lang='lat' dir='ltr'>‘Ecquid</span> <span class='ocrx_word' id='word_1_205' title='bbox 525 1881 631 1913; x_wconf 85' lang='lat' dir='ltr'><strong>babet</strong></span> <span class='ocrx_word' id='word_1_206' title='bbox 652 1882 681 1913; x_wconf 91' lang='lat' dir='ltr'><strong>is</strong></span> <span class='ocrx_word' id='word_1_207' title='bbox 705 1881 806 1913; x_wconf 88' lang='lat' dir='ltr'><strong>homo</strong></span> <span class='ocrx_word' id='word_1_208' title='bbox 828 1881 920 1913; x_wconf 80' lang='lat' dir='ltr'><strong>aceti</strong></span> <span class='ocrx_word' id='word_1_209' title='bbox 933 1881 971 1913; x_wconf 87' lang='lat' dir='ltr'><strong>in</strong></span> 
     </span>
     <span class='ocr_line' id='line_1_34' title="bbox 262 1929 969 1973; baseline -0.001 -10"><span class='ocrx_word' id='word_1_210' title='bbox 262 1932 433 1973; x_wconf 81' lang='lat' dir='ltr'><strong>pectore?</strong></span> <span class='ocrx_word' id='word_1_211' title='bbox 446 1930 524 1964; x_wconf 93' lang='lat' dir='ltr'><strong>CH.</strong></span> <span class='ocrx_word' id='word_1_212' title='bbox 534 1930 653 1973; x_wconf 86' lang='lat' dir='ltr'>Atque</span> <span class='ocrx_word' id='word_1_213' title='bbox 665 1930 873 1963; x_wconf 79' lang='lat' dir='ltr'><strong>acidissimi.’</strong></span> <span class='ocrx_word' id='word_1_214' title='bbox 887 1929 969 1963; x_wconf 88' lang='lat' dir='ltr'><strong>Cor-</strong></span> 
     </span>
     <span class='ocr_line' id='line_1_35' title="bbox 261 1980 972 2023; baseline -0.003 -9"><span class='ocrx_word' id='word_1_215' title='bbox 261 1981 334 2023; x_wconf 83' lang='lat' dir='ltr'><strong>rige</strong></span> <span class='ocrx_word' id='word_1_216' title='bbox 347 1982 451 2014; x_wconf 87' lang='lat' dir='ltr'><strong>etiam</strong></span> <span class='ocrx_word' id='word_1_217' title='bbox 465 1981 579 2014; x_wconf 81' lang='lat' dir='ltr'><strong>Cicer.</strong></span> <span class='ocrx_word' id='word_1_218' title='bbox 594 1982 638 2014; x_wconf 89' lang='lat' dir='ltr'><strong>de</strong></span> <span class='ocrx_word' id='word_1_219' title='bbox 653 1981 795 2014; x_wconf 84' lang='lat' dir='ltr'><strong>Finibus</strong></span> <span class='ocrx_word' id='word_1_220' title='bbox 808 1990 849 2013; x_wconf 85' lang='lat'><strong>11.</strong></span> <span class='ocrx_word' id='word_1_221' title='bbox 863 1992 871 2013; x_wconf 88' lang='lat'>:</span> <span class='ocrx_word' id='word_1_222' title='bbox 894 1982 905 1999; x_wconf 81' lang='lat'><em>⁴</em></span> <span class='ocrx_word' id='word_1_223' title='bbox 915 1980 972 2012; x_wconf 90' lang='lat' dir='ltr'><strong>In-</strong></span> 
     </span>
     <span class='ocr_line' id='line_1_36' title="bbox 262 2030 972 2071; baseline -0.001 -7"><span class='ocrx_word' id='word_1_224' title='bbox 262 2041 402 2065; x_wconf 81' lang='lat' dir='ltr'><strong>currere</strong></span> <span class='ocrx_word' id='word_1_225' title='bbox 418 2033 451 2064; x_wconf 89' lang='lat' dir='ltr'><strong>in</strong></span> <span class='ocrx_word' id='word_1_226' title='bbox 468 2032 700 2064; x_wconf 77' lang='lat' dir='ltr'><strong>urbanitatem</strong></span> <span class='ocrx_word' id='word_1_227' title='bbox 711 2030 923 2071; x_wconf 74' lang='lat' dir='ltr'><strong>facetosum,’</strong></span> <span class='ocrx_word' id='word_1_228' title='bbox 934 2035 972 2064; x_wconf 84' lang='lat' dir='ltr'><strong>et</strong></span> 
     </span>
     <span class='ocr_line' id='line_1_37' title="bbox 261 2081 971 2125; baseline -0.003 -10"><span class='ocrx_word' id='word_1_229' title='bbox 261 2084 526 2125; x_wconf 74' lang='lat' dir='ltr'><strong>lege‚acecosam.</strong></span> <span class='ocrx_word' id='word_1_230' title='bbox 550 2083 673 2115; x_wconf 89' lang='lat' dir='ltr'><strong>Heius.</strong></span> <span class='ocrx_word' id='word_1_231' title='bbox 719 2081 788 2114; x_wconf 88' lang='lat' dir='ltr'><strong>Sub</strong></span> <span class='ocrx_word' id='word_1_232' title='bbox 800 2081 902 2114; x_wconf 85' lang='lat' dir='ltr'><strong>finem</strong></span> <span class='ocrx_word' id='word_1_233' title='bbox 915 2091 971 2114; x_wconf 92' lang='lat' dir='ltr'><strong>co-</strong></span> 
     </span>
     <span class='ocr_line' id='line_1_38' title="bbox 261 2135 972 2177; baseline 0 -10"><span class='ocrx_word' id='word_1_234' title='bbox 261 2136 345 2168; x_wconf 89' lang='lat' dir='ltr'><strong>dicis</strong></span> <span class='ocrx_word' id='word_1_235' title='bbox 361 2137 414 2168; x_wconf 92' lang='lat' dir='ltr'><strong>sui</strong></span> <span class='ocrx_word' id='word_1_236' title='bbox 431 2135 658 2168; x_wconf 83' lang='lat' dir='ltr'><strong>nobilissimus</strong></span> <span class='ocrx_word' id='word_1_237' title='bbox 671 2145 772 2168; x_wconf 85' lang='lat' dir='ltr'><strong>manu</strong></span> <span class='ocrx_word' id='word_1_238' title='bbox 787 2145 848 2168; x_wconf 86' lang='lat' dir='ltr'><strong>sua</strong></span> <span class='ocrx_word' id='word_1_239' title='bbox 864 2135 972 2177; x_wconf 87' lang='lat' dir='ltr'><strong>scrip-</strong></span> 
     </span>
     <span class='ocr_line' id='line_1_39' title="bbox 263 2186 972 2229; baseline -0.001 -10"><span class='ocrx_word' id='word_1_240' title='bbox 263 2192 377 2220; x_wconf 87' lang='lat' dir='ltr'><strong>serat:</strong></span> <span class='ocrx_word' id='word_1_241' title='bbox 416 2187 524 2220; x_wconf 78' lang='lat' dir='ltr'><strong>‘Quae</strong></span> <span class='ocrx_word' id='word_1_242' title='bbox 557 2197 662 2229; x_wconf 84' lang='lat' dir='ltr'><strong>supra</strong></span> <span class='ocrx_word' id='word_1_243' title='bbox 698 2186 904 2219; x_wconf 84' lang='lat' dir='ltr'><strong>annotabam</strong></span> <span class='ocrx_word' id='word_1_244' title='bbox 927 2186 972 2218; x_wconf 90' lang='lat' dir='ltr'><strong>de</strong></span> 
     </span>
     <span class='ocr_line' id='line_1_40' title="bbox 261 2233 971 2278; baseline -0.004 -8"><span class='ocrx_word' id='word_1_245' title='bbox 261 2233 417 2270; x_wconf 65' lang='lat' dir='ltr'><strong>aem-endi</strong></span> <span class='ocrx_word' id='word_1_246' title='bbox 440 2238 558 2278; x_wconf 88' lang='lat' dir='ltr'><strong>verbo,</strong></span> <span class='ocrx_word' id='word_1_247' title='bbox 590 2246 679 2269; x_wconf 87' lang='lat' dir='ltr'><strong>nunc</strong></span> <span class='ocrx_word' id='word_1_248' title='bbox 710 2247 731 2268; x_wconf 89' lang='lat' dir='ltr'><strong>a</strong></span> <span class='ocrx_word' id='word_1_249' title='bbox 764 2246 818 2268; x_wconf 90' lang='lat' dir='ltr'><strong>me</strong></span> <span class='ocrx_word' id='word_1_250' title='bbox 847 2236 971 2278; x_wconf 89' lang='lat' dir='ltr'><strong>impro-</strong></span> 
     </span>
     <span class='ocr_line' id='line_1_41' title="bbox 261 2283 972 2321; baseline -0.001 -2"><span class='ocrx_word' id='word_1_251' title='bbox 261 2287 399 2321; x_wconf 88' lang='lat' dir='ltr'><strong>bantur.</strong></span> <span class='ocrx_word' id='word_1_252' title='bbox 442 2288 585 2320; x_wconf 81' lang='lat' dir='ltr'><strong>Scribe:</strong></span> <span class='ocrx_word' id='word_1_253' title='bbox 610 2286 670 2318; x_wconf 80' lang='lat' dir='ltr'><strong>Sin</strong></span> <span class='ocrx_word' id='word_1_254' title='bbox 684 2283 807 2319; x_wconf 79' lang='lat' dir='ltr'><strong>au&#39;tem:</strong></span> <span class='ocrx_word' id='word_1_255' title='bbox 831 2286 885 2318; x_wconf 76' lang='lat' dir='ltr'><strong>ubi</strong></span> <span class='ocrx_word' id='word_1_256' title='bbox 908 2286 972 2319; x_wconf 76' lang='lat' dir='ltr'><strong>illis</strong></span> 
     </span>
     <span class='ocr_line' id='line_1_42' title="bbox 259 2337 972 2377; baseline -0.003 -7"><span class='ocrx_word' id='word_1_257' title='bbox 259 2339 368 2371; x_wconf 81' lang='lat' dir='ltr'><strong>doctus</strong></span> <span class='ocrx_word' id='word_1_258' title='bbox 396 2341 535 2370; x_wconf 75' lang='lat' dir='ltr'><strong>occurret</strong></span> <span class='ocrx_word' id='word_1_259' title='bbox 561 2337 657 2370; x_wconf 83' lang='lat' dir='ltr'><strong>labor.</strong></span> <span class='ocrx_word' id='word_1_260' title='bbox 701 2337 763 2369; x_wconf 79' lang='lat' dir='ltr'><strong>Sin</strong></span> <span class='ocrx_word' id='word_1_261' title='bbox 788 2340 905 2377; x_wconf 78' lang='lat' dir='ltr'><strong>autem,</strong></span> <span class='ocrx_word' id='word_1_262' title='bbox 932 2341 972 2369; x_wconf 88' lang='lat' dir='ltr'><strong>nt</strong></span> 
     </span>
     <span class='ocr_line' id='line_1_43' title="bbox 262 2386 971 2427; baseline -0.003 -7"><span class='ocrx_word' id='word_1_263' title='bbox 262 2386 360 2420; x_wconf 88' lang='lat' dir='ltr'><strong>initio</strong></span> <span class='ocrx_word' id='word_1_264' title='bbox 384 2388 461 2420; x_wconf 89' lang='lat' dir='ltr'><strong>libri</strong></span> <span class='ocrx_word' id='word_1_265' title='bbox 476 2397 534 2420; x_wconf 89' lang='lat'><strong>111.</strong></span> <span class='ocrx_word' id='word_1_266' title='bbox 555 2389 564 2406; x_wconf 91' lang='lat'><em>‘</em></span> <span class='ocrx_word' id='word_1_267' title='bbox 580 2388 692 2421; x_wconf 82' lang='lat' dir='ltr'><strong>Quem</strong></span> <span class='ocrx_word' id='word_1_268' title='bbox 708 2386 737 2418; x_wconf 90' lang='lat' dir='ltr'><strong>si</strong></span> <span class='ocrx_word' id='word_1_269' title='bbox 753 2387 859 2427; x_wconf 85' lang='lat' dir='ltr'><strong>leges,</strong></span> <span class='ocrx_word' id='word_1_270' title='bbox 875 2387 971 2418; x_wconf 83' lang='lat' dir='ltr'><strong>laeta-</strong></span> 
     </span>
     <span class='ocr_line' id='line_1_44' title="bbox 263 2435 971 2477; baseline -0.006 -7"><span class='ocrx_word' id='word_1_271' title='bbox 263 2439 371 2477; x_wconf 89' lang='lat' dir='ltr'><strong>bere;</strong></span> <span class='ocrx_word' id='word_1_272' title='bbox 401 2439 453 2470; x_wconf 88' lang='lat' dir='ltr'><strong>sin</strong></span> <span class='ocrx_word' id='word_1_273' title='bbox 483 2442 598 2470; x_wconf 87' lang='lat' dir='ltr'><strong>autem</strong></span> <span class='ocrx_word' id='word_1_274' title='bbox 621 2437 753 2468; x_wconf 89' lang='lat' dir='ltr'><strong>minus:</strong></span> <span class='ocrx_word' id='word_1_275' title='bbox 783 2435 971 2467; x_wconf 84' lang='lat' dir='ltr'><strong>Habebunt</strong></span> 
     </span>
     <span class='ocr_line' id='line_1_45' title="bbox 262 2485 971 2530; baseline -0.001 -10"><span class='ocrx_word' id='word_1_276' title='bbox 262 2493 357 2520; x_wconf 88' lang='lat' dir='ltr'><strong>certe</strong></span> <span class='ocrx_word' id='word_1_277' title='bbox 370 2497 436 2530; x_wconf 84' lang='lat' dir='ltr'><strong>quo</strong></span> <span class='ocrx_word' id='word_1_278' title='bbox 449 2498 486 2520; x_wconf 85' lang='lat' dir='ltr'><strong>se</strong></span> <span class='ocrx_word' id='word_1_279' title='bbox 499 2488 676 2520; x_wconf 89' lang='lat' dir='ltr'><strong>oblectent</strong></span> <span class='ocrx_word' id='word_1_280' title='bbox 692 2485 843 2528; x_wconf 63' lang='lat' dir='ltr'><strong>posteri!</strong></span> <span class='ocrx_word' id='word_1_281' title='bbox 868 2485 971 2519; x_wconf 89' lang='lat' dir='ltr'><strong>Ovid.</strong></span> 
     </span>
     <span class='ocr_line' id='line_1_46' title="bbox 260 2535 970 2571; baseline -0.004 -1"><span class='ocrx_word' id='word_1_282' title='bbox 260 2539 270 2556; x_wconf 89' lang='grc'><strong><em>6</em></strong></span> <span class='ocrx_word' id='word_1_283' title='bbox 287 2538 347 2570; x_wconf 89' lang='lat' dir='ltr'><strong>Sin</strong></span> <span class='ocrx_word' id='word_1_284' title='bbox 375 2538 506 2571; x_wconf 87' lang='lat' dir='ltr'><strong>minus:</strong></span> <span class='ocrx_word' id='word_1_285' title='bbox 531 2543 584 2570; x_wconf 87' lang='lat' dir='ltr'><strong>est</strong></span> <span class='ocrx_word' id='word_1_286' title='bbox 599 2538 728 2570; x_wconf 87' lang='lat' dir='ltr'><strong>animus</strong></span> <span class='ocrx_word' id='word_1_287' title='bbox 743 2536 840 2569; x_wconf 90' lang='lat' dir='ltr'><strong>nobis</strong></span> <span class='ocrx_word' id='word_1_288' title='bbox 862 2535 970 2568; x_wconf 83' lang='lat' dir='ltr'><strong>effun-</strong></span> 
     </span>
     <span class='ocr_line' id='line_1_47' title="bbox 263 2588 969 2630; baseline -0.006 -9"><span class='ocrx_word' id='word_1_289' title='bbox 263 2589 346 2621; x_wconf 87' lang='lat' dir='ltr'><strong>dere</strong></span> <span class='ocrx_word' id='word_1_290' title='bbox 377 2588 500 2621; x_wconf 69' lang='lat' dir='ltr'><strong>vitam!</strong></span> <span class='ocrx_word' id='word_1_291' title='bbox 546 2589 752 2630; x_wconf 82' lang='lat' dir='ltr'><strong>Conjecerat</strong></span> <span class='ocrx_word' id='word_1_292' title='bbox 783 2591 969 2629; x_wconf 74' lang='lat' dir='ltr'><strong>praeterea,</strong></span> 
     </span>
     <span class='ocr_line' id='line_1_48' title="bbox 262 2637 969 2678; baseline -0.004 -7"><span class='ocrx_word' id='word_1_293' title='bbox 262 2639 323 2671; x_wconf 84' lang='lat' dir='ltr'><strong>Sin</strong></span> <span class='ocrx_word' id='word_1_294' title='bbox 352 2643 455 2671; x_wconf 82' lang='lat' dir='ltr'><strong>autem</strong></span> <span class='ocrx_word' id='word_1_295' title='bbox 480 2640 587 2671; x_wconf 69' lang='lat' dir='ltr'><strong>doctus</strong></span> <span class='ocrx_word' id='word_1_296' title='bbox 611 2639 676 2671; x_wconf 84' lang='lat' dir='ltr'><strong>illis</strong></span> <span class='ocrx_word' id='word_1_297' title='bbox 701 2638 849 2678; x_wconf 76' lang='lat' dir='ltr'><strong>arguitur</strong></span> <span class='ocrx_word' id='word_1_298' title='bbox 871 2637 969 2669; x_wconf 82' lang='lat' dir='ltr'><strong>labor.</strong></span> 
     </span>
     <span class='ocr_line' id='line_1_49' title="bbox 262 2687 970 2730; baseline -0.007 -7"><span class='ocrx_word' id='word_1_299' title='bbox 262 2690 314 2723; x_wconf 86' lang='lat' dir='ltr'><strong>De</strong></span> <span class='ocrx_word' id='word_1_300' title='bbox 331 2691 391 2722; x_wconf 86' lang='lat' dir='ltr'><strong>illa</strong></span> <span class='ocrx_word' id='word_1_301' title='bbox 404 2689 550 2722; x_wconf 89' lang='lat' dir='ltr'><strong>formula</strong></span> <span class='ocrx_word' id='word_1_302' title='bbox 574 2690 623 2723; x_wconf 74' lang='lat' dir='ltr'><strong>sin</strong></span> <span class='ocrx_word' id='word_1_303' title='bbox 639 2692 755 2730; x_wconf 76' lang='lat' dir='ltr'><strong>autem,</strong></span> <span class='ocrx_word' id='word_1_304' title='bbox 781 2688 837 2720; x_wconf 90' lang='lat' dir='ltr'><strong>cui</strong></span> <span class='ocrx_word' id='word_1_305' title='bbox 853 2687 970 2719; x_wconf 90' lang='lat' dir='ltr'><strong>similis</strong></span> 
     </span>
     <span class='ocr_line' id='line_1_50' title="bbox 261 2739 969 2783; baseline -0.003 -12"><span class='ocrx_word' id='word_1_306' title='bbox 261 2741 405 2783; x_wconf 83' lang='lat' dir='ltr'><strong>prologo</strong></span> <span class='ocrx_word' id='word_1_307' title='bbox 433 2741 607 2782; x_wconf 86' lang='lat' dir='ltr'><strong>sequentis</strong></span> <span class='ocrx_word' id='word_1_308' title='bbox 632 2740 721 2782; x_wconf 78' lang='lat' dir='ltr'><strong>libri,</strong></span> <span class='ocrx_word' id='word_1_309' title='bbox 750 2740 759 2757; x_wconf 93' lang='lat'>‘</span> <span class='ocrx_word' id='word_1_310' title='bbox 776 2739 836 2772; x_wconf 86' lang='lat' dir='ltr'><strong>Sin</strong></span> <span class='ocrx_word' id='word_1_311' title='bbox 855 2743 969 2770; x_wconf 84' lang='lat' dir='ltr'><strong>autem</strong></span> 
     </span>
     <span class='ocr_line' id='line_1_51' title="bbox 262 2788 968 2833; baseline -0.003 -10"><span class='ocrx_word' id='word_1_312' title='bbox 262 2788 397 2832; x_wconf 72' lang='lat' dir='ltr'><strong>minus„⁴</strong></span> <span class='ocrx_word' id='word_1_313' title='bbox 414 2791 492 2824; x_wconf 82' lang='lat' dir='ltr'><strong>vide</strong></span> <span class='ocrx_word' id='word_1_314' title='bbox 511 2791 649 2833; x_wconf 79' lang='lat' dir='ltr'><strong>Sciopp.</strong></span> <span class='ocrx_word' id='word_1_315' title='bbox 672 2791 774 2833; x_wconf 88' lang='lat' dir='ltr'><strong>Susp.</strong></span> <span class='ocrx_word' id='word_1_316' title='bbox 798 2789 895 2823; x_wconf 81' lang='lat' dir='ltr'><strong>Lect.</strong></span> <span class='ocrx_word' id='word_1_317' title='bbox 911 2797 968 2822; x_wconf 86' lang='lat' dir='ltr'><strong>m.</strong></span> 
     </span>
    </p>
   </div>
   <div class='ocr_carea' id='block_1_3' title="bbox 726 208 1255 243">
    <p class='ocr_par' dir='ltr' id='par_1_3' title="bbox 726 208 1255 243">
     <span class='ocr_line' id='line_1_52' title="bbox 726 208 1255 243; baseline 0.006 -3"><span class='ocrx_word' id='word_1_318' title='bbox 726 208 869 241; x_wconf 83' lang='lat' dir='ltr'>NOTAE</span> <span class='ocrx_word' id='word_1_319' title='bbox 905 210 965 242; x_wconf 83' lang='lat' dir='ltr'><strong>VA</strong></span> <span class='ocrx_word' id='word_1_320' title='bbox 975 209 1170 243; x_wconf 75' lang='lat' dir='ltr'>RIORUM</span> <span class='ocrx_word' id='word_1_321' title='bbox 1205 212 1255 243; x_wconf 84' lang='lat' dir='ltr'><strong>IN</strong></span> 
     </span>
    </p>
   </div>
   <div class='ocr_carea' id='block_1_4' title="bbox 1020 305 1730 1921">
    <p class='ocr_par' dir='ltr' id='par_1_4' title="bbox 1023 305 1729 450">
     <span class='ocr_line' id='line_1_53' title="bbox 1023 305 1728 353; baseline 0.007 -15"><span class='ocrx_word' id='word_1_322' title='bbox 1023 308 1055 338; x_wconf 85' lang='grc'><strong>7.</strong></span> <span class='ocrx_word' id='word_1_323' title='bbox 1081 309 1118 339; x_wconf 87' lang='lat' dir='ltr'><strong>et</strong></span> <span class='ocrx_word' id='word_1_324' title='bbox 1141 305 1289 341; x_wconf 82' lang='lat' dir='ltr'><strong>Zinzerl.</strong></span> <span class='ocrx_word' id='word_1_325' title='bbox 1305 307 1457 340; x_wconf 89' lang='lat' dir='ltr'><strong>Promul.</strong></span> <span class='ocrx_word' id='word_1_326' title='bbox 1475 317 1553 351; x_wconf 80' lang='lat' dir='ltr'><strong>cap.</strong></span> <span class='ocrx_word' id='word_1_327' title='bbox 1567 311 1603 343; x_wconf 75' lang='lat'><strong>⁴7.</strong></span> <span class='ocrx_word' id='word_1_328' title='bbox 1617 309 1656 342; x_wconf 73' lang='lat' dir='ltr'><strong>et</strong></span> <span class='ocrx_word' id='word_1_329' title='bbox 1668 308 1728 353; x_wconf 75' lang='lat' dir='ltr'><strong>qui</strong></span> 
     </span>
     <span class='ocr_line' id='line_1_54' title="bbox 1024 355 1729 402; baseline 0.009 -15"><span class='ocrx_word' id='word_1_330' title='bbox 1024 355 1068 388; x_wconf 88' lang='lat' dir='ltr'><strong>de</strong></span> <span class='ocrx_word' id='word_1_331' title='bbox 1097 356 1275 398; x_wconf 72' lang='lat' dir='ltr'><strong>particulis</strong></span> <span class='ocrx_word' id='word_1_332' title='bbox 1303 358 1341 391; x_wconf 88' lang='lat' dir='ltr'><strong>L.</strong></span> <span class='ocrx_word' id='word_1_333' title='bbox 1373 359 1413 392; x_wconf 90' lang='lat' dir='ltr'><strong>L.</strong></span> <span class='ocrx_word' id='word_1_334' title='bbox 1441 358 1625 402; x_wconf 79' lang='lat' dir='ltr'><strong>scripsere,</strong></span> <span class='ocrx_word' id='word_1_335' title='bbox 1653 357 1729 393; x_wconf 72' lang='lat' dir='ltr'><strong>fere</strong></span> 
     </span>
     <span class='ocr_line' id='line_1_55' title="bbox 1025 409 1292 450; baseline 0.019 -12"><span class='ocrx_word' id='word_1_336' title='bbox 1025 415 1152 450; x_wconf 78' lang='lat' dir='ltr'><strong>omues.</strong></span> <span class='ocrx_word' id='word_1_337' title='bbox 1166 409 1292 443; x_wconf 75' lang='lat' dir='ltr'><strong>Burm-</strong></span> 
     </span>
    </p>

    <p class='ocr_par' dir='ltr' id='par_1_5' title="bbox 1022 457 1729 649">
     <span class='ocr_line' id='line_1_56' title="bbox 1066 457 1728 504; baseline 0.009 -15"><span class='ocrx_word' id='word_1_338' title='bbox 1066 457 1128 490; x_wconf 79' lang='lat' dir='ltr'><strong>Sin</strong></span> <span class='ocrx_word' id='word_1_339' title='bbox 1141 462 1245 492; x_wconf 67' lang='lat' dir='ltr'><strong>autem</strong></span> <span class='ocrx_word' id='word_1_340' title='bbox 1270 460 1403 503; x_wconf 41' lang='lat' dir='ltr'><strong>abillis]</strong></span> <span class='ocrx_word' id='word_1_341' title='bbox 1435 460 1478 494; x_wconf 74' lang='grc' dir='ltr'><strong>τὸ</strong></span> <span class='ocrx_word' id='word_1_342' title='bbox 1491 460 1531 494; x_wconf 76' lang='lat' dir='ltr'><strong>ab</strong></span> <span class='ocrx_word' id='word_1_343' title='bbox 1547 470 1728 504; x_wconf 78' lang='lat' dir='ltr'><strong>superesse</strong></span> 
     </span>
     <span class='ocr_line' id='line_1_57' title="bbox 1023 507 1729 555; baseline 0.01 -16"><span class='ocrx_word' id='word_1_344' title='bbox 1023 507 1172 542; x_wconf 85' lang='lat' dir='ltr'><strong>videtur.</strong></span> <span class='ocrx_word' id='word_1_345' title='bbox 1225 510 1347 543; x_wconf 79' lang='lat' dir='ltr'><strong>Sensus</strong></span> <span class='ocrx_word' id='word_1_346' title='bbox 1378 515 1475 545; x_wconf 80' lang='lat' dir='ltr'><strong>certe</strong></span> <span class='ocrx_word' id='word_1_347' title='bbox 1510 511 1546 545; x_wconf 89' lang='lat' dir='ltr'><strong>id</strong></span> <span class='ocrx_word' id='word_1_348' title='bbox 1584 512 1729 555; x_wconf 77' lang='lat' dir='ltr'><strong>respuit.</strong></span> 
     </span>
     <span class='ocr_line' id='line_1_58' title="bbox 1022 557 1728 600; baseline 0.008 -9"><span class='ocrx_word' id='word_1_349' title='bbox 1022 557 1136 600; x_wconf 82' lang='lat' dir='ltr'><strong>Lege:</strong></span> <span class='ocrx_word' id='word_1_350' title='bbox 1156 560 1217 593; x_wconf 77' lang='lat' dir='ltr'><strong>Sin</strong></span> <span class='ocrx_word' id='word_1_351' title='bbox 1227 565 1331 595; x_wconf 77' lang='lat' dir='ltr'><strong>autem</strong></span> <span class='ocrx_word' id='word_1_352' title='bbox 1340 562 1424 596; x_wconf 79' lang='lat' dir='ltr'><strong>illis.-</strong></span> <span class='ocrx_word' id='word_1_353' title='bbox 1439 568 1479 597; x_wconf 85' lang='lat' dir='ltr'><strong>ut</strong></span> <span class='ocrx_word' id='word_1_354' title='bbox 1491 562 1531 596; x_wconf 70' lang='grc' dir='ltr'><strong>τὸ</strong></span> <span class='ocrx_word' id='word_1_355' title='bbox 1543 564 1581 596; x_wconf 92' lang='grc' dir='ltr'><strong>Μ</strong></span> <span class='ocrx_word' id='word_1_356' title='bbox 1591 573 1658 597; x_wconf 83' lang='lat' dir='ltr'><strong>non</strong></span> <span class='ocrx_word' id='word_1_357' title='bbox 1669 564 1728 597; x_wconf 82' lang='lat' dir='ltr'><strong>eli-</strong></span> 
     </span>
     <span class='ocr_line' id='line_1_59' title="bbox 1023 609 1701 649; baseline 0.01 -7"><span class='ocrx_word' id='word_1_358' title='bbox 1023 609 1139 644; x_wconf 81' lang='lat' dir='ltr'><strong>datur.</strong></span> <span class='ocrx_word' id='word_1_359' title='bbox 1183 612 1271 645; x_wconf 73' lang='lat' dir='ltr'><strong>Velt</strong></span> <span class='ocrx_word' id='word_1_360' title='bbox 1294 611 1355 646; x_wconf 74' lang='lat' dir='ltr'><strong>Sin</strong></span> <span class='ocrx_word' id='word_1_361' title='bbox 1367 617 1473 647; x_wconf 73' lang='lat' dir='ltr'><strong>autem</strong></span> <span class='ocrx_word' id='word_1_362' title='bbox 1483 618 1516 647; x_wconf 75' lang='lat' dir='ltr'><strong>et</strong></span> <span class='ocrx_word' id='word_1_363' title='bbox 1528 614 1606 649; x_wconf 72' lang='lat' dir='ltr'><strong>illie.</strong></span> <span class='ocrx_word' id='word_1_364' title='bbox 1627 613 1701 648; x_wconf 72' lang='lat' dir='ltr'><strong>mr.</strong></span> 
     </span>
    </p>

    <p class='ocr_par' dir='ltr' id='par_1_6' title="bbox 1022 662 1729 898">
     <span class='ocr_line' id='line_1_60' title="bbox 1066 662 1728 706; baseline 0.008 -12"><span class='ocrx_word' id='word_1_365' title='bbox 1066 662 1127 695; x_wconf 80' lang='lat' dir='ltr'><strong>Sin</strong></span> <span class='ocrx_word' id='word_1_366' title='bbox 1154 666 1272 704; x_wconf 79' lang='lat' dir='ltr'><strong>autem,</strong></span> <span class='ocrx_word' id='word_1_367' title='bbox 1299 663 1367 706; x_wconf 55' lang='grc' dir='ltr'><strong>δῖα]</strong></span> <span class='ocrx_word' id='word_1_368' title='bbox 1387 664 1441 698; x_wconf 87' lang='lat' dir='ltr'><strong>&#39;Ut</strong></span> <span class='ocrx_word' id='word_1_369' title='bbox 1465 665 1500 698; x_wconf 90' lang='lat' dir='ltr'><strong>in</strong></span> <span class='ocrx_word' id='word_1_370' title='bbox 1521 666 1590 699; x_wconf 74' lang='grc' dir='ltr'><strong>Μο.</strong></span> <span class='ocrx_word' id='word_1_371' title='bbox 1615 665 1666 699; x_wconf 81' lang='lat' dir='ltr'><strong>ita</strong></span> <span class='ocrx_word' id='word_1_372' title='bbox 1690 669 1728 699; x_wconf 86' lang='lat' dir='ltr'><strong>et</strong></span> 
     </span>
     <span class='ocr_line' id='line_1_61' title="bbox 1023 712 1728 755; baseline 0.007 -11"><span class='ocrx_word' id='word_1_373' title='bbox 1023 712 1144 755; x_wconf 80' lang='lat' dir='ltr'><strong>primae</strong></span> <span class='ocrx_word' id='word_1_374' title='bbox 1173 714 1356 747; x_wconf 86' lang='lat' dir='ltr'><strong>editiones.</strong></span> <span class='ocrx_word' id='word_1_375' title='bbox 1401 714 1554 749; x_wconf 80' lang='lat' dir='ltr'><strong>Mutavit</strong></span> <span class='ocrx_word' id='word_1_376' title='bbox 1583 716 1728 750; x_wconf 79' lang='lat' dir='ltr'><strong>Ritters.</strong></span> 
     </span>
     <span class='ocr_line' id='line_1_62' title="bbox 1023 763 1729 810; baseline 0.007 -15"><span class='ocrx_word' id='word_1_377' title='bbox 1023 763 1138 806; x_wconf 86' lang='lat' dir='ltr'><strong>Sciop.</strong></span> <span class='ocrx_word' id='word_1_378' title='bbox 1182 764 1244 796; x_wconf 80' lang='lat' dir='ltr'><strong>Sin</strong></span> <span class='ocrx_word' id='word_1_379' title='bbox 1271 768 1376 798; x_wconf 78' lang='lat' dir='ltr'><strong>autem</strong></span> <span class='ocrx_word' id='word_1_380' title='bbox 1397 776 1434 798; x_wconf 78' lang='lat' dir='ltr'><strong>ac</strong></span> <span class='ocrx_word' id='word_1_381' title='bbox 1455 765 1531 806; x_wconf 68' lang='lat' dir='ltr'><strong>iuis,</strong></span> <span class='ocrx_word' id='word_1_382' title='bbox 1553 766 1644 810; x_wconf 82' lang='lat' dir='ltr'><strong>quod</strong></span> <span class='ocrx_word' id='word_1_383' title='bbox 1658 776 1729 800; x_wconf 88' lang='lat' dir='ltr'><strong>non</strong></span> 
     </span>
     <span class='ocr_line' id='line_1_63' title="bbox 1022 814 1726 856; baseline 0.01 -10"><span class='ocrx_word' id='word_1_384' title='bbox 1022 814 1221 856; x_wconf 87' lang='lat' dir='ltr'><strong>improbem.</strong></span> <span class='ocrx_word' id='word_1_385' title='bbox 1265 815 1307 848; x_wconf 92' lang='lat' dir='ltr'><strong>In</strong></span> <span class='ocrx_word' id='word_1_386' title='bbox 1323 816 1390 849; x_wconf 77' lang='lat' dir='ltr'><strong>Ma.</strong></span> <span class='ocrx_word' id='word_1_387' title='bbox 1407 820 1463 850; x_wconf 83' lang='lat' dir='ltr'><strong>est</strong></span> <span class='ocrx_word' id='word_1_388' title='bbox 1477 815 1517 849; x_wconf 75' lang='lat' dir='ltr'><strong>ab</strong></span> <span class='ocrx_word' id='word_1_389' title='bbox 1531 817 1596 850; x_wconf 74' lang='lat' dir='ltr'><strong>im·</strong></span> <span class='ocrx_word' id='word_1_390' title='bbox 1607 818 1726 853; x_wconf 65' lang='lat' dir='ltr'><strong>doem-</strong></span> 
     </span>
     <span class='ocr_line' id='line_1_64' title="bbox 1023 864 1118 898; baseline -0.011 0"><span class='ocrx_word' id='word_1_391' title='bbox 1023 864 1118 898; x_wconf 85' lang='lat' dir='ltr'><strong>Gnd.</strong></span> 
     </span>
    </p>

    <p class='ocr_par' dir='ltr' id='par_1_7' title="bbox 1022 915 1730 1213">
     <span class='ocr_line' id='line_1_65' title="bbox 1066 915 1730 962; baseline 0.008 -14"><span class='ocrx_word' id='word_1_392' title='bbox 1066 915 1126 949; x_wconf 67' lang='grc' dir='ltr'><strong>δίη</strong></span> <span class='ocrx_word' id='word_1_393' title='bbox 1140 919 1245 949; x_wconf 79' lang='lat' dir='ltr'><strong>autem</strong></span> <span class='ocrx_word' id='word_1_394' title='bbox 1255 916 1295 949; x_wconf 77' lang='lat' dir='ltr'><strong>ab</strong></span> <span class='ocrx_word' id='word_1_395' title='bbox 1307 916 1374 949; x_wconf 71' lang='lat' dir='ltr'><strong>iuis</strong></span> <span class='ocrx_word' id='word_1_396' title='bbox 1386 918 1506 959; x_wconf 64' lang='lat' dir='ltr'><strong>doctu,</strong></span> <span class='ocrx_word' id='word_1_397' title='bbox 1519 917 1588 960; x_wconf 52' lang='lat' dir='ltr'><strong>mu]</strong></span> <span class='ocrx_word' id='word_1_398' title='bbox 1618 918 1730 962; x_wconf 68' lang='lat' dir='ltr'><strong>laege·</strong></span> 
     </span>
     <span class='ocr_line' id='line_1_66' title="bbox 1023 967 1728 1011; baseline 0.007 -12"><span class='ocrx_word' id='word_1_399' title='bbox 1023 967 1122 1000; x_wconf 86' lang='lat' dir='ltr'><strong>bam:</strong></span> <span class='ocrx_word' id='word_1_400' title='bbox 1144 967 1203 1000; x_wconf 83' lang='lat' dir='ltr'><strong>Sin</strong></span> <span class='ocrx_word' id='word_1_401' title='bbox 1217 971 1323 1000; x_wconf 78' lang='lat' dir='ltr'><strong>autem</strong></span> <span class='ocrx_word' id='word_1_402' title='bbox 1337 969 1376 1001; x_wconf 82' lang='lat' dir='ltr'><strong>ab</strong></span> <span class='ocrx_word' id='word_1_403' title='bbox 1399 969 1477 1011; x_wconf 68' lang='lat' dir='ltr'><strong>iuis,</strong></span> <span class='ocrx_word' id='word_1_404' title='bbox 1495 970 1548 1011; x_wconf 62' lang='grc' dir='ltr'><strong>ᾀτ.</strong></span> <span class='ocrx_word' id='word_1_405' title='bbox 1566 970 1626 1003; x_wconf 77' lang='lat' dir='ltr'><strong>&#39;vel</strong></span> <span class='ocrx_word' id='word_1_406' title='bbox 1650 971 1728 1004; x_wconf 71' lang='lat' dir='ltr'><strong>asel·</strong></span> 
     </span>
     <span class='ocr_line' id='line_1_67' title="bbox 1022 1017 1730 1063; baseline 0.006 -13"><span class='ocrx_word' id='word_1_407' title='bbox 1022 1017 1083 1050; x_wconf 77' lang='lat' dir='ltr'><strong>lis.-</strong></span> <span class='ocrx_word' id='word_1_408' title='bbox 1112 1027 1189 1050; x_wconf 86' lang='lat' dir='ltr'><strong>nam</strong></span> <span class='ocrx_word' id='word_1_409' title='bbox 1205 1019 1360 1061; x_wconf 87' lang='lat' dir='ltr'><strong>sequitur</strong></span> <span class='ocrx_word' id='word_1_410' title='bbox 1379 1018 1567 1063; x_wconf 77' lang='lat' dir='ltr'><strong>deinceps:</strong></span> <span class='ocrx_word' id='word_1_411' title='bbox 1588 1018 1730 1054; x_wconf 68' lang='lat' dir='ltr'><strong>Sinistra</strong></span> 
     </span>
     <span class='ocr_line' id='line_1_68' title="bbox 1022 1069 1730 1114; baseline 0.007 -14"><span class='ocrx_word' id='word_1_412' title='bbox 1022 1078 1098 1110; x_wconf 78' lang='lat' dir='ltr'><strong>quos</strong></span> <span class='ocrx_word' id='word_1_413' title='bbox 1121 1069 1157 1101; x_wconf 78' lang='lat' dir='ltr'><strong>in</strong></span> <span class='ocrx_word' id='word_1_414' title='bbox 1185 1069 1284 1101; x_wconf 78' lang='lat' dir='ltr'><strong>lucem</strong></span> <span class='ocrx_word' id='word_1_415' title='bbox 1306 1072 1424 1102; x_wconf 75' lang='lat' dir='ltr'><strong>nutura</strong></span> <span class='ocrx_word' id='word_1_416' title='bbox 1445 1071 1572 1104; x_wconf 63' lang='lat' dir='ltr'><strong>nudie.</strong></span> <span class='ocrx_word' id='word_1_417' title='bbox 1618 1071 1730 1114; x_wconf 77' lang='lat' dir='ltr'><strong>Supra</strong></span> 
     </span>
     <span class='ocr_line' id='line_1_69' title="bbox 1023 1121 1728 1157; baseline 0.006 -4"><span class='ocrx_word' id='word_1_418' title='bbox 1023 1121 1164 1154; x_wconf 86' lang='lat' dir='ltr'><strong>asellum</strong></span> <span class='ocrx_word' id='word_1_419' title='bbox 1175 1126 1362 1155; x_wconf 87' lang='lat' dir='ltr'><strong>vocaverat</strong></span> <span class='ocrx_word' id='word_1_420' title='bbox 1373 1123 1383 1141; x_wconf 92' lang='lat'>‘</span> <span class='ocrx_word' id='word_1_421' title='bbox 1395 1122 1541 1156; x_wconf 66' lang='lat' dir='ltr'><strong>Naturae</strong></span> <span class='ocrx_word' id='word_1_422' title='bbox 1553 1122 1728 1157; x_wconf 64' lang='lat' dir='ltr'><strong>dedecus?</strong></span> 
     </span>
     <span class='ocr_line' id='line_1_70' title="bbox 1023 1173 1101 1213; baseline 0 -9"><span class='ocrx_word' id='word_1_423' title='bbox 1023 1173 1101 1213; x_wconf 75' lang='lat' dir='ltr'><strong>Rig.</strong></span> 
     </span>
    </p>

    <p class='ocr_par' dir='ltr' id='par_1_8' title="bbox 1020 1221 1730 1871">
     <span class='ocr_line' id='line_1_71' title="bbox 1066 1221 1729 1263; baseline 0.006 -8"><span class='ocrx_word' id='word_1_424' title='bbox 1066 1226 1108 1255; x_wconf 86' lang='lat'><strong>16</strong></span> <span class='ocrx_word' id='word_1_425' title='bbox 1129 1221 1286 1263; x_wconf 74' lang='lat' dir='ltr'><strong>Sinistra]</strong></span> <span class='ocrx_word' id='word_1_426' title='bbox 1318 1223 1387 1257; x_wconf 81' lang='lat' dir='ltr'><strong>Qui</strong></span> <span class='ocrx_word' id='word_1_427' title='bbox 1417 1223 1520 1256; x_wconf 84' lang='lat' dir='ltr'><strong>aliter</strong></span> <span class='ocrx_word' id='word_1_428' title='bbox 1545 1223 1607 1257; x_wconf 82' lang='lat' dir='ltr'><strong>Dis</strong></span> <span class='ocrx_word' id='word_1_429' title='bbox 1629 1225 1729 1259; x_wconf 83' lang='lat' dir='ltr'><strong>iratis</strong></span> 
     </span>
     <span class='ocr_line' id='line_1_72' title="bbox 1020 1273 1729 1318; baseline 0.003 -11"><span class='ocrx_word' id='word_1_430' title='bbox 1020 1275 1092 1307; x_wconf 85' lang='lat' dir='ltr'><strong>nati</strong></span> <span class='ocrx_word' id='word_1_431' title='bbox 1122 1278 1159 1307; x_wconf 86' lang='lat' dir='ltr'><strong>et</strong></span> <span class='ocrx_word' id='word_1_432' title='bbox 1185 1273 1289 1306; x_wconf 78' lang='lat' dir='ltr'><strong>scaevi</strong></span> <span class='ocrx_word' id='word_1_433' title='bbox 1313 1273 1486 1307; x_wconf 84' lang='lat' dir='ltr'><strong>dicuntur.</strong></span> <span class='ocrx_word' id='word_1_434' title='bbox 1529 1274 1644 1318; x_wconf 81' lang='lat' dir='ltr'><strong>Agell.</strong></span> <span class='ocrx_word' id='word_1_435' title='bbox 1668 1276 1729 1310; x_wconf 83' lang='lat' dir='ltr'><strong>lib.</strong></span> 
     </span>
     <span class='ocr_line' id='line_1_73' title="bbox 1022 1324 1728 1366; baseline 0.006 -9"><span class='ocrx_word' id='word_1_436' title='bbox 1022 1333 1089 1358; x_wconf 71' lang='grc' dir='ltr'><strong>ιιι.</strong></span> <span class='ocrx_word' id='word_1_437' title='bbox 1106 1327 1157 1357; x_wconf 78' lang='lat'><strong>13.</strong></span> <span class='ocrx_word' id='word_1_438' title='bbox 1183 1324 1342 1357; x_wconf 84' lang='lat' dir='ltr'><strong>‘Scaevus</strong></span> <span class='ocrx_word' id='word_1_439' title='bbox 1367 1324 1530 1366; x_wconf 83' lang='lat' dir='ltr'><strong>profecto</strong></span> <span class='ocrx_word' id='word_1_440' title='bbox 1556 1329 1592 1359; x_wconf 85' lang='lat' dir='ltr'><strong>et</strong></span> <span class='ocrx_word' id='word_1_441' title='bbox 1615 1335 1728 1360; x_wconf 80' lang='lat' dir='ltr'><strong>caecns</strong></span> 
     </span>
     <span class='ocr_line' id='line_1_74' title="bbox 1022 1375 1728 1416; baseline 0.003 -8"><span class='ocrx_word' id='word_1_442' title='bbox 1022 1376 1124 1408; x_wconf 89' lang='lat' dir='ltr'><strong>animi</strong></span> <span class='ocrx_word' id='word_1_443' title='bbox 1148 1375 1270 1412; x_wconf 84' lang='lat' dir='ltr'><strong>forem,</strong></span> <span class='ocrx_word' id='word_1_444' title='bbox 1281 1375 1321 1416; x_wconf 86' lang='lat' dir='ltr'><strong>si,</strong></span> <span class='ocrx_word' id='word_1_445' title='bbox 1337 1385 1416 1408; x_wconf 88' lang='lat' dir='ltr'><strong>cum</strong></span> <span class='ocrx_word' id='word_1_446' title='bbox 1429 1375 1593 1410; x_wconf 88' lang='lat' dir='ltr'><strong>haberem</strong></span> <span class='ocrx_word' id='word_1_447' title='bbox 1607 1377 1658 1410; x_wconf 86' lang='lat' dir='ltr'><strong>tui</strong></span> <span class='ocrx_word' id='word_1_448' title='bbox 1671 1387 1728 1410; x_wconf 87' lang='lat' dir='ltr'><strong>eo-</strong></span> 
     </span>
     <span class='ocr_line' id='line_1_75' title="bbox 1022 1425 1728 1470; baseline 0.003 -12"><span class='ocrx_word' id='word_1_449' title='bbox 1022 1426 1126 1468; x_wconf 84' lang='lat' dir='ltr'><strong>piam,</strong></span> <span class='ocrx_word' id='word_1_450' title='bbox 1138 1426 1240 1458; x_wconf 86' lang='lat' dir='ltr'><strong>issem</strong></span> <span class='ocrx_word' id='word_1_451' title='bbox 1254 1425 1362 1467; x_wconf 84' lang='lat' dir='ltr'><strong>magis</strong></span> <span class='ocrx_word' id='word_1_452' title='bbox 1373 1425 1416 1457; x_wconf 84' lang='lat' dir='ltr'><strong>ad</strong></span> <span class='ocrx_word' id='word_1_453' title='bbox 1432 1425 1547 1464; x_wconf 88' lang='lat' dir='ltr'><strong>alium,</strong></span> <span class='ocrx_word' id='word_1_454' title='bbox 1567 1434 1667 1470; x_wconf 79' lang='lat' dir='ltr'><strong>quam</strong></span> <span class='ocrx_word' id='word_1_455' title='bbox 1678 1427 1728 1460; x_wconf 64' lang='lat' dir='ltr'><strong>ld</strong></span> 
     </span>
     <span class='ocr_line' id='line_1_76' title="bbox 1022 1476 1728 1519; baseline 0.003 -9"><span class='ocrx_word' id='word_1_456' title='bbox 1022 1476 1081 1510; x_wconf 67' lang='lat' dir='ltr'><strong>te!</strong></span> <span class='ocrx_word' id='word_1_457' title='bbox 1126 1477 1173 1509; x_wconf 90' lang='lat' dir='ltr'><strong>Et</strong></span> <span class='ocrx_word' id='word_1_458' title='bbox 1189 1477 1382 1519; x_wconf 87' lang='lat' dir='ltr'><strong>Symmacb.</strong></span> <span class='ocrx_word' id='word_1_459' title='bbox 1398 1476 1512 1519; x_wconf 80' lang='lat' dir='ltr'><strong>Epist.</strong></span> <span class='ocrx_word' id='word_1_460' title='bbox 1526 1477 1586 1512; x_wconf 86' lang='lat' dir='ltr'><strong>lib.</strong></span> <span class='ocrx_word' id='word_1_461' title='bbox 1600 1486 1658 1512; x_wconf 78' lang='grc' dir='ltr'><strong>ιιι.</strong></span> <span class='ocrx_word' id='word_1_462' title='bbox 1669 1479 1728 1512; x_wconf 69' lang='grc' dir='ltr'><strong>θΒ.</strong></span> 
     </span>
     <span class='ocr_line' id='line_1_77' title="bbox 1022 1527 1730 1571; baseline 0.001 -10"><span class='ocrx_word' id='word_1_463' title='bbox 1022 1530 1032 1547; x_wconf 92' lang='grc'><strong><em>6</em></strong></span> <span class='ocrx_word' id='word_1_464' title='bbox 1047 1529 1136 1562; x_wconf 82' lang='lat' dir='ltr'><strong>Quae</strong></span> <span class='ocrx_word' id='word_1_465' title='bbox 1162 1538 1183 1560; x_wconf 89' lang='lat' dir='ltr'><strong>a</strong></span> <span class='ocrx_word' id='word_1_466' title='bbox 1197 1527 1399 1571; x_wconf 86' lang='lat' dir='ltr'><strong>quibusdam</strong></span> <span class='ocrx_word' id='word_1_467' title='bbox 1418 1527 1538 1560; x_wconf 71' lang='lat' dir='ltr'><strong>scaevis</strong></span> <span class='ocrx_word' id='word_1_468' title='bbox 1552 1527 1730 1571; x_wconf 75' lang='lat' dir='ltr'><strong>designata</strong></span> 
     </span>
     <span class='ocr_line' id='line_1_78' title="bbox 1023 1576 1729 1621; baseline 0.001 -10"><span class='ocrx_word' id='word_1_469' title='bbox 1023 1578 1205 1611; x_wconf 64' lang='lat' dir='ltr'><strong>dicuntur?</strong></span> <span class='ocrx_word' id='word_1_470' title='bbox 1221 1577 1345 1620; x_wconf 64' lang='grc' dir='ltr'><strong>δολίῳ.</strong></span> <span class='ocrx_word' id='word_1_471' title='bbox 1389 1576 1558 1619; x_wconf 73' lang='lat' dir='ltr'><strong>Infausta,</strong></span> <span class='ocrx_word' id='word_1_472' title='bbox 1569 1579 1729 1621; x_wconf 74' lang='lat' dir='ltr'><strong>adversa,</strong></span> 
     </span>
     <span class='ocr_line' id='line_1_79' title="bbox 1021 1628 1729 1672; baseline 0.004 -12"><span class='ocrx_word' id='word_1_473' title='bbox 1021 1628 1171 1668; x_wconf 82' lang='lat' dir='ltr'><strong>inimica,</strong></span> <span class='ocrx_word' id='word_1_474' title='bbox 1200 1629 1294 1661; x_wconf 83' lang='lat' dir='ltr'><strong>velut</strong></span> <span class='ocrx_word' id='word_1_475' title='bbox 1318 1628 1353 1660; x_wconf 91' lang='lat' dir='ltr'><strong>in</strong></span> <span class='ocrx_word' id='word_1_476' title='bbox 1371 1637 1493 1670; x_wconf 77' lang='lat' dir='ltr'><strong>poenas</strong></span> <span class='ocrx_word' id='word_1_477' title='bbox 1508 1633 1546 1661; x_wconf 88' lang='lat' dir='ltr'><strong>et</strong></span> <span class='ocrx_word' id='word_1_478' title='bbox 1559 1629 1729 1672; x_wconf 71' lang='lat' dir='ltr'><strong>suppucia</strong></span> 
     </span>
     <span class='ocr_line' id='line_1_80' title="bbox 1022 1678 1729 1721; baseline 0.003 -10"><span class='ocrx_word' id='word_1_479' title='bbox 1022 1679 1176 1712; x_wconf 82' lang='lat' dir='ltr'><strong>aliorum.</strong></span> <span class='ocrx_word' id='word_1_480' title='bbox 1221 1679 1278 1712; x_wconf 84' lang='lat' dir='ltr'><strong>Sic</strong></span> <span class='ocrx_word' id='word_1_481' title='bbox 1307 1679 1487 1721; x_wconf 74' lang='lat' dir='ltr'><strong>usurpavit</strong></span> <span class='ocrx_word' id='word_1_482' title='bbox 1509 1678 1649 1712; x_wconf 79' lang='lat' dir='ltr'><strong>Curtius</strong></span> <span class='ocrx_word' id='word_1_483' title='bbox 1659 1688 1729 1713; x_wconf 82' lang='lat' dir='ltr'><strong>vn.</strong></span> 
     </span>
     <span class='ocr_line' id='line_1_81' title="bbox 1021 1728 1729 1772; baseline 0 -10"><span class='ocrx_word' id='word_1_484' title='bbox 1021 1732 1075 1762; x_wconf 78' lang='lat'><strong>12.</strong></span> <span class='ocrx_word' id='word_1_485' title='bbox 1110 1729 1217 1769; x_wconf 77' lang='lat' dir='ltr'><strong>Sches.</strong></span> <span class='ocrx_word' id='word_1_486' title='bbox 1270 1729 1328 1761; x_wconf 88' lang='lat' dir='ltr'><strong>Ita</strong></span> <span class='ocrx_word' id='word_1_487' title='bbox 1363 1729 1530 1761; x_wconf 82' lang='lat' dir='ltr'><strong>‘Sinistra</strong></span> <span class='ocrx_word' id='word_1_488' title='bbox 1563 1728 1729 1772; x_wconf 60' lang='lat' dir='ltr'><strong>fortuna:</strong></span> 
     </span>
     <span class='ocr_line' id='line_1_82' title="bbox 1021 1778 1727 1822; baseline 0.001 -10"><span class='ocrx_word' id='word_1_489' title='bbox 1021 1779 1117 1812; x_wconf 88' lang='lat' dir='ltr'><strong>Suet.</strong></span> <span class='ocrx_word' id='word_1_490' title='bbox 1138 1779 1215 1811; x_wconf 84' lang='lat' dir='ltr'><strong>Tib.</strong></span> <span class='ocrx_word' id='word_1_491' title='bbox 1227 1782 1280 1812; x_wconf 84' lang='grc'><strong>23.</strong></span> <span class='ocrx_word' id='word_1_492' title='bbox 1302 1780 1313 1797; x_wconf 92' lang='grc'><strong><em>6</em></strong></span> <span class='ocrx_word' id='word_1_493' title='bbox 1331 1778 1475 1811; x_wconf 80' lang='lat' dir='ltr'><strong>Sinistra</strong></span> <span class='ocrx_word' id='word_1_494' title='bbox 1490 1779 1597 1822; x_wconf 84' lang='lat' dir='ltr'><strong>bora,’</strong></span> <span class='ocrx_word' id='word_1_495' title='bbox 1621 1779 1727 1813; x_wconf 85' lang='lat' dir='ltr'><strong>Ovid.</strong></span> 
     </span>
     <span class='ocr_line' id='line_1_83' title="bbox 1020 1830 1249 1871; baseline 0.004 -10"><span class='ocrx_word' id='word_1_496' title='bbox 1020 1830 1086 1871; x_wconf 89' lang='lat' dir='ltr'><strong>Ep.</strong></span> <span class='ocrx_word' id='word_1_497' title='bbox 1101 1838 1179 1861; x_wconf 86' lang='lat' dir='ltr'><strong>xx1.</strong></span> <span class='ocrx_word' id='word_1_498' title='bbox 1196 1832 1249 1862; x_wconf 84' lang='lat'><strong>68.</strong></span> 
     </span>
    </p>

    <p class='ocr_par' dir='ltr' id='par_1_9' title="bbox 1064 1879 1728 1921">
     <span class='ocr_line' id='line_1_84' title="bbox 1064 1879 1728 1921; baseline 0.002 -10"><span class='ocrx_word' id='word_1_499' title='bbox 1064 1879 1211 1921; x_wconf 77' lang='lat' dir='ltr'><strong>Extulit]</strong></span> <span class='ocrx_word' id='word_1_500' title='bbox 1234 1879 1401 1921; x_wconf 83' lang='lat' dir='ltr'><strong>Protulit,</strong></span> <span class='ocrx_word' id='word_1_501' title='bbox 1428 1879 1548 1912; x_wconf 84' lang='lat' dir='ltr'><strong>edidit.</strong></span> <span class='ocrx_word' id='word_1_502' title='bbox 1590 1880 1649 1913; x_wconf 89' lang='lat' dir='ltr'><strong>Sic</strong></span> <span class='ocrx_word' id='word_1_503' title='bbox 1670 1880 1728 1913; x_wconf 86' lang='lat' dir='ltr'><strong>Ci-</strong></span> 
     </span>
    </p>
   </div>
   <div class='ocr_carea' id='block_1_5' title="bbox 1020 1930 1796 1972">
    <p class='ocr_par' dir='ltr' id='par_1_10' title="bbox 1020 1930 1796 1972">
     <span class='ocr_line' id='line_1_85' title="bbox 1020 1930 1796 1972; baseline 0.001 -10"><span class='ocrx_word' id='word_1_504' title='bbox 1020 1940 1101 1963; x_wconf 88' lang='lat' dir='ltr'><strong>cero</strong></span> <span class='ocrx_word' id='word_1_505' title='bbox 1130 1931 1282 1972; x_wconf 84' lang='lat' dir='ltr'><strong>loquitur</strong></span> <span class='ocrx_word' id='word_1_506' title='bbox 1302 1930 1429 1963; x_wconf 82' lang='lat' dir='ltr'><strong>alicubi</strong></span> <span class='ocrx_word' id='word_1_507' title='bbox 1455 1931 1490 1963; x_wconf 87' lang='lat' dir='ltr'><strong>in</strong></span> <span class='ocrx_word' id='word_1_508' title='bbox 1519 1931 1656 1964; x_wconf 83' lang='lat' dir='ltr'><strong>Verrin.</strong></span> <span class='ocrx_word' id='word_1_509' title='bbox 1681 1931 1727 1963; x_wconf 83' lang='lat' dir='ltr'><strong>de</strong></span> <span class='ocrx_word' id='word_1_510' title='bbox 1792 1963 1796 1969; x_wconf 86' lang='grc'><strong>,</strong></span> 
     </span>
    </p>
   </div>
   <div class='ocr_carea' id='block_1_6' title="bbox 1017 1979 1728 2831">
    <p class='ocr_par' dir='ltr' id='par_1_11' title="bbox 1020 1979 1256 2022">
     <span class='ocr_line' id='line_1_86' title="bbox 1020 1979 1256 2022; baseline 0.004 -9"><span class='ocrx_word' id='word_1_511' title='bbox 1020 1990 1126 2022; x_wconf 85' lang='lat' dir='ltr'><strong>aegro.</strong></span> <span class='ocrx_word' id='word_1_512' title='bbox 1150 1979 1256 2020; x_wconf 79' lang='lat' dir='ltr'><strong>Sches.</strong></span> 
     </span>
    </p>

    <p class='ocr_par' dir='ltr' id='par_1_12' title="bbox 1018 2030 1728 2524">
     <span class='ocr_line' id='line_1_87' title="bbox 1064 2030 1727 2074; baseline 0 -11"><span class='ocrx_word' id='word_1_513' title='bbox 1064 2034 1105 2063; x_wconf 89' lang='lat'><strong>18</strong></span> <span class='ocrx_word' id='word_1_514' title='bbox 1129 2031 1256 2072; x_wconf 79' lang='lat' dir='ltr'><strong>Fatale]</strong></span> <span class='ocrx_word' id='word_1_515' title='bbox 1280 2031 1423 2072; x_wconf 87' lang='lat' dir='ltr'><strong>Malum,</strong></span> <span class='ocrx_word' id='word_1_516' title='bbox 1447 2030 1537 2074; x_wconf 85' lang='lat' dir='ltr'><strong>quod</strong></span> <span class='ocrx_word' id='word_1_517' title='bbox 1552 2034 1727 2064; x_wconf 84' lang='lat' dir='ltr'><strong>auctorem</strong></span> 
     </span>
     <span class='ocr_line' id='line_1_88' title="bbox 1019 2081 1728 2123; baseline -0.001 -9"><span class='ocrx_word' id='word_1_518' title='bbox 1019 2082 1127 2114; x_wconf 86' lang='lat' dir='ltr'><strong>habet</strong></span> <span class='ocrx_word' id='word_1_519' title='bbox 1154 2081 1274 2123; x_wconf 77' lang='lat' dir='ltr'><strong>fatum,</strong></span> <span class='ocrx_word' id='word_1_520' title='bbox 1307 2091 1374 2113; x_wconf 89' lang='lat' dir='ltr'><strong>non</strong></span> <span class='ocrx_word' id='word_1_521' title='bbox 1405 2081 1541 2122; x_wconf 88' lang='lat' dir='ltr'><strong>culpam</strong></span> <span class='ocrx_word' id='word_1_522' title='bbox 1564 2084 1728 2113; x_wconf 75' lang='lat' dir='ltr'><strong>nostram.</strong></span> 
     </span>
     <span class='ocr_line' id='line_1_89' title="bbox 1020 2131 1727 2173; baseline -0.001 -10"><span class='ocrx_word' id='word_1_523' title='bbox 1020 2132 1078 2164; x_wconf 88' lang='lat' dir='ltr'><strong>Ita</strong></span> <span class='ocrx_word' id='word_1_524' title='bbox 1105 2131 1207 2163; x_wconf 84' lang='lat' dir='ltr'><strong>verba</strong></span> <span class='ocrx_word' id='word_1_525' title='bbox 1237 2131 1311 2163; x_wconf 80' lang='lat' dir='ltr'><strong>haec</strong></span> <span class='ocrx_word' id='word_1_526' title='bbox 1341 2139 1556 2173; x_wconf 83' lang='lat' dir='ltr'><strong>acceperam,</strong></span> <span class='ocrx_word' id='word_1_527' title='bbox 1577 2139 1655 2162; x_wconf 88' lang='lat' dir='ltr'><strong>cum</strong></span> <span class='ocrx_word' id='word_1_528' title='bbox 1668 2139 1727 2162; x_wconf 89' lang='lat' dir='ltr'><strong>me</strong></span> 
     </span>
     <span class='ocr_line' id='line_1_90' title="bbox 1021 2180 1728 2223; baseline -0.003 -9"><span class='ocrx_word' id='word_1_529' title='bbox 1021 2182 1073 2215; x_wconf 86' lang='lat' dir='ltr'><strong>Cl.</strong></span> <span class='ocrx_word' id='word_1_530' title='bbox 1089 2182 1282 2215; x_wconf 86' lang='lat' dir='ltr'><strong>Gronovius</strong></span> <span class='ocrx_word' id='word_1_531' title='bbox 1295 2186 1412 2214; x_wconf 87' lang='lat' dir='ltr'><strong>monet</strong></span> <span class='ocrx_word' id='word_1_532' title='bbox 1434 2190 1496 2223; x_wconf 89' lang='lat' dir='ltr'><strong>per</strong></span> <span class='ocrx_word' id='word_1_533' title='bbox 1518 2181 1664 2222; x_wconf 86' lang='lat' dir='ltr'><strong>litteras,</strong></span> <span class='ocrx_word' id='word_1_534' title='bbox 1678 2180 1728 2212; x_wconf 84' lang='lat' dir='ltr'><strong>vi·</strong></span> 
     </span>
     <span class='ocr_line' id='line_1_91' title="bbox 1020 2230 1726 2274; baseline -0.003 -9"><span class='ocrx_word' id='word_1_535' title='bbox 1020 2232 1094 2265; x_wconf 89' lang='lat' dir='ltr'><strong>deri</strong></span> <span class='ocrx_word' id='word_1_536' title='bbox 1127 2232 1239 2264; x_wconf 76' lang='lat' dir='ltr'><strong>vitium</strong></span> <span class='ocrx_word' id='word_1_537' title='bbox 1273 2241 1336 2274; x_wconf 91' lang='lat' dir='ltr'><strong>pro</strong></span> <span class='ocrx_word' id='word_1_538' title='bbox 1358 2232 1493 2264; x_wconf 75' lang='lat' dir='ltr'><strong>exitium</strong></span> <span class='ocrx_word' id='word_1_539' title='bbox 1521 2230 1726 2273; x_wconf 78' lang='lat' dir='ltr'><strong>legendnm:</strong></span> 
     </span>
     <span class='ocr_line' id='line_1_92' title="bbox 1020 2282 1725 2326; baseline -0.003 -10"><span class='ocrx_word' id='word_1_540' title='bbox 1020 2284 1067 2317; x_wconf 91' lang='lat' dir='ltr'><strong>Et</strong></span> <span class='ocrx_word' id='word_1_541' title='bbox 1091 2285 1237 2326; x_wconf 91' lang='lat' dir='ltr'><strong>exponit</strong></span> <span class='ocrx_word' id='word_1_542' title='bbox 1267 2285 1349 2325; x_wconf 86' lang='lat' dir='ltr'><strong>tale,</strong></span> <span class='ocrx_word' id='word_1_543' title='bbox 1385 2286 1396 2302; x_wconf 89' lang='lat'>‘</span> <span class='ocrx_word' id='word_1_544' title='bbox 1413 2283 1503 2326; x_wconf 88' lang='lat' dir='ltr'><strong>quod</strong></span> <span class='ocrx_word' id='word_1_545' title='bbox 1525 2293 1594 2316; x_wconf 92' lang='lat' dir='ltr'><strong>non</strong></span> <span class='ocrx_word' id='word_1_546' title='bbox 1617 2282 1725 2324; x_wconf 82' lang='lat' dir='ltr'><strong>magis</strong></span> 
     </span>
     <span class='ocr_line' id='line_1_93' title="bbox 1018 2332 1724 2376; baseline -0.004 -9"><span class='ocrx_word' id='word_1_547' title='bbox 1018 2333 1171 2376; x_wconf 81' lang='lat' dir='ltr'><strong>effugere</strong></span> <span class='ocrx_word' id='word_1_548' title='bbox 1184 2335 1280 2375; x_wconf 89' lang='lat' dir='ltr'><strong>licet,</strong></span> <span class='ocrx_word' id='word_1_549' title='bbox 1292 2342 1394 2376; x_wconf 90' lang='lat' dir='ltr'><strong>qnam</strong></span> <span class='ocrx_word' id='word_1_550' title='bbox 1409 2333 1496 2374; x_wconf 80' lang='lat' dir='ltr'><strong>fata,</strong></span> <span class='ocrx_word' id='word_1_551' title='bbox 1508 2338 1548 2366; x_wconf 90' lang='lat' dir='ltr'><strong>nt</strong></span> <span class='ocrx_word' id='word_1_552' title='bbox 1562 2332 1724 2365; x_wconf 80' lang='lat' dir='ltr'><strong>Tacitus:</strong></span> 
     </span>
     <span class='ocr_line' id='line_1_94' title="bbox 1019 2381 1725 2426; baseline -0.004 -10"><span class='ocrx_word' id='word_1_553' title='bbox 1019 2385 1030 2404; x_wconf 87' lang='lat'>‘</span> <span class='ocrx_word' id='word_1_554' title='bbox 1041 2384 1172 2417; x_wconf 89' lang='lat' dir='ltr'><strong>Vitium</strong></span> <span class='ocrx_word' id='word_1_555' title='bbox 1189 2384 1304 2426; x_wconf 88' lang='lat' dir='ltr'><strong>parvis</strong></span> <span class='ocrx_word' id='word_1_556' title='bbox 1317 2383 1516 2426; x_wconf 75' lang='lat' dir='ltr'><strong>magnisque</strong></span> <span class='ocrx_word' id='word_1_557' title='bbox 1527 2381 1725 2415; x_wconf 83' lang='lat' dir='ltr'><strong>civitatibus</strong></span> 
     </span>
     <span class='ocr_line' id='line_1_95' title="bbox 1020 2431 1725 2476; baseline -0.006 -9"><span class='ocrx_word' id='word_1_558' title='bbox 1020 2443 1212 2475; x_wconf 90' lang='lat' dir='ltr'><strong>commune,</strong></span> <span class='ocrx_word' id='word_1_559' title='bbox 1227 2434 1455 2476; x_wconf 85' lang='lat' dir='ltr'><strong>ignorantiam</strong></span> <span class='ocrx_word' id='word_1_560' title='bbox 1471 2432 1573 2474; x_wconf 81' lang='lat' dir='ltr'><strong>recti,</strong></span> <span class='ocrx_word' id='word_1_561' title='bbox 1588 2435 1624 2464; x_wconf 86' lang='lat' dir='ltr'><strong>et</strong></span> <span class='ocrx_word' id='word_1_562' title='bbox 1639 2431 1725 2464; x_wconf 83' lang='lat' dir='ltr'><strong>invi-</strong></span> 
     </span>
     <span class='ocr_line' id='line_1_96' title="bbox 1021 2485 1283 2524; baseline -0.004 -6"><span class='ocrx_word' id='word_1_563' title='bbox 1021 2486 1157 2518; x_wconf 88' lang='lat' dir='ltr'><strong>diam.”</strong></span> <span class='ocrx_word' id='word_1_564' title='bbox 1179 2485 1283 2524; x_wconf 82' lang='lat' dir='ltr'><strong>Schef.</strong></span> 
     </span>
    </p>

    <p class='ocr_par' dir='ltr' id='par_1_13' title="bbox 1017 2533 1725 2831">
     <span class='ocr_line' id='line_1_97' title="bbox 1065 2533 1723 2577; baseline -0.006 -8"><span class='ocrx_word' id='word_1_565' title='bbox 1065 2538 1165 2569; x_wconf 82' lang='lat' dir='ltr'><strong>Corde</strong></span> <span class='ocrx_word' id='word_1_566' title='bbox 1179 2535 1308 2576; x_wconf 79' lang='lat' dir='ltr'><strong>durato]</strong></span> <span class='ocrx_word' id='word_1_567' title='bbox 1338 2535 1379 2568; x_wconf 91' lang='lat' dir='ltr'><strong>Id</strong></span> <span class='ocrx_word' id='word_1_568' title='bbox 1395 2539 1463 2577; x_wconf 89' lang='lat' dir='ltr'><strong>est,</strong></span> <span class='ocrx_word' id='word_1_569' title='bbox 1489 2534 1500 2553; x_wconf 89' lang='lat'>‘</span> <span class='ocrx_word' id='word_1_570' title='bbox 1519 2533 1723 2576; x_wconf 80' lang='lat' dir='ltr'><strong>Obdurato,&#39;</strong></span> 
     </span>
     <span class='ocr_line' id='line_1_98' title="bbox 1018 2584 1725 2629; baseline -0.003 -10"><span class='ocrx_word' id='word_1_571' title='bbox 1018 2591 1058 2620; x_wconf 92' lang='lat' dir='ltr'><strong>ut</strong></span> <span class='ocrx_word' id='word_1_572' title='bbox 1095 2587 1250 2619; x_wconf 86' lang='lat' dir='ltr'><strong>Catullus</strong></span> <span class='ocrx_word' id='word_1_573' title='bbox 1288 2586 1448 2629; x_wconf 88' lang='lat' dir='ltr'><strong>loquitur.</strong></span> <span class='ocrx_word' id='word_1_574' title='bbox 1487 2585 1498 2603; x_wconf 90' lang='lat'>‘</span> <span class='ocrx_word' id='word_1_575' title='bbox 1513 2584 1725 2617; x_wconf 80' lang='lat' dir='ltr'><strong>Pertendens</strong></span> 
     </span>
     <span class='ocr_line' id='line_1_99' title="bbox 1019 2635 1725 2679; baseline -0.004 -10"><span class='ocrx_word' id='word_1_576' title='bbox 1019 2636 1154 2678; x_wconf 91' lang='lat' dir='ltr'><strong>animo,&#39;</strong></span> <span class='ocrx_word' id='word_1_577' title='bbox 1177 2641 1216 2669; x_wconf 88' lang='lat' dir='ltr'><strong>ut</strong></span> <span class='ocrx_word' id='word_1_578' title='bbox 1231 2637 1393 2679; x_wconf 89' lang='lat' dir='ltr'><strong>Propert.</strong></span> <span class='ocrx_word' id='word_1_579' title='bbox 1413 2636 1473 2668; x_wconf 90' lang='lat' dir='ltr'><strong>lib.</strong></span> <span class='ocrx_word' id='word_1_580' title='bbox 1489 2644 1530 2667; x_wconf 89' lang='lat'><strong>11.</strong></span> <span class='ocrx_word' id='word_1_581' title='bbox 1550 2636 1560 2653; x_wconf 88' lang='lat'>‘</span> <span class='ocrx_word' id='word_1_582' title='bbox 1574 2635 1725 2667; x_wconf 83' lang='lat' dir='ltr'><strong>Firmata</strong></span> 
     </span>
     <span class='ocr_line' id='line_1_100' title="bbox 1017 2685 1724 2727; baseline -0.001 -7"><span class='ocrx_word' id='word_1_583' title='bbox 1017 2689 1157 2727; x_wconf 87' lang='lat' dir='ltr'><strong>mente,&#39;</strong></span> <span class='ocrx_word' id='word_1_584' title='bbox 1193 2692 1232 2719; x_wconf 89' lang='lat' dir='ltr'><strong>ut</strong></span> <span class='ocrx_word' id='word_1_585' title='bbox 1261 2686 1459 2720; x_wconf 89' lang='lat' dir='ltr'><strong>Guntberus</strong></span> <span class='ocrx_word' id='word_1_586' title='bbox 1495 2695 1589 2717; x_wconf 89' lang='lat' dir='ltr'><strong>meus</strong></span> <span class='ocrx_word' id='word_1_587' title='bbox 1617 2685 1674 2718; x_wconf 88' lang='lat' dir='ltr'><strong>lib.</strong></span> <span class='ocrx_word' id='word_1_588' title='bbox 1697 2694 1724 2719; x_wconf 85' lang='lat'><strong>1.</strong></span> 
     </span>
     <span class='ocr_line' id='line_1_101' title="bbox 1017 2735 1723 2770; baseline -0.003 0"><span class='ocrx_word' id='word_1_589' title='bbox 1017 2747 1070 2770; x_wconf 87' lang='lat' dir='ltr'><strong>vs.</strong></span> <span class='ocrx_word' id='word_1_590' title='bbox 1098 2740 1172 2770; x_wconf 88' lang='grc'><strong>468.</strong></span> <span class='ocrx_word' id='word_1_591' title='bbox 1216 2737 1352 2769; x_wconf 86' lang='lat' dir='ltr'><strong>Aliudit</strong></span> <span class='ocrx_word' id='word_1_592' title='bbox 1368 2741 1482 2768; x_wconf 86' lang='lat' dir='ltr'><strong>autem</strong></span> <span class='ocrx_word' id='word_1_593' title='bbox 1500 2736 1542 2768; x_wconf 87' lang='lat' dir='ltr'><strong>ad</strong></span> <span class='ocrx_word' id='word_1_594' title='bbox 1557 2735 1723 2768; x_wconf 84' lang='lat' dir='ltr'><strong>sententi-</strong></span> 
     </span>
     <span class='ocr_line' id='line_1_102' title="bbox 1018 2786 1724 2831; baseline 0 -11"><span class='ocrx_word' id='word_1_595' title='bbox 1018 2798 1072 2822; x_wconf 87' lang='lat' dir='ltr'><strong>am</strong></span> <span class='ocrx_word' id='word_1_596' title='bbox 1088 2797 1205 2831; x_wconf 82' lang='lat' dir='ltr'><strong>versus</strong></span> <span class='ocrx_word' id='word_1_597' title='bbox 1231 2787 1431 2829; x_wconf 83' lang='lat' dir='ltr'><strong>Euripidei:</strong></span> <span class='ocrx_word' id='word_1_598' title='bbox 1454 2787 1515 2820; x_wconf 78' lang='grc' dir='ltr'><strong>Τὰς</strong></span> <span class='ocrx_word' id='word_1_599' title='bbox 1533 2786 1596 2829; x_wconf 68' lang='grc' dir='ltr'><strong>’γὰρ</strong></span> <span class='ocrx_word' id='word_1_600' title='bbox 1618 2786 1653 2820; x_wconf 72' lang='grc' dir='ltr'><strong>ἐκ</strong></span> <span class='ocrx_word' id='word_1_601' title='bbox 1667 2789 1724 2820; x_wconf 75' lang='grc' dir='ltr'><strong>Θε-</strong></span> 
     </span>
    </p>
   </div>
  </div>
 </body>
</html>
