1806 3236
399 211 601 243 ruAEnm
638 213 743 246 ms.
777 210 1081 247 AEsomARnM
1117 216 1210 247 Lm.
1244 216 1274 248 1.
1305 207 1348 249 5.

140 305 274 340 lincoln
284 305 339 341 lta
358 305 496 350 sujecta
509 318 532 342 n
546 308 759 342 denotante·
751 332 760 351 ,
782 321 850 354 qus

140 358 270 396 lineola
289 359 463 402 neglecta,
477 360 550 394 sive
566 371 734 395 annorum
749 363 848 406 lapsu

141 404 269 452 delete,
282 419 362 443 cum
371 410 461 455 quid
476 411 540 445 sibi
564 413 670 446 vellet
687 414 767 447 Creo
781 423 848 447 nou

138 459 354 504 intelligeret
377 461 491 495 scriba
505 462 678 505 librarius,
693 465 774 508 quid
791 466 849 498 ali-

139 509 195 544 ud·-
203 519 277 554 pro
288 515 397 554 captu
411 522 474 546 sno
493 515 706 549 comminisci
722 516 849 559 potuit,

138 566 242 604 qum
250 561 469 598 scribendum
481 574 557 599 esse
569 566 634 599 Leo
644 565 662 601 :2
704 567 848 607 Ultimo,

139 611 231 655 qnod
252 611 424 648 Phaedrus
441 615 542 649 Creon
569 617 761 659 scripserit,
775 620 848 651 sive

138 662 183 698 td
204 663 493 707 significationem
517 668 676 708 nominis,
692 670 765 704 sive
789 681 849 713 ap-

137 713 307 758 pellativi,
332 716 404 750 sive
429 719 573 762 proprii,
595 720 631 752 in
647 721 849 755 Graecorum

136 764 263 800 rabuli·
277 768 480 812 respiciens,
492 780 571 804 cum
587 777 733 816 utroque
748 773 850 807 niodo

138 818 215 851 Rex
229 817 431 863 denotetur,
442 823 548 856 etiam
561 823 642 858 hinc
652 825 850 859 confirmari

138 873 268 912 potest,
292 872 384 914 quod
407 873 578 908 Phaedrus
602 875 738 910 Graecis
752 887 852 910 voca·

137 920 240 962 bullo,
261 921 412 958 liter-ata
428 925 559 969 quippe
575 927 724 960 Graeciae
737 928 851 971 propi-

138 982 192 1015 or,
206 973 416 1011 delectetur.
439 977 607 1012 Libenter
621 984 738 1013 autem
754 990 850 1014 usur-

138 1034 224 1068 pnre
247 1025 378 1062 Poetae
403 1030 589 1073 peregrina
615 1032 731 1074 verba,
746 1036 784 1066 et
806 1042 851 1067 ea

138 1076 244 1111 etim
260 1078 397 1112 mione
420 1078 554 1114 fabulas
569 1092 647 1115 suas
662 1083 775 1116 solere
796 1093 849 1116 or-

135 1136 233 1170 nare,
242 1129 318 1173 qni·
332 1131 472 1164 nescit?
505 1132 564 1166 Sic
581 1133 707 1167 Catull.
723 1134 759 1166 iu
775 1144 850 1167 car-

100 1203 106 1210 .
137 1178 230 1213 mino
240 1178 286 1212 de
295 1176 382 1223 My,
397 1184 408 1200 ‘
420 1181 485 1216 Ait
492 1183 568 1216 haec
579 1185 692 1217 minax
705 1184 850 1228 Cybele,

136 1230 330 1275 religatque
338 1232 428 1276 ,iuga
441 1243 567 1275 manu3
589 1235 698 1269 Ferus
713 1245 749 1269 se
771 1237 848 1280 ipse

137 1281 339 1317 adhortatus
354 1285 513 1328 rapidum
538 1286 663 1320 incitat
677 1287 849 1323 animum?

136 1333 220 1367 Non
242 1335 350 1371 solum
374 1340 491 1371 sutem
519 1338 590 1373 Ms.
612 1338 676 1372 sed
694 1340 849 1372 nonnulli

135 1387 242 1422 otiam
264 1386 382 1422 formis
397 1390 516 1423 excusi
539 1390 619 1424 libri
642 1391 764 1434 primis
779 1392 848 1425 illis

136 1437 248 1478 mnis,
261 1438 387 1482 quibus
399 1439 477 1474 haec
498 1440 588 1475 ratio
610 1441 784 1476 scribendi
809 1442 849 1475 li-

135 1487 217 1522 bros
240 1490 381 1524 inventa
406 1495 472 1534 est,
494 1492 640 1534 liabent,
661 1493 763 1526 Ferus
785 1503 852 1526 sese

137 1540 323 1575 adhortatu
343 1541 383 1574 liu
405 1543 550 1586 rapidum
563 1543 678 1577 incitat
698 1544 849 1578 animm.

140 1590 230 1626 Quae
253 1601 337 1626 vera
359 1596 398 1626 et
415 1603 581 1636 germana
607 1595 724 1637 lectio,
748 1604 851 1639 quam

138 1641 228 1676 vidit
243 1642 422 1677 Victorius
446 1645 482 1678 in
508 1645 638 1689 Castig.
667 1647 711 1679 ad
738 1647 850 1689 Epist.

139 1694 214 1730 cte.
247 1695 307 1731 lib.
338 1705 407 1734 xu.
436 1698 541 1740 epist.
573 1701 627 1732 18.
655 1702 693 1732 et
724 1699 851 1742 probat

139 1746 318 1782 hucne.
327 1748 550 1782 Robortellus
561 1748 606 1782 de
617 1754 694 1783 arte
707 1749 852 1791 Critica,

139 1801 178 1832 et
205 1798 422 1842 ignoratione
447 1800 575 1834 vetusti
595 1800 694 1834 verbi
709 1811 850 1844 corrup-

142 1854 214 1883 tam
239 1849 345 1884 fuisse
374 1851 437 1885 ait.
496 1853 556 1885 Lis
584 1857 700 1886 autem
730 1853 850 1886 Poetis

141 1901 279 1936 Graeeis
298 1907 354 1937 est
377 1904 463 1943 Leo,-
485 1906 537 1939 λῖς
555 1905 647 1939 idem
664 1902 756 1949 quod
770 1905 851 1939 λέων

138 1953 308 1997 Homero,
334 1955 506 1999 Hesiodo,
524 1957 734 1998 Theocrito;
758 1958 851 2001 quod

143 2005 203 2047 qui
217 2005 392 2049 ignorant,
405 2017 527 2050 parum
539 2008 574 2040 in
588 2008 741 2041 lectione
754 2004 851 2041 Gree-

142 2064 263 2089 cornm
277 2056 466 2090 Poetarum
482 2059 609 2091 versati
624 2062 716 2091 sunt.
759 2058 852 2091 The-

143 2106 275 2140 ocritus
303 2107 337 2140 in
368 2107 510 2150 Idyllio,
541 2109 634 2152 quod
655 2110 852 2152 appellavit

142 2156 286 2200 Hylam,
312 2163 366 2191 ter
389 2159 465 2202 ipsa
491 2170 570 2193 usus
586 2164 652 2193 est.
698 2159 852 2194 Achilles

140 2207 272 2242 Statius
297 2214 410 2253 notat,
426 2210 460 2243 in
485 2211 553 2243 Ms.
579 2212 735 2245 omnibus
760 2213 853 2245 idem

140 2260 263 2294 vitium
279 2261 430 2294 insidere
442 2263 626 2301 ador-talin
649 2263 709 2296 sed
722 2273 791 2296 non
804 2264 852 2296 vi-

142 2313 208 2356 dit,
236 2314 319 2357 qnid
346 2314 412 2346 sibi
443 2315 535 2348 velit.
581 2314 656 2347 Imo
681 2315 785 2348 etiam
817 2315 852 2347 in

143 2364 248 2399 Msto
275 2374 351 2398 meo
379 2369 434 2398 est
448 2365 575 2398 Morta
599 2365 650 2398 lis.
697 2366 755 2398 Sic
778 2366 851 2399 sive

143 2416 356 2460 appellative
381 2417 533 2458 positum
549 2420 603 2449 est
619 2417 783 2450 Graecum
797 2427 854 2450 vo-

144 2467 307 2501 cabulum
338 2467 454 2508 Creon,
486 2476 601 2510 regem
633 2467 849 2510 significans:

142 2519 303 2552 similiter
317 2519 411 2562 apud
426 2523 579 2551 nostrum
600 2520 610 2539 ⁴
624 2519 773 2562 sophus,'
790 2530 852 2563 pro

146 2571 304 2613 sapiente
329 2570 385 2602 vel
408 2570 589 2612 supientiae
614 2571 771 2612 doctore,
797 2577 853 2605 est

146 2620 206 2654 lib.
222 2630 278 2654 ιιι.
293 2621 364 2654 fab.
388 2624 440 2654 15.
456 2626 493 2653 et
507 2621 568 2654 lib.
586 2631 636 2655 ιν.
658 2623 730 2657 fab.
746 2626 798 2656 16.
816 2628 853 2656 et

140 2672 152 2690 ‘
166 2671 311 2714 pyctes:
335 2672 469 2711 Graecis
493 2672 626 2715 πύκτης,
651 2684 715 2717 pro
737 2676 853 2718 pugile

148 2727 325 2764 coronato,
340 2722 398 2756 lib.
415 2732 467 2756 lv.
479 2721 551 2757 fab.
562 2726 639 2765 244
661 2726 735 2758 sive
753 2727 855 2759 Creon

147 2774 212 2806 boc
226 2773 369 2808 Phoedri
384 2775 463 2808 loco
485 2776 615 2818 proprii
641 2778 783 2810 nominis
803 2778 854 2810 in-

148 2829 220 2858 stnr
235 2835 296 2867 pro
311 2834 402 2869 rege,
426 2830 464 2860 ut
489 2827 523 2860 iu
539 2827 743 2862 Graecorum
759 2828 855 2863 fabu-

900 311 963 351 lis3
988 311 1038 345 sic
1054 311 1136 350 alibi
1158 313 1167 331 ‘
1180 311 1288 345 Cato’
1303 322 1367 356 pro
1382 321 1517 346 moroso
1530 323 1611 346 cen·

900 371 977 394 sore
993 362 1051 396 lib.
1066 371 1117 396 ιν.
1143 361 1215 396 fab.
1231 367 1265 397 6.
1285 364 1295 383 ‘
1308 364 1391 407 quid
1408 373 1544 406 possum
1560 365 1611 398 fa-

900 421 980 445 cere
1005 412 1084 455 tibi,
1108 413 1221 447 lector
1244 415 1332 448 Cato
1343 414 1367 447 ?'
1389 415 1441 448 uti
1466 415 1500 448 in
1523 416 1610 450 Mss.

898 463 1037 497 nostris.
1081 463 1199 497 Simile
1225 470 1409 508 peccatum
1432 475 1475 499 ex
1492 466 1613 499 Mona-

899 513 1041 546 chorum
1071 514 1202 558 schola,
1229 516 1320 559 quod
1353 517 1483 559 primns
1514 522 1612 551 recte

898 565 1049 598 correxit
1072 567 1224 609 optimus
1253 568 1426 603 Pithoeus.
1470 569 1612 603 Deinde

901 618 1039 652 Graecis
1069 620 1213 653 vocibus
1250 621 1403 654 abundat
1433 622 1612 656 Phaedrus.

897 670 955 703 Sic
981 670 1042 704 lib.
1058 680 1116 705 ιιι.
1132 672 1230 705 Prol.
1252 672 1263 692 ⁴
1276 673 1522 717 Mnemosyne'
1547 683 1611 716 pro

899 721 976 754 Dea
1000 723 1196 764 memoriae;
1229 728 1267 756 et
1290 724 1350 758 lib.
1382 733 1436 757 ιν.
1461 724 1532 758 fab.
1557 727 1613 760 14.

900 773 910 791 ‘
920 772 1067 816 Tribas,'
1080 783 1182 816 quam
1197 774 1309 807 Latini
1327 775 1612 818 subegitatricem

900 830 1040 868 vocant,
1053 835 1130 868 quae
1146 826 1270 859 misere
1295 836 1314 859 a
1329 827 1513 860 Monachis
1537 838 1612 861 cor·

900 880 1016 918 rupta,
1041 882 1078 908 et
1101 876 1144 909 ad
1166 877 1308 910 Latinas
1337 888 1437 911 voces
1457 878 1611 913 detorta.

900 927 958 959 Sic
974 936 1036 968 pro
1060 927 1267 970 Mnemosyne
1281 929 1331 961 illi
1351 938 1440 961 uerno
1462 929 1542 972 sine,
1555 931 1613 963 eri-

899 979 996 1010 vadas
1022 988 1086 1021 pro
1114 980 1268 1012 tribadas.
1313 980 1372 1012 Sic
1399 984 1436 1013 et
1466 981 1524 1014 lib.
1555 989 1612 1015 ιιι.

900 1027 972 1062 fab.
999 1032 1051 1062 19.
1074 1030 1227 1072 ‘melos‚’
1259 1031 1393 1063 Latinis
1417 1041 1552 1073 carmen,
1576 1037 1614 1065 et

899 1079 910 1098 ‘
926 1080 1022 1113 Deus
1044 1079 1234 1123 Pelagius,'
1249 1079 1408 1122 πελάγιος,
1424 1081 1556 1114 Latinis
1570 1092 1612 1114 σ-

900 1141 1033 1174 quor-eus
1044 1142 1058 1170 ;
1080 1132 1140 1165 lib.
1163 1141 1198 1166 v,
1214 1130 1286 1165 fab.
1302 1135 1340 1166 7,
1368 1133 1511 1175 ‘pegma
1524 1132 1545 1174 ;'
1576 1137 1613 1165 et

899 1183 959 1217 lib.
975 1193 1018 1216 11.
1034 1182 1107 1218 fab.
1126 1188 1160 1217 5.
1181 1184 1192 1203 ‘
1207 1184 1353 1226 xystus:
1398 1184 1522 1228 Neque
1537 1190 1613 1218 tan-

899 1238 973 1267 tum
983 1235 1091 1268 verba
1098 1245 1118 1267 a
1125 1235 1260 1269 Graecis
1269 1239 1320 1268 est
1328 1239 1504 1268 mutuatus
1513 1235 1614 1269 Phae-

898 1285 993 1324 drus,
1010 1285 1071 1319 sed
1092 1291 1129 1319 et
1144 1296 1189 1319 ex
1204 1278 1360 1320 fibulosa
1375 1291 1561 1330 vetustate,
1579 1291 1615 1320 et

900 1337 1076 1371 veteribus
1092 1338 1286 1381 praesertim
1312 1338 1615 1382 tragicis,'dramn·

900 1393 938 1421 ta
964 1390 1039 1422 sive
1065 1388 1199 1423 fabulas
1229 1390 1265 1422 in
1295 1390 1491 1433 exemplum
1516 1391 1615 1424 citat.

900 1440 958 1473 Sic
970 1440 1031 1474 lib.
1043 1450 1101 1473 ιιι.
1111 1440 1183 1474 fab.
1194 1444 1247 1474 11.
1263 1442 1273 1460 ‘
1285 1440 1501 1484 Hippolytus
1512 1442 1613 1483 obiit,

901 1491 982 1534 quia
991 1501 1154 1524 novercae
1171 1491 1344 1525 creditum
1358 1496 1424 1525 est.
1470 1492 1614 1525 Cassan-

901 1543 975 1575 drae
999 1542 1079 1585 qnia
1103 1552 1172 1575 non
1195 1542 1379 1584 creditum,
1401 1542 1472 1575 ruit
1486 1542 1614 1576 Ilium!

902 1594 982 1627 Lib.
997 1603 1056 1627 ιιι.
1082 1594 1179 1627 Prol.
1201 1594 1211 1612 ‘
1223 1592 1294 1626 Sed
1304 1593 1368 1626 hoc
1384 1593 1614 1637 quodcunque

902 1645 1022 1690 fuerit,
1047 1651 1086 1680 ut
1113 1646 1204 1679 dixit
1230 1644 1362 1679 Sinon!
1413 1645 1483 1678 Sed
1512 1645 1614 1679 valdo

902 1695 1137 1730 memorabilis
1153 1700 1208 1730 est
1233 1696 1330 1729 locus
1344 1695 1406 1728 lib.
1426 1705 1478 1728 w.
1494 1695 1566 1730 fab.
1582 1700 1614 1730 6.

902 1758 946 1782 ex
962 1748 1140 1791 Euripidis
1162 1747 1292 1780 Medea
1312 1755 1509 1789 expressus.
1552 1746 1616 1780 At-

902 1799 974 1843 qui,
997 1804 1036 1832 ut
1059 1799 1134 1842 jam
1162 1797 1323 1838 diximus,
1351 1798 1385 1829 in
1410 1797 1472 1830 illa
1497 1796 1615 1832 fabula

904 1853 1019 1886 Creon
1045 1853 1122 1885 Rex
1145 1850 1400 1885 Corinthiorum
1417 1851 1614 1894 praecipuas

900 1909 1020 1947 partes
1037 1904 1121 1947 agit.
1148 1906 1235 1939 Gud.

945 1958 966 1988 8
992 1955 1078 1993 Quia
1093 1966 1162 1988 sum
1181 1956 1298 1998 fortis]
1324 1957 1434 1989 Fortis
1455 1955 1613 1988 hocloco

901 2016 969 2039 non
984 2006 1124 2050 ἀνδρείαν
1136 2006 1326 2048 σωματικὴν,
1338 2008 1398 2040 sed
1408 2006 1543 2048 ψυχικὴν
1557 2015 1615 2038 no-

903 2062 966 2100 tat,
981 2062 1021 2091 ut
1035 2059 1212 2091 Platonici
1228 2058 1339 2091 nostri
1351 2058 1482 2100 optime
1495 2056 1614 2090 distin-

902 2114 1026 2150 guunt.
1072 2109 1228 2141 Marinus
1253 2110 1288 2141 in
1314 2109 1385 2142 vita
1399 2109 1518 2142 Procli
1535 2118 1614 2151 pag.

904 2164 982 2196 418.
997 2167 1034 2196 et
1061 2162 1118 2196 hic
1144 2167 1199 2195 est
1225 2163 1398 2195 animosus
1423 2167 1460 2195 et
1485 2161 1615 2196 acriter

901 2213 1007 2246 morti
1037 2223 1075 2246 se
1104 2212 1263 2255 offerens,
1295 2221 1334 2247 ut
1364 2213 1455 2256 apud
1486 2214 1611 2247 Horat.

902 2265 1096 2298 ‘animosus
1126 2269 1230 2308 atque
1258 2265 1371 2298 Fortis
1398 2264 1553 2308 appare,'
1577 2270 1613 2297 et

902 2315 976 2350 Cic.
991 2326 1054 2358 pro
1080 2316 1235 2349 Milone:
1258 2316 1334 2348 ‘vir
1357 2315 1454 2348 fortia
1479 2320 1517 2348 et
1542 2316 1614 2347 ani-

901 2366 1040 2399 mosus!
1100 2365 1216 2409 Atque
1251 2365 1302 2398 ita
1331 2375 1400 2398 non
1429 2367 1617 2406 ταιηολογεῒ

901 2419 1091 2451 Phaedrus:
1121 2419 1278 2462 sequitur
1306 2418 1398 2451 enirn
1426 2423 1513 2459 tum,
1540 2417 1614 2460 quia

899 2471 972 2511 plus
999 2471 1109 2509 nalem
1146 2471 1239 2514 quod
1268 2470 1311 2502 ad
1343 2479 1469 2511 corpus
1501 2469 1613 2502 debet

903 2520 1095 2555 transferri.
1131 2522 1219 2555 Haec
1235 2531 1302 2554 non
1312 2520 1486 2553 intellexit
1501 2520 1614 2553 Galli-

902 2583 961 2606 cus
980 2572 1118 2606 Phaedri
1132 2573 1316 2614 interpres.
1342 2572 1429 2604 Gud.

947 2627 968 2656 9
996 2625 1074 2656 Plus
1096 2624 1198 2664 valeo]
1222 2623 1403 2655 Valentior
1426 2632 1511 2655 snm.
1557 2623 1614 2657 Sic

903 2675 913 2693 ‘
926 2675 1155 2707 valentissima
1168 2674 1302 2715 bestia,'
1315 2674 1389 2707 Cic.
1403 2675 1515 2715 Epist.
1530 2674 1541 2692 ‘
1550 2674 1616 2706 Le-

904 2735 988 2758 ones
1002 2724 1154 2758 ferarnm
1166 2725 1440 2767 generosissimi,’
1450 2725 1540 2758 Plin.
1552 2725 1612 2758 lib.

905 2786 942 2810 x.
958 2787 1037 2819 cap.
1053 2779 1106 2809 21.
1136 2776 1215 2817 Rig.

948 2830 1005 2862 Me
1019 2832 1164 2871 sequetur
1179 2828 1291 2870 tertia]
1315 2828 1396 2861 Mea
1411 2828 1489 2861 erit.
1527 2829 1613 2862 Cur-

1524 208 1611 252 347
1669 218 1674 225 ·
