1806 3236
274 233 361 276 694

277 340 329 372 nis
345 349 449 372 causa
468 337 614 372 lice-ret.'
647 338 744 381 Lips.
771 339 885 372 Elect.
905 349 984 384 cap.

277 394 331 425 13.
358 391 461 434 legit:
498 390 602 423 album
624 390 658 422 in
683 390 918 424 vestimentum:
949 391 984 423 id

276 445 343 483 est,
358 445 476 479 cretae,
492 450 591 483 quam
608 441 766 474 solebant
782 441 910 475 addere
925 450 984 483 pe·

276 493 414 533 titores,
439 497 478 524 ut
501 491 702 534 splenderet
722 492 840 531 vestis,
866 493 984 536 sicque

278 544 322 577 ab
346 544 421 576 aliis
450 543 745 586 dignoscerentur.
789 544 870 577 Non
894 545 984 577 enim

279 596 359 627 alba
384 595 489 628 vestis
515 594 716 637 interdicta,
741 605 818 628 cum
843 605 885 628 ea
907 606 984 638 pro-

277 646 407 678 miscue
449 649 633 679 uterentur
676 655 792 679 omnes
826 647 984 679 Romani.

278 696 369 729 Vide
390 696 493 729 latius
510 697 602 739 Lips.
623 697 689 730 loc.
708 697 769 731 cit.
812 697 985 730 Tibicincs

278 752 407 790 tamen,
425 748 565 782 dubium
581 749 661 782 mihi
673 759 742 782 non
758 752 824 791 est,
839 749 921 792 quin
933 749 986 782 usi

278 797 408 831 fuerint
445 799 566 832 Romae
595 800 722 832 tunicis
750 800 912 841 candidis,
949 801 985 832 in

272 849 429 891 'publicis
445 850 660 894 privatisque
685 851 826 884 ludicris
846 852 986 884 actioni·

277 901 356 933 bus.
410 901 568 934 Ludicris
597 902 689 943 dico,
714 907 752 935 ut
777 902 986 945 distinguam

279 952 324 984 de
347 953 455 986 seriis.
499 953 589 986 Nam
605 954 640 986 in
656 954 801 996 publicis
825 954 986 997 privatis-

280 1013 347 1047 que
373 1004 540 1048 seriisque
568 1006 760 1038 actionibus
783 1010 985 1048 personatos

279 1056 388 1097 varia,
402 1057 468 1089 hoc
483 1061 548 1098 est,
571 1057 698 1090 diversi
724 1057 862 1099 coloris,
877 1057 986 1090 varie-

281 1112 374 1148 gata,
402 1112 498 1140 veste
527 1108 658 1141 velatos
689 1108 849 1141 tibicines
879 1108 986 1142 fuisse

279 1157 382 1190 docet
395 1158 512 1191 Valer.
524 1159 621 1192 Max.
636 1159 695 1192 lib.
712 1167 753 1192 11.
770 1169 848 1201 cap.
865 1163 896 1193 5.
912 1161 942 1203 ς.
954 1162 987 1193 4.

279 1209 336 1250 qui
352 1209 462 1249 locus,
478 1209 578 1242 valde
601 1214 784 1252 corruptus
809 1210 988 1252 hactenus,

280 1260 450 1301 explicari
466 1265 502 1292 et
517 1260 693 1293 emendari
710 1265 875 1294 meretur.
909 1261 989 1303 Pig-

278 1309 367 1350 hius,
415 1311 572 1352 Colerus,
610 1316 648 1345 et
682 1312 742 1344 alii
776 1311 985 1345 ediderunt:

279 1362 290 1379 ‘
307 1361 502 1395 Tibicinum
529 1363 714 1405 collegium
742 1361 832 1396 solet
855 1364 891 1396 in
911 1363 988 1397 foro

281 1413 375 1454 vulgi
403 1413 519 1445 oculos
548 1413 584 1445 in
610 1423 647 1446 se
672 1418 887 1455 convertere,
910 1424 987 1447 cum

279 1462 371 1495 inter
387 1463 542 1505 publicas
566 1464 786 1507 privatasque
800 1463 906 1497 ferias
933 1475 989 1498 ac-

280 1514 404 1551 tiones,
432 1515 588 1556 personis
613 1519 710 1548 tecto
737 1517 866 1559 capite,
879 1517 989 1549 varia-

282 1574 350 1607 que
362 1570 460 1598 veste
475 1566 598 1599 velatis
623 1570 877 1610 concentusque
893 1567 988 1601 edit!

282 1615 375 1649 Quid
392 1617 680 1650 contaminatius?
704 1618 843 1660 Lipsius
860 1618 989 1662 aliquid

279 1666 380 1709 vidit,
394 1667 579 1700 restituens
592 1672 755 1702 concentus
768 1670 845 1712 edit,
859 1671 991 1712 rejecta

282 1717 444 1750 enclitica
458 1728 527 1760 que,
542 1729 562 1751 a
577 1719 702 1761 Pighio
716 1725 839 1753 contra
854 1725 989 1754 veteres

276 1768 386 1800 libros
398 1768 550 1810 intrusa;
571 1779 637 1802 nec
660 1769 789 1803 frustra
811 1771 990 1813 displicuit

282 1818 400 1860 Lipsio
413 1819 609 1859 illudferias
619 1821 768 1854 actiones.
811 1822 882 1855 Sed
897 1823 988 1866 quod

283 1871 990 1916 conjecturasubstituat‚feriatt'ones,frus-

282 1924 339 1952 tra
364 1925 429 1954 est.
475 1923 621 1964 Optime
650 1925 771 1967 optimi
794 1931 989 1960 nostrornm

283 1972 459 2006 codicum,-
495 1974 670 2008 Tibicinum
690 1987 806 2019 quoque
826 1978 991 2019 collegium

283 2023 360 2055 solet
380 2023 416 2055 in
434 2023 509 2064 foro
524 2026 611 2067 vulgi
625 2027 727 2059 ocutos
749 2027 784 2060 in
810 2038 843 2060 se
867 2039 990 2061 conver-

283 2079 360 2115 tere,
395 2085 465 2108 cum
500 2077 585 2108 inter
618 2076 759 2119 publicas
792 2080 991 2121 privatasque

284 2126 460 2161 SERIAS
470 2129 618 2171 actiones,
628 2131 771 2171 personis
781 2135 863 2164 tecto
877 2133 992 2174 capite,

283 2180 429 2222 variaque
455 2183 540 2213 veste
574 2181 696 2214 VELA
704 2181 810 2214 TUM
828 2186 992 2215 concentus

282 2231 359 2264 edit.
383 2231 571 2274 Egregium
586 2235 639 2264 est
654 2233 745 2275 quod
761 2233 857 2266 addit
870 2234 969 2266 serias
977 2244 990 2272 ;

281 2282 440 2314 nimirum
464 2286 504 2314 ut
527 2281 781 2324 distinguantur
808 2293 828 2315 a
849 2283 991 2318 ludicris

284 2333 491 2375 actionibus,
517 2334 550 2366 in
566 2333 690 2377 quibus
717 2335 778 2367 tali
803 2336 930 2368 vestitu
947 2324 989 2369 fl-

282 2383 411 2416 bicines
428 2393 496 2416 non
513 2383 714 2417 utebantur.
759 2385 992 2419 celebrabam

284 2438 342 2466 tur
358 2438 471 2467 autem
487 2444 508 2466 a
522 2435 721 2468 tibicinibus
738 2435 836 2467 seriae
852 2440 888 2467 et
904 2437 990 2468 ludi-

284 2494 353 2517 crae
394 2485 546 2518 actiones
580 2485 719 2527 publice
748 2489 786 2517 et
815 2485 990 2527 privatim.

284 2534 440 2567 Publicae
467 2535 566 2567 seriae
591 2535 742 2568 actiones
763 2539 990 2578 erant‚quan-

284 2585 329 2616 do
356 2585 517 2618 tibicines
542 2585 718 2618 sacrificiis
742 2586 991 2628 praecinebaut,

284 2635 374 2676 quod
406 2635 524 2667 facere
555 2636 673 2668 solitos
706 2635 823 2677 fuisse,
851 2646 871 2668 e
902 2636 990 2669 Livii

283 2685 361 2717 loco
377 2684 436 2717 lib.
453 2694 506 2718 rx.
520 2688 575 2718 30.
599 2687 819 2728 perspicuum
835 2691 898 2720 est.
944 2689 991 2720 Et

286 2735 319 2766 in
347 2736 510 2778 Inscript.
536 2737 676 2771 Gruter.
700 2747 776 2780 cap.
800 2740 831 2770 3.
846 2738 988 2771 indicis:

285 2786 294 2803 ‘
323 2786 498 2818 Tibicines
534 2788 693 2830 Romani,
722 2789 780 2831 qui
815 2789 990 2822 sacrificiis

286 2841 412 2878 praesto
450 2837 554 2871 sunt.'
611 2838 727 2882 Atque
763 2840 843 2873 hinc
874 2841 991 2874 Valer.

1015 1579 1021 1585 ·
1039 1565 1192 1598 vestibus
1207 1564 1329 1603 induti.

747 242 890 286 1501·AE
922 242 1188 276 VAmoRUM
1222 241 1275 275 ιΝ

1033 339 1130 373 Max.
1151 339 1227 373 loco
1252 339 1358 372 citato
1382 338 1533 382 subjicit,
1556 337 1734 372 tibiciniufl

1034 392 1078 424 ab
1104 392 1188 425 urbe
1212 391 1407 425 abeuntium
1427 390 1617 425 ministerio
1631 391 1734 425 Son-t

1033 447 1106 476 tum
1132 443 1268 476 deserta
1291 451 1387 476 sacra
1401 440 1598 486 nonaque
1622 441 1736 475 ani-ro

1032 493 1162 527 tulisse.
1196 493 1350 526 Privatae
1363 493 1519 527 actiones
1530 493 1630 530 serl-
1643 492 1738 534 sunt,

1032 544 1186 578 actiones
1210 543 1396 585 funebres3
1428 543 1551 588 quibus
1576 543 1736 582 ulbienses

1033 594 1202 634 adltibiti3
1226 598 1266 626 ut
1287 597 1422 627 constat
1447 593 1551 627 etiarn
1571 602 1617 628 ex
1628 594 1738 628 histo-⁴

1035 645 1087 678 ria
1100 645 1323 687 Evangelica,
1343 644 1563 678 describente
1574 652 1738 688 pompam

1035 695 1217 729 funebrem
1241 695 1355 729 filiolae
1369 695 1468 730 Jairi.
1511 694 1747 738 Ari-privatu-

1036 747 1140 779 serias
1155 747 1310 780 actiones
1335 745 1455 779 referri
1470 750 1601 789 posset,
1612 746 1738 780 amul

1034 798 1183 831 ludicras
1202 799 1314 839 malis,
1332 798 1424 841 quod
1446 797 1568 831 scribit
1580 797 1740 831 valuit!

1037 849 1127 881 idem
1151 849 1212 882 lib.
1227 858 1270 881 ιι.
1285 858 1363 892 cap.
1385 852 1418 882 1.
1432 849 1462 891 ς.
1486 851 1539 881 lo.
1561 846 1743 898 ‘Hajores

1036 899 1158 941 nostri,
1171 900 1205 932 in
1222 899 1400 941 conviviis,
1414 899 1459 931 ad
1474 898 1587 940 tibias,
1600 898 1740 941 egregi·

1036 951 1251 993 superiorum
1277 959 1386 992 opera
1413 949 1565 983 carmine
1586 958 1742 992 compre-

1035 1001 1141 1035 hensa
1177 1000 1396 1044 pangebant?
1445 1000 1516 1034 Ubi
1551 1001 1741 1034 notandum

1032 1064 1183 1097 pangere,
1197 1063 1266 1087 non
1293 1057 1426 1087 tantum
1440 1062 1516 1087 esse
1538 1053 1742 1095 nieman·

1033 1115 1159 1148 ponere,
1181 1106 1243 1138 sed
1269 1106 1372 1138 etiam
1386 1113 1512 1144 canen,-
1543 1109 1584 1137 ιη
1597 1107 1693 1146 sepe
1705 1113 1740 1137 ι-

1036 1157 1108 1199 pud
1123 1157 1363 1190 Prudentium.
1394 1156 1440 1189 Et
1452 1155 1590 1189 videtur
1603 1155 1743 1199 quidem

1036 1209 1102 1241 hoc
1126 1208 1170 1241 ad
1192 1208 1326 1242 ludicra
1347 1207 1537 1250 pertinere,
1564 1205 1647 1249 quit
1669 1212 1742 1239 non

1037 1259 1198 1292 videntur
1221 1259 1257 1291 in
1281 1258 1426 1301 privatis
1446 1256 1610 1290 conviviis
1633 1255 1744 1289 tibici-

1036 1318 1098 1342 nes
1111 1309 1285 1351 personati
1300 1313 1338 1341 et
1350 1307 1455 1340 velati
1468 1305 1589 1348 fuisse,
1602 1315 1743 1350 quomo-

1037 1362 1082 1395 do
1109 1365 1223 1395 tamen
1248 1361 1346 1394 fuere
1375 1362 1413 1394 in
1443 1359 1590 1403 privatis
1619 1359 1741 1399 seriis3

1036 1413 1172 1446 scilicet
1196 1413 1333 1455 quando
1355 1413 1504 1454 private
1519 1411 1618 1444 seria
1633 1411 1742 1443 actio-

1037 1463 1204 1495 nis'causa
1217 1463 1250 1494 in
1263 1462 1438 1504 publicum
1450 1460 1646 1503 prodibant.
1657 1459 1743 1494 Gud-

1081 1513 1198 1554 big-ato
1225 1522 1327 1554 crure,
1357 1511 1427 1554 ssa]
1461 1510 1628 1544 seditiosi
1655 1509 1745 1544 albis

1374 1562 1611 1596 Artemidorus
1636 1562 1742 1596 Onei-

1040 1615 1158 1649 rocrit.
1185 1625 1226 1648 u.
1270 1614 1370 1647 Λευκὰ
1397 1612 1505 1655 ἱμάτια
1526 1613 1668 1656 ταραχὰς
1686 1623 1747 1652 σιμ

1038 1665 1149 1707 μαίνει,
1175 1666 1224 1699 διὰ
1252 1666 1289 1698 τὸ
1312 1665 1386 1699 τοὺς
1400 1666 1434 1698 ἑν
1448 1666 1537 1707 ὄχλῳ
1550 1665 1742 1708 ἀναστρεφο-

1038 1717 1147 1758 μὲνους
1160 1717 1256 1750 λευκὰ
1272 1715 1356 1759 ἔχειν
1369 1715 1485 1758 ἱμάτια.
1509 1717 1588 1759 Rig.
1703 1745 1706 1749 .

1085 1769 1188 1801 Nicea
1193 1768 1315 1811 fascia]
1331 1768 1430 1807 Alba,
1445 1768 1605 1810 candida,
1616 1769 1674 1812 qni
1689 1777 1746 1801 co·

1039 1819 1091 1851 lor
1116 1819 1197 1851 olim
1226 1819 1357 1851 relatus
1390 1824 1445 1851 est
1475 1819 1567 1852 inter
1596 1819 1742 1862 regales.

1038 1869 1128 1902 Vide
1143 1870 1284 1903 Sueton.
1300 1870 1430 1903 Domit.
1447 1879 1523 1913 cap.
1539 1873 1595 1904 21.
1617 1869 1743 1903 venei.

1039 1919 1097 1952 lib.
1114 1929 1154 1953 11.
1169 1924 1200 1953 2.
1234 1920 1308 1953 Cic.
1324 1919 1401 1953 Att.
1425 1921 1492 1963 Ep.
1507 1929 1549 1955 ΙΙ.
1563 1923 1597 1954 2.
1640 1919 1743 1953 Adde

1040 1981 1190 2014 quoque,
1212 1982 1288 2014 quae
1312 1972 1461 2014 ampliss.
1482 1970 1746 2005 eruditissime-

1041 2023 1277 2065 que'rhomas
1302 2023 1524 2056 Bartholinns
1547 2033 1660 2065 nuper
1684 2023 1745 2056 do·

1042 2073 1128 2113 cuit,
1142 2073 1176 2105 in
1192 2073 1397 2115 politissima
1409 2074 1570 2117 opusculo
1582 2073 1627 2108 de
1641 2074 1745 2109 Nive.

1042 2126 1147 2166 Schef.
1469 2147 1471 2149 -

1085 2180 1127 2210 37
1152 2177 1264 2210 Niveis
1277 2178 1373 2211 etium
1387 2178 1512 2222 calceis]
1539 2177 1620 2211 Albi
1633 2178 1744 2212 calcei

1038 2228 1261 2262 delicatorum
1278 2234 1315 2262 et
1323 2230 1472 2263 mollium
1482 2233 1593 2263 erant.
1608 2230 1746 2273 Nempe

1040 2280 1098 2323 qui
1114 2280 1313 2312 mulieribus
1327 2280 1435 2322 magis
1450 2280 1636 2313 convenire
1650 2280 1746 2313 vide-

1039 2332 1177 2364 bantur.
1207 2331 1315 2364 Clem.
1342 2330 1510 2364 Alexand.
1536 2331 1677 2373 Pedag.
1702 2341 1744 2364 11.

1039 2393 1116 2425 cap.
1131 2386 1164 2416 2.
1201 2382 1318 2423 Γυναιξὶ
1332 2381 1389 2423 μὲν
1413 2381 1467 2414 οὖν
1491 2381 1531 2414 τὸ
1543 2381 1656 2416 λευκὸν
1671 2382 1745 2415 ὑπό-

1039 2436 1121 2475 δημα
1143 2432 1375 2476 συγχωρητέον.
1396 2432 1480 2472 πλὴν
1494 2432 1522 2465 εἰ
1542 2433 1587 2474 μὴ
1600 2432 1743 2468 msam.

1039 2487 1114 2520 τότε
1129 2487 1163 2520 δὲ
1186 2487 1368 2533 reficimur-r&
1389 2485 1557 2529 χρηστέον.
1578 2485 1744 2527 ἦλωμόνων

1040 2538 1074 2572 δὲ
1088 2538 1208 2572 δέονται
1229 2541 1291 2571 τῶν
1310 2536 1513 2579 καττυμάτων
1527 2537 1560 2569 αἴ
1572 2535 1742 2570 mma«.

1039 2589 1124 2629 πλὴν
1158 2589 1199 2622 τὰ
1233 2589 1340 2621 πολλὰ
1376 2587 1550 2628 ὑποδήμασι
1584 2587 1744 2630 morior

1041 2640 1159 2673 αὐταῖς.
1183 2640 1219 2671 οὐ
1242 2639 1304 2681 γὰρ
1328 2637 1452 2682 ἁρμόζει
1474 2636 1591 2679 ’γυμνὸν
1612 2637 1742 2671 ἐπιδείκ-

1039 2695 1144 2724 νυσθαι
1157 2691 1213 2724 τὸν
1226 2690 1316 2732 πόδα,
1328 2690 1434 2723 ἄλλως
1444 2701 1482 2722 τε
1495 2688 1547 2721 καὶ
1562 2688 1744 2729 εὐαίσθητον

1040 2743 1083 2786 εἷς
1107 2741 1234 2789 βλάβην
1260 2741 1280 2780 ἡ
1301 2739 1391 2781 γυνή.
1423 2739 1506 2782 ἀνδρὶ
1535 2739 1569 2773 δὲ
1597 2739 1633 2773 εὖ
1654 2740 1742 2782 μᾶλα

1040 2792 1181 2836 ἁρμόδιον
1203 2790 1404 2831 ἆνυποδησία.
1427 2791 1512 2830 πλὴν
1537 2790 1564 2824 εἴ
1584 2791 1634 2832 μὴΔ
1649 2802 1743 2834 στρα-

1038 2844 1169 2878 τεύοιτο.
1197 2845 1294 2877 Bene
1310 2843 1414 2885 igitur
1430 2842 1632 2876 Aurelianus
1647 2843 1741 2886 apud
