1806 3236
253 212 341 256 582

255 317 487 353 conditionem
504 322 621 352 autem
637 320 847 363 appositam,
868 321 878 340 ‘
890 321 959 356 Sed

254 368 317 402 tali
331 369 433 401 modo
449 369 530 411 Ne,’
543 372 609 403 &c.
635 381 712 404 cum
732 381 800 405 non
816 372 960 414 videret,

184 433 188 437 ·
255 429 322 462 quo
344 423 449 463 pacto
474 421 648 463 explicare
672 426 800 464 posset,
821 425 960 464 neglecto

247 470 336 511 jure,
352 471 454 512 priori
465 471 554 513 parti
566 473 764 506 testamenti
779 473 961 508 satisfecit.

255 521 371 554 faber.
414 521 597 555 Sciendum
613 524 716 564 enim,
731 534 861 567 eorum,
883 535 960 567 quae

255 571 359 604 dubia
374 576 466 615 sunt,
480 573 637 615 quaedam
647 575 733 607 solvi
749 585 868 617 posse:
884 576 960 610 haec

256 624 393 666 valent;
421 624 579 667 quaedam
607 635 682 659 esse
709 626 782 668 ejus
811 629 960 669 generis,

255 678 295 707 ut
324 675 418 708 nulla
443 675 575 708 ratione
612 676 782 718 explicari
809 682 962 720 queanta

254 725 330 760 haec
343 725 474 759 habent
483 735 526 758 ur
540 736 604 768 pro
620 735 688 759 non
701 728 849 771 scriptis.
862 729 903 762 L.
919 738 963 763 11.

254 777 313 810 De
326 776 378 810 his
403 786 480 820 quas
510 787 572 819 pro
598 787 666 810 non
691 779 814 821 script.
839 767 878 813 Ϊι.
893 789 960 823 quo

258 827 382 860 tutela.
409 836 554 861 xxxvn.
579 829 609 872 ς.
635 831 667 862 3.
692 829 737 863 de
763 830 804 863 R.
824 829 861 873 J.
877 831 918 863 1..
931 830 962 863 si

259 877 345 921 quis.
360 880 414 910 2⁷.
452 878 505 913 De
521 879 596 912 reb.
621 879 706 913 dub.
727 880 816 914 Haec
842 881 962 924 Cujac.

258 927 369 964 Praef.
401 929 445 962 ad
474 929 510 962 d.
539 931 586 963 D.
615 930 670 964 tit.
703 930 748 964 de
777 930 851 964 reb.
877 931 960 965 dub.

258 979 389 1013 Prosch.
414 980 600 1023 Eleganter
613 985 650 1014 et
665 982 804 1024 proprie
819 987 962 1025 usurpat

258 1030 342 1064 illud
368 1031 535 1065 advocare.
590 1033 793 1065 Advocantur
815 1033 919 1075 enim,
940 1042 962 1066 a

257 1081 378 1124 quibus
409 1083 467 1125 jus
504 1083 710 1125 exquiritur.
754 1082 881 1116 Ascon.
918 1083 961 1117 de

258 1132 374 1165 Divin.
406 1131 628 1165 ‘Advocatus
656 1133 797 1175 dicitur,
822 1134 883 1176 qui
902 1134 961 1177 jus

258 1183 435 1226 suggerit!
480 1184 654 1217 Caeterum
668 1185 758 1228 quia,
772 1185 831 1228 qui
841 1195 961 1228 sugge-

259 1244 335 1267 rere
346 1235 404 1277 jus
420 1235 626 1273 debuerant,
651 1244 718 1267 non
744 1239 905 1277 poterant
925 1236 962 1268 id

257 1285 444 1326 explicare,
454 1285 534 1318 ideo
548 1285 710 1329 hicfidem
723 1286 881 1319 advocat.
905 1286 962 1319 In-

260 1335 388 1376 telligit
411 1339 525 1368 autem
546 1334 650 1368 fidem
673 1336 811 1379 bonam,
834 1348 876 1370 ex
895 1347 963 1380 qua

259 1390 466 1419 testamento
482 1387 602 1419 studet
626 1387 840 1430 satisfacere,
854 1398 962 1431 quau-

260 1436 304 1469 do
321 1446 364 1468 ex
373 1438 452 1479 Jure
463 1447 530 1469 non
545 1442 672 1480 potest.
693 1438 799 1479 Solus.

307 1487 414 1520 Fidem
428 1489 590 1521 advocavit
596 1489 672 1530 jure
681 1491 819 1531 neglecto
832 1490 963 1532 parens]

259 1537 307 1570 H.
320 1547 350 1570 e.
374 1539 505 1580 Mater,
521 1549 597 1572 cum
612 1550 632 1572 a
645 1540 668 1573 J
672 1541 746 1574 Ctis
761 1550 828 1574 non
845 1546 963 1583 posset

260 1589 335 1622 haec
350 1599 405 1622 res
431 1590 586 1632 expediri
609 1591 643 1623 in
664 1595 740 1635 ‚tam
765 1591 910 1624 mirabili
927 1597 964 1625 et

260 1642 491 1676 inextricabili
518 1647 736 1687 testamento,
760 1639 839 1686 ipsa
859 1643 962 1677 fidem

260 1692 430 1734 implevit,
458 1694 551 1725 nullo
587 1694 670 1726 licet
697 1694 778 1736 jure
805 1699 963 1737 cogente.

257 1743 348 1775 Vide
360 1743 476 1776 Iustit.
491 1744 535 1776 de
551 1744 854 1777 Fideicommissar.
866 1746 963 1778 here-

260 1793 324 1826 dit.
346 1798 382 1825 et
405 1794 449 1826 de
475 1794 674 1827 Codicillis:
700 1795 784 1827 item
812 1796 962 1828 Plinium

260 1843 371 1885 Epist.
384 1844 443 1876 lib.
460 1853 496 1877 v.
520 1845 606 1878 Ritt.

302 1895 383 1926 Jure
397 1895 551 1937 neglecto]
573 1895 671 1928 Fecit
695 1895 828 1936 mulier,
854 1896 964 1939 iuquit

261 1945 383 1986 Faber,
409 1946 499 1988 quod
524 1947 673 1988 priorem
699 1951 832 1988 partem
858 1951 965 1980 testa-

260 1997 368 2030 menti
396 1998 544 2030 attinet:
583 1997 814 2030 conditionem
851 2002 965 2030 autem

262 2047 467 2090 appositam,
478 2058 555 2081 cum
567 2059 634 2081 non
645 2049 792 2090 videret,
805 2059 872 2091 quo
885 2059 966 2091 pac-

264 2104 298 2131 to
315 2091 491 2141 explicare
507 2104 637 2141 posset,
654 2101 791 2141 neglecto
797 2100 882 2142 jure,
897 2100 964 2142 pri-

261 2149 314 2182 ori
351 2150 444 2191 parti
480 2149 660 2183 satisfecit.
714 2151 801 2184 Vult
836 2150 965 2193 itaque,

260 2206 427 2245 quantum
449 2200 564 2243 video,
589 2201 781 2243 intelligere
797 2201 840 2234 de
855 2211 896 2234 eo
907 2201 964 2243 ju-

262 2261 312 2291 re,
329 2261 371 2283 ex
387 2262 456 2294 quo
472 2252 550 2284 talis
566 2252 718 2285 conditio
744 2252 843 2284 simul
859 2251 964 2283 debu-

260 2301 343 2334 isset
358 2302 542 2335 observari.
588 2302 636 2334 At
652 2311 731 2334 vero
742 2302 800 2344 jus
822 2306 876 2334 est
891 2301 964 2334 nul-

263 2353 346 2394 lum,
361 2352 453 2394 quod
477 2352 644 2394 ejusmodi
659 2352 892 2385 conditionem
907 2352 965 2384 ob-

262 2413 401 2435 servare
424 2404 538 2445 jubet,
572 2402 653 2445 quin
686 2403 765 2444 imo,
793 2413 869 2444 quae
897 2412 966 2435 non

262 2459 406 2496 possunt
420 2455 555 2487 ratione
571 2454 641 2486 ulla
652 2453 833 2496 explicari,
847 2463 889 2485 ea
903 2462 966 2495 pro

263 2515 331 2538 non
361 2506 501 2547 scriptis
530 2505 663 2547 haberi,
679 2504 871 2547 jurisperiti
898 2508 966 2536 tra-

263 2556 361 2588 dunt.
406 2556 532 2598 Itaque
560 2565 638 2588 cum
665 2555 714 2587 sic
744 2555 874 2596 negligi
893 2554 966 2596 jus,

264 2606 354 2647 quod
378 2605 445 2638 fuit
468 2606 610 2647 nullum,
633 2614 699 2638 uon
726 2605 892 2646 potuerit,
913 2614 966 2636 ne-

262 2657 398 2696 glectum
412 2656 469 2696 ,ius
484 2656 527 2688 de
542 2655 706 2688 consultis
730 2656 942 2697 interpretor
955 2666 964 2694 ;

266 2707 362 2749 quasi
392 2707 520 2739 Noster
549 2706 694 2747 diceret,
723 2715 790 2738 non
821 2706 966 2746 amplius

261 2766 398 2791 curasse
426 2757 531 2798 ipsos,
555 2766 619 2789 nec
646 2760 866 2798 exspectasse
883 2755 955 2788 diu-

268 2808 348 2847 tius,
374 2807 401 2839 si
417 2806 509 2840 forte
530 2807 722 2842 invenirent
736 2806 876 2849 aliquid,
891 2806 965 2845 sed,

267 2857 358 2900 quod
375 2862 503 2900 posset,
518 2858 552 2890 id
570 2858 636 2891 fide
650 2858 739 2892 bona
753 2857 884 2891 fecisse.
916 2858 965 2890 Ut

711 226 854 259 NOTAE
887 226 1150 261 VARIORUM
1183 230 1235 261 ΙΝ

1010 321 1131 365 simus,
1144 325 1354 359 contrarium
1370 325 1601 368 praecedentis
1614 325 1709 371 fidei,

1009 372 1066 406 hic
1081 373 1231 415 positum
1247 376 1338 410 sicut
1357 377 1415 411 lib.
1430 387 1490 413 m.
1505 388 1536 412 e.
1547 381 1580 412 1.
1601 379 1613 399 ⁴
1627 378 1709 413 Seri

1010 422 1125 465 vitus‚’
1151 429 1189 458 et
1219 426 1287 458 alia
1315 427 1436 461 similia
1465 429 1587 471 passim
1615 429 1709 472 apud

1011 473 1188 507 Nostrum.
1233 477 1308 509 Nisi
1322 478 1418 511 malis
1433 488 1496 522 per
1509 479 1567 519 jus
1580 479 1709 513 intan-

1011 533 1104 566 gere‚
1118 525 1280 569 quicquid
1304 529 1427 562 stricte
1450 539 1494 564 ex
1510 530 1710 565 testamenti

1010 573 1156 609 formula
1168 577 1291 620 cuique
1305 578 1499 614 deberetur.
1530 580 1710 616 Quomodo

1010 625 1186 668 Interpres
1201 628 1342 662 Gallus:
1365 630 1414 663 Lu
1427 641 1520 671 more,
1532 631 1663 667 mnne
1675 642 1712 666 cs

1010 678 1063 720 φη·
1076 677 1156 712 §tait
1179 680 1222 712 du
1234 680 1318 712 droit
1336 684 1367 713 et
1380 682 1419 715 de
1438 681 1656 718 furdomum
1666 684 1710 716 du

1010 733 1104 770 mort,
1117 739 1151 763 se
1160 733 1304 764 contenta
1316 730 1469 772 ‹l'agiren
1478 733 1545 767 colo
1556 733 1597 768 de
1608 732 1708 770 bonne

1000 778 1066 818 soi.
1085 779 1200 814 Schef.
1545 775 1547 778 ⁴
1624 805 1625 808 η

1051 830 1132 862 Jure
1144 830 1300 873 neglecto]
1319 832 1388 865 Ms.
1400 833 1545 868 nechao.
1588 833 1709 877 Fun,

1001 879 1077 920 jure
1090 891 1145 914 nec
1157 881 1246 914 lecto.
1289 882 1386 915 Alias
1397 882 1638 926 interpretare,
1646 873 1712 919 b·

1010 940 1055 964 na
1076 930 1157 973 fide,
1179 941 1244 965 nec
1269 933 1452 968 observato
1476 934 1601 969 stricto
1617 934 1712 978 jure.

1054 1035 1096 1066 21
1118 1032 1264 1076 Seponit]
1281 1034 1468 1077 Rigaltium
1480 1035 1515 1070 in
1525 1035 1713 1072 Pliade-uu

1011 1093 1080 1116 non
1104 1084 1223 1117 videre
1247 1086 1416 1128 contigitz
1438 1086 1499 1120 sed
1523 1086 1606 1123 alibi
1629 1087 1715 1130 legi,

1012 1143 1126 1167 versus
1142 1135 1202 1168 bos
1216 1135 1394 1178 disjectos,
1419 1141 1459 1170 ut
1474 1141 1591 1180 putat,
1602 1137 1654 1172 sio
1669 1139 1713 1173 ab

1011 1186 1134 1228 ipsein
1150 1187 1303 1220 ordinem
1325 1188 1475 1230 conjici:
1497 1188 1628 1231 Seponit
1641 1199 1714 1223 2·oe-

1010 1237 1077 1268 choe
1089 1240 1216 1279 vestem,
1238 1240 1386 1271 mundum
1409 1238 1600 1281 maistre-⁸,
1613 1239 1716 1273 lava·

1010 1287 1123 1320 tionem
1131 1293 1324 1330 argenteum,
1337 1291 1488 1323 eum-lm
1495 1290 1636 1332 glabros,
1644 1291 1714 1324 Do-

1010 1348 1094 1370 mum
1111 1339 1255 1381 politam,
1275 1340 1424 1374 delicatos
1436 1341 1597 1380 Ιιοιτυῑοις
1615 1341 1714 1375 Iani-

1002 1388 1080 1432 ficoe
1097 1391 1213 1431 agellos
1224 1402 1235 1423 ε
1258 1392 1306 1424 Et
1319 1392 1369 1426 sie
1385 1391 1559 1434 deinceps.
1601 1391 1714 1426 Quum

1014 1440 1199 1474 lectionem
1227 1442 1352 1483 probat
1375 1442 1576 1477 Demsterus
1591 1442 1634 1477 ad
1649 1442 1717 1477 Ro-

1011 1491 1074 1524 εἰη.
1093 1501 1118 1525 1.
1135 1495 1166 1524 2.
1191 1492 1370 1534 Improbat
1391 1492 1564 1526 Meursius
1588 1491 1633 1525 ud
1646 1492 1680 1526 b.
1694 1492 1716 1526 l.

1013 1543 1069 1575 cui
1083 1552 1145 1575 nos
1170 1542 1425 1577 subscribimus.
1469 1543 1560 1576 Nam
1578 1545 1616 1575 ot
1636 1551 1716 1579 mox

1013 1593 1188 1636 sequitur:
1211 1594 1222 1612 ‘
1235 1594 1368 1626 Tradet
1388 1593 1532 1627 luxuria
1546 1593 1716 1627 domumz’

1014 1644 1104 1685 quod
1117 1643 1160 1676 de
1176 1644 1308 1686 petrice
1320 1644 1448 1677 dictum
1460 1653 1534 1678 esse
1548 1643 1717 1677 Phaedrus
1737 1664 1741 1669 ſs

1013 1693 1172 1732 dubitare
1188 1704 1250 1727 nos
1265 1704 1333 1727 non
1358 1694 1451 1735 sinit,
1475 1694 1557 1728 dum
1576 1694 1626 1729 sic
1639 1703 1717 1727 cam

1013 1745 1152 1787 insuper
1166 1744 1357 1788 περιφράζει,
1378 1746 1388 1764 ⁴
1402 1746 1518 1782 Vitam
1541 1754 1619 1788 qna
1633 1744 1718 1792 luxu

1016 1796 1142 1829 trahit.’
1186 1798 1241 1830 Ne
1257 1797 1300 1829 de
1314 1796 1419 1828 nimia
1434 1796 1468 1828 iu
1489 1794 1719 1829 herciscuudo

1013 1846 1264 1888 inaequalitate,
1286 1846 1397 1888 deque
1419 1844 1667 1878 cousuetudine
1681 1848 1718 1878 et

1014 1898 1257 1930 commoditate
1281 1895 1489 1929 convivandi
1512 1895 1549 1929 in
1571 1894 1715 1928 hortulis

1014 1957 1054 1980 ac
1069 1948 1170 1980 domo
1186 1947 1308 1980 dicam.
1332 1947 1466 1980 Prusck.

1063 1999 1199 2039 Vestem,
1220 1999 1367 2030 mundum
1389 1996 1584 2038 muliebrem]
1604 1995 1615 2015 ‘
1630 1996 1715 2031 Ves-

1017 2049 1062 2082 tis
1086 2049 1282 2091 muliebris‚’
1316 2048 1484 2081 ‘mundus
1513 2046 1720 2089 muliebris}

1014 2101 1239 2132 ‘ornamenta
1270 2098 1469 2131 muliebria’
1497 2097 1718 2141 distinguun-

1016 2155 1092 2185 tur:
1115 2151 1139 2183 1.
1153 2157 1242 2183 xxv.
1264 2150 1312 2182 D.
1328 2149 1373 2184 de
1394 2158 1490 2190 auro,
1514 2158 1587 2191 urg.
1599 2147 1715 2182 mund.

1014 2204 1078 2235 διο.
1103 2202 1183 2242 Rig.

1060 2252 1193 2294 Seponit
1221 2252 1358 2292 maenae,
1385 2251 1456 2293 &cd
1498 2250 1570 2284 Hic
1599 2259 1718 2283 versus

1015 2303 1229 2336 Hexameter
1251 2302 1424 2334 Iambicus
1447 2306 1513 2335 est.
1534 2301 1577 2335 V.
1597 2300 1717 2333 Barth.

1015 2353 1106 2385 Adv.
1125 2361 1201 2384 xvr.
1219 2355 1270 2385 14.

1060 2406 1101 2436 22
1125 2403 1328 2436 Lavationem
1348 2402 1545 2444 argenteum]
1575 2401 1633 2435 Ad
1647 2401 1722 2434 lux·

1018 2463 1072 2486 um
1088 2452 1144 2485 hic
1161 2452 1310 2485 refertur
1325 2453 1507 2485 lavationis
1519 2453 1720 2484 instrumen-

1017 2508 1108 2539 tum.
1155 2503 1324 2536 Videatur
1354 2503 1499 2544 Gyrald.
1529 2502 1573 2535 ad
1598 2502 1717 2545 Symb.

1017 2554 1122 2596 Pyth.
1143 2553 1152 2571 ‘
1167 2554 1340 2585 Dextrum
1366 2552 1490 2594 pedem
1506 2552 1600 2593 prius
1622 2552 1718 2585 indu-

1016 2604 1156 2644 endum,
1183 2603 1360 2643 sinistrum
1383 2612 1465 2635 vero
1493 2603 1587 2644 prius
1602 2603 1719 2637 lavan-

1016 2655 1096 2687 dum
1113 2653 1135 2686 :⁹
1173 2654 1270 2686 Petr.
1299 2652 1450 2694 Angelus
1479 2653 1647 2694 Bargaeus
1675 2654 1718 2689 de

1019 2704 1125 2739 AEdif.
1142 2704 1246 2737 Urbis
1258 2705 1375 2737 Romae
1385 2703 1650 2747 eversoribus-p.
1664 2707 1719 2741 88.

1016 2766 1083 2798 seq.
1128 2755 1170 2788 In
1187 2760 1257 2789 vet.
1280 2755 1381 2787 Notis
1408 2756 1662 2798 conjunguntur
1677 2757 1720 2790 Β.

1014 2807 1059 2839 V.
1069 2806 1112 2838 V.
1135 2801 1278 2847 Balnea,
1301 2806 1400 2843 Vina,
1412 2806 1542 2840 Venus.
1576 2807 1711 2840 Praecla.

1014 2859 1084 2891 Vas
1114 2857 1232 2899 ingens
1260 2855 1383 2889 lotioni
1417 2856 1641 2898 destinatum,
1667 2855 1718 2890 uti
