1806 3236
225 238 312 283 538

220 343 307 386 capi]
339 343 441 386 Nam,
468 348 507 376 ut
534 343 645 377 Poeta
670 344 732 386 ait,
754 345 764 363 ‘
779 344 933 378 Nitimur

219 395 255 426 in
270 394 417 427 vetitum
432 404 579 436 semper,
589 395 815 439 cupimusque
828 406 932 439 nega·

219 445 278 478 ta!
335 445 417 478 Huc
445 445 598 487 pertinet
625 445 729 478 Pauli
758 446 933 479 sententia

222 496 281 529 lib.
296 505 348 528 xv.
365 496 421 529 tit.
437 500 469 529 5.
493 496 503 513 ‘
517 495 656 528 Meritis
671 496 811 539 liberos,
828 507 931 539 qnam

221 546 452 589 pactionibus,
464 546 635 589 adstringi
650 547 804 589 placuit?
831 549 930 582 Idem

221 608 266 630 ex
282 608 446 641 responso
461 598 608 641 quodam
621 598 806 641 Papiniani
820 598 931 633 refert

218 649 434 683 Justinianus
456 650 491 682 in
505 650 574 692 leg.
590 658 705 683 xxxv.
725 650 763 682 Si
778 650 929 693 quando.

222 700 262 734 C.
285 701 342 733 De
357 699 453 733 inoff.
468 704 606 733 testam.
649 700 809 733 ‘Meritis
823 702 930 744 magis

222 749 311 783 filios
327 750 371 783 ad
387 754 534 792 paterna
556 750 723 794 obsequia
745 761 931 793 provocan-

221 801 296 843 dos,
304 811 406 845 quam
418 802 636 845 pactionibus
645 802 932 845 adstringendos?

223 852 307 885 Ritt-

686 249 831 282 No'l'AE
863 250 1130 301 VARIOssUM
1164 251 1216 283 IN

1029 345 1177 388 Meritis]
1200 345 1412 389 Simpliciter
1428 356 1507 390 pro,
1521 346 1684 382 benene-

985 398 1072 439 ritis‚
1095 398 1121 433 i.
1146 407 1181 432 e.
1214 397 1407 432 beneficiis.
1476 400 1621 434 Sueten.
1653 401 1690 435 in

985 448 1071 481 Caio
1084 458 1117 482 c.
1131 451 1188 481 26.
1214 448 1403 482 ‘Omnibus
1419 459 1483 492 pro
1497 450 1690 486 necessita.-

984 499 1076 531 dinis
1086 499 1181 541 jure,
1195 509 1328 542 proque
1342 501 1543 534 meritorum
1566 503 1691 545 gratia,

984 555 1129 584 cruenta
1156 561 1247 584 mors
1281 552 1475 594 persoluta·
1493 552 1574 586 est!
1631 553 1691 587 Ita

954 642 961 644 ὴ
984 600 1114 633 Paulus
1126 601 1236 635 Jctus
1247 612 1261 634 t
1272 603 1282 620 ‘
1294 602 1432 635 Meritis
1441 602 1580 646 liberos,
1588 613 1690 647 qoem

984 651 1213 693 pactionibus,
1228 652 1400 695 adstringi
1416 653 1569 695 planum
1597 654 1689 689 vide

985 711 1088 744 supra
1102 702 1165 735 lib.
1181 713 1206 736 1.
1220 713 1252 736 c.
1266 706 1299 736 9.
1321 702 1431 743 δεὴςί.

1029 754 1127 796 Capi]
1149 755 1253 787 Trahi
1274 754 1310 793 'm
1325 754 1534 797 obsequiumv
1545 760 1583 790 et
1597 765 1689 790 anro-

985 813 1071 845 rem,
1085 805 1176 847 eleg.
1201 805 1245 838 de
1268 803 1422 838 efficacia
1435 805 1688 840 beneficiorum.

983 854 1091 894 Schts.

735 1086 995 1132 FABULA
1038 1087 1182 1133 XVI.

265 1220 282 1249 1
307 1217 543 1262 Accommodat]
575 1222 816 1255 Accommodare
826 1231 859 1255 se
871 1223 928 1255 hu-

219 1269 367 1301 manitati
390 1270 533 1313 dictum,
547 1275 587 1304 nt
602 1272 694 1314 apud
711 1273 930 1315 Ciceronem,

218 1319 229 1336 ‘
246 1318 524 1354 Accommodare
561 1323 752 1356 orationem
789 1324 928 1357 auribus

218 1370 476 1410 multitudinis‚’
502 1381 579 1414 pro,
605 1382 650 1406 ex
673 1373 853 1406 voluntate
867 1374 928 1407 hu-

218 1420 391 1453 manitatis
406 1421 512 1455 vitam
528 1432 710 1467 moresque
733 1433 811 1456 suos
829 1434 929 1467 rege-

220 1481 271 1505 re.
317 1472 517 1506 Humanitas
526 1478 581 1506 est
594 1483 637 1506 ea
645 1474 850 1516 amabilitas,
862 1485 929 1517 qua

219 1522 412 1564 studemus,
425 1524 467 1556 ad
479 1524 681 1558 societatem
692 1528 845 1557 mutuam
859 1535 930 1558 ser-

220 1572 380 1614 vandam,
395 1573 485 1606 alter
499 1575 601 1608 alteri
616 1575 769 1617 placere.
793 1575 901 1615 Sches.

262 1625 284 1655 2
307 1623 422 1656 Poenos
447 1625 585 1668 oppetit]
622 1625 686 1667 Ut,
717 1627 728 1645 ‘
743 1626 929 1669 Oppetere

219 1674 392 1707 mortem.’
434 1675 505 1708 Sed
517 1676 602 1709 illud
614 1686 682 1709 non
695 1677 837 1710 memini
848 1677 930 1710 alibi

218 1724 349 1765 legere.
372 1724 459 1759 Ritt.

266 1774 418 1816 Oppetit]
451 1775 564 1809 Subit.
617 1777 800 1810 Quomodo
833 1778 931 1820 ‘Op-

221 1829 347 1867 petere
360 1827 522 1859 mortem’
535 1826 696 1868 dicimus,
710 1832 750 1860 ut
763 1829 837 1861 vult
853 1829 928 1861 Rit-

220 1873 423 1909 tersllusius.
467 1877 514 1910 Et
541 1886 624 1909 sane
647 1877 697 1910 sie
719 1878 730 1895 ‘
747 1877 927 1920 Oppetere

222 1925 375 1968 pestem’
413 1926 503 1960 dixit
539 1927 664 1960 Cicero
699 1927 736 1959 in
764 1928 869 1961 Tusc.
900 1937 926 1960 1.

220 1976 329 2016 Schef.
384 1977 440 2010 Sic
463 1978 596 2019 praemiu
616 1981 770 2020 oppetere,
799 1979 927 2011 Catuli.

222 2027 377 2069 Epithai.
403 2028 482 2061 Pel.
499 2038 548 2060 vs.
565 2031 640 2061 102.
673 2027 767 2061 ‘Aut
782 2033 929 2062 mortem

220 2082 405 2120 oppeteret
427 2078 593 2119 Theseus,
620 2083 680 2111 aut
701 2079 841 2121 praemia
856 2080 930 2112 lau-

220 2128 300 2160 dis.'
318 2128 435 2161 Heius.
469 2129 682 2171 Simpliciter
692 2132 835 2171 oppetere
844 2130 932 2163 dixit

220 2180 300 2213 Val.
326 2180 424 2214 Flac.
450 2188 503 2213 lv.
526 2183 604 2212 643.
625 2181 636 2199 ‘
650 2181 746 2214 Quot
771 2190 932 2223 proceres

219 2234 388 2273 natosque
412 2231 541 2272 Deum,
557 2234 641 2273 quot
663 2230 789 2264 robora
816 2232 929 2264 cernis

225 2280 408 2323 Oppetere
422 2281 446 2312 ?’
470 2281 586 2314 Bur-m.

267 2330 446 2372 Superbiae]
468 2331 615 2364 Ursinus
640 2330 750 2364 edidit
775 2331 930 2373 superbia.

224 2381 369 2413 Causam
385 2390 451 2423 ego
463 2391 532 2414 non
547 2381 712 2423 intelligo.
738 2381 844 2422 Schef.

265 2434 286 2463 3
312 2431 433 2464 Cicada
446 2431 590 2464 acerbum
604 2435 724 2464 noctua»
745 2433 931 2475 convicium]

225 2481 376 2514 Omnino
392 2482 427 2514 in
449 2482 538 2515 hanc
555 2492 627 2514 rem
642 2481 778 2515 Libanii
792 2483 930 2525 Sophis-

223 2536 270 2563 tae
292 2532 513 2566 Declamatio
537 2532 620 2565 κατὰ
641 2532 786 2573 γυναικὸς
805 2532 929 2576 nantas,

223 2583 371 2615 maxime
387 2592 466 2625 pag.
483 2586 536 2617 19.
550 2588 588 2616 et
600 2584 663 2616 ult.
686 2583 764 2624 Εἰς.

273 2635 457 2667 Convicium
464 2635 622 2676 faciebat]
646 2634 790 2677 Antiqui
805 2635 868 2667 hoc
879 2646 929 2667 oc-

222 2688 349 2717 tentare
380 2685 555 2718 dicebant.
609 2685 751 2718 Festus:
786 2687 796 2704 ‘
812 2686 929 2717 Occen-

223 2736 337 2768 tassint
357 2736 489 2778 antiqui
516 2735 691 2776 dicebant,
718 2734 810 2777 quod
837 2745 928 2768 nunc

224 2786 396 2819 convicium
422 2786 561 2826 fecerint
590 2786 745 2828 dicimus,
774 2786 866 2828 quod
892 2786 926 2819 id

982 1223 1076 1255 clare
1102 1226 1140 1255 et
1163 1231 1241 1255 cum
1266 1222 1412 1266 quodam
1434 1232 1560 1257 canore
1583 1223 1637 1265 fit,
1650 1226 1691 1256 nt

982 1274 1105 1315 procul
1130 1273 1285 1306 exaudiri
1301 1273 1429 1316 possit!
1473 1273 1629 1307 Lucanus
1654 1274 1691 1306 in

982 1323 1154 1366 Panegyr.
1177 1325 1212 1357 in
1228 1323 1288 1357 fin.
1309 1326 1320 1346 ‘
1334 1324 1393 1358 Sic
1408 1329 1446 1358 et
1461 1324 1620 1358 Aedonia
1634 1334 1690 1358 su-

982 1380 1150 1416 perantur
1171 1384 1257 1409 voce
1278 1375 1409 1408 cicadae
1433 1374 1589 1408 Stridula
1611 1384 1691 1408 cnm

983 1426 1103 1468 rapido
1117 1425 1252 1459 faciunt
1266 1426 1424 1459 convicia
1438 1425 1534 1459 Soli!
1559 1425 1647 1459 Gud-

1026 1480 1047 1510 4
1070 1477 1238 1520 Faciebat]
1259 1477 1370 1510 Plane
1386 1477 1430 1511 ad
1446 1478 1536 1510 hunc
1552 1477 1690 1510 modum

971 1531 1022 1560 -et
1035 1528 1183 1561 Ovidius
1196 1528 1241 1561 de
1255 1528 1385 1561 cicadis
1399 1528 1434 1561 ln
1449 1528 1516 1570 Ep.
1531 1528 1576 1561 ad
1592 1527 1691 1561 Piso·

983 1587 1085 1611 nem:
1110 1577 1285 1611 ‘Stridula
1310 1587 1389 1610 cum
1412 1577 1535 1620 rapido
1556 1575 1692 1610 faciunt

984 1629 1140 1662 convicia
1170 1627 1265 1662 Soli?
1321 1628 1504 1661 Terentius
1539 1626 1691 1670 Adelph.

982 1684 1050 1712 act.
1066 1688 1107 1712 ιι.
1121 1689 1172 1712 se.
1188 1682 1219 1713 1.
1241 1679 1252 1697 ‘
1264 1678 1358 1712 Ante
1373 1678 1468 1711 πᾶα
1482 1687 1552 1711 non
1567 1677 1691 1711 fecisse

981 1730 1050 1762 erit
1069 1730 1190 1762 melius
1212 1729 1269 1762 hic
1284 1729 1479 1762 convicium
1491 1729 1514 1762 :'
1534 1728 1596 1762 ubi
1611 1728 1691 1762 vide

982 1779 1161 1813 Guietum.
1184 1780 1243 1812 De
1258 1779 1395 1812 convicto
1409 1778 1482 1811 dixi
1497 1778 1591 1812 alibi.
1614 1779 1692 1812 Cae-

981 1833 1094 1862 terum
1132 1839 1199 1862 non
1237 1830 1415 1862 cohaerent
1444 1829 1516 1870 hic,
1541 1829 1692 1867 Faciebat

980 1882 1104 1911 noctua
1118 1879 1303 1920 convicium,
1317 1879 1379 1911 sed
1393 1877 1546 1912 Faciebat
1559 1879 1691 1912 convici-

980 1939 1044 1970 um,
1055 1929 1200 1962 acerbam
1207 1932 1340 1971 noctua,
1353 1929 1376 1963 i.
1385 1937 1416 1962 e.
1427 1928 1516 1972 quod
1529 1929 1691 1962 acerbum

982 1978 1049 2013 fuit
1065 1984 1214 2013 noctnae.
1257 1979 1412 2013 Acerbum
1433 1983 1488 2012 est
1499 1980 1691 2022 molestum,

982 2030 1169 2072 ingratum.
1214 2030 1288 2064 Cic.
1311 2030 1377 2063 Or.
1400 2040 1465 2074 pro
1481 2031 1585 2065 Quin.
1605 2033 1616 2050 ⁶
1629 2030 1691 2064 Ni-

982 2081 1032 2114 hil
1049 2082 1140 2123 duri,
1155 2082 1243 2114 nihil
1259 2082 1377 2115 acerbi
1391 2076 1472 2115 mihi
1494 2083 1575 2124 erit,
1597 2082 1691 2125 quod

985 2132 1158 2174 rempubl.
1191 2132 1387 2166 tutabitur?
1429 2132 1535 2173 Schef.
1599 2132 1692 2166 vide

988 2182 1031 2215 ad
1048 2183 1168 2216 Ovidii
1182 2183 1282 2216 Rem.
1296 2182 1377 2216 Am.
1393 2186 1470 2217 60¹7.

1027 2237 1048 2266 5
1085 2233 1229 2275 Cavoque
1253 2233 1357 2276 mmo]
1400 2234 1548 2276 Repete,
1570 2233 1618 2276 in,
1646 2243 1691 2266 ex

984 2285 1285 2327 praecedentibus;
1325 2295 1427 2327 porro
1461 2286 1581 2319 mallet
1607 2287 1691 2319 mni

986 2335 1079 2369 Nob.
1104 2335 1281 2370 Heinsius.
1306 2334 1411 2376 selus.
1437 2343 1439 2346 ·
1463 2335 1520 2369 Αιι
1550 2337 1691 2378 Cavoque

983 2395 1071 2418 muro
1082 2384 1100 2419 :1
1119 2385 1159 2418 τὸ
1176 2387 1261 2419 Cava
1280 2396 1367 2420 ramo
1381 2396 1451 2420 non
1465 2388 1592 2430 placet.
1635 2387 1690 2419 Ex

984 2447 1072 2470 muro
1088 2436 1214 2470 factum
1226 2448 1326 2480 rumo,
1339 2448 1383 2471 ex
1400 2447 1468 2481 quo
1482 2447 1581 2477 ramo.
1603 2437 1689 2470 Gui-

984 2492 1033 2521 et.
1085 2489 1194 2530 Lege,
1224 2489 1366 2531 Cavoque
1392 2488 1485 2521 rami.
1538 2488 1597 2520 Sic
1625 2486 1688 2521 inf.

983 2538 1118 2572 fab.64.
1142 2539 1152 2557 ‘
1163 2539 1211 2571 Et
1221 2543 1316 2572 artos
1328 2538 1457 2571 circum
1473 2537 1689 2579 trepidarent

983 2598 1085 2622 cavos
1093 2588 1115 2629 ;’
1137 2593 1173 2621 et
1195 2589 1259 2622 hac
1278 2588 1355 2631 ipsa
1365 2587 1492 2630 fabula,
1515 2588 1527 2607 ‘
1540 2588 1688 2630 Egressa

984 2648 1005 2670 e
1019 2639 1128 2670 cavo!
1151 2639 1268 2672 Heius.

1025 2690 1046 2719 7
1068 2687 1206 2721 Admota
1229 2688 1335 2731 prece]
1366 2689 1568 2730 Eleganter,
1590 2689 1688 2722 velut

982 2736 1026 2769 de
1041 2738 1208 2780 machina,
1223 2739 1266 2771 ad
1279 2738 1519 2781 eitponendum
1530 2738 1686 2772 ardorem

981 2792 1016 2821 et
1032 2785 1182 2821 studium
1199 2789 1382 2831 precantis.
1428 2789 1526 2822 Curt.
1543 2798 1577 2823 v.
1592 2798 1622 2822 c.
1633 2791 1686 2823 10.
