1806 3236
155 231 158 233 ·
185 218 274 264 282

446 229 607 262 APPEN
615 229 704 261 mx
741 227 1055 262 FABULARUM
1086 223 1403 264 AEsoPIARUM'.

187 326 393 369 Lustrare
410 326 567 381 coepit,
589 325 881 381 cognitosque
900 312 1115 369 dentibus*

186 394 361 437 Nervos
384 394 579 436 rodendo
597 395 722 436 laxat
737 393 910 448 ingenia
930 397 1118 436 artuum.

186 462 262 506 Sic
283 466 466 519 captum
484 474 582 505 mus
603 462 775 504 leonem
797 460 936 518 sylvis
953 461 1158 505 reddidit.

842 595 985 630 NOTAE

183 682 263 716 cisis
296 682 411 714 nervis
445 682 605 715 laxantur
642 686 759 724 artus3
791 682 887 726 (nam

181 735 192 752 ‘
208 737 302 766 artus
327 734 442 765 nervis
468 733 639 766 contineri
653 733 662 747 ’
685 734 807 767 Cicero
824 732 889 777 ait)

179 785 231 818 ita
246 785 280 817 in
296 784 436 827 laqueis,
452 794 470 816 e
492 794 597 817 nervo
612 783 723 817 ferino
745 789 888 817 contex-

181 835 236 879 tis,
250 840 344 868 artus
359 835 432 867 sive
447 834 542 875 nodi,
558 835 679 878 quibus
692 835 778 868 ferae
793 836 888 869 miri-

178 885 244 919 fico
260 886 406 929 quodam
427 885 574 919 artificio
595 886 887 929 constringuntur,

178 939 352 980 laxantur,
367 939 393 971 si
408 948 534 972 nervos
549 947 658 970 seces.
701 938 888 980 Eleganter

178 1000 316 1034 quoque
342 994 379 1022 et
405 994 549 1022 venuste
576 989 664 1022 dixit
689 990 819 1030 ingenia
833 1000 885 1022 ar-

138 1033 149 1039 *
177 1045 279 1084 tuum,
298 1051 362 1084 pro
378 1039 563 1074 artificioso
579 1045 616 1073 et
631 1041 809 1082 ingenioso
826 1051 884 1083 ap-

177 1097 301 1136 paratu
326 1092 492 1125 nodorum
519 1089 744 1130 currentium,
759 1092 884 1134 quibus

175 1145 293 1177 statim
308 1143 548 1186 implicabatur
563 1142 649 1185 fera,
666 1149 769 1186 atque
785 1145 818 1176 in
836 1145 883 1177 la-

177 1199 292 1228 tentes
326 1194 402 1226 iilos
428 1193 558 1235 gladios
583 1194 770 1227 incidebat.
826 1195 883 1228 Sic

176 1244 313 1278 Plinius
343 1245 378 1277 in
407 1244 520 1286 Epist.
555 1244 646 1277 dixit
682 1246 881 1288 ‘ingenium

175 1295 307 1338 coenoe,’
328 1305 408 1338 pro,
417 1294 604 1328 artificioso
620 1302 791 1339 apparatu
804 1307 882 1330 con-

175 1346 280 1388 vivii3
313 1350 350 1379 et
371 1346 571 1389 ‘ingenium
596 1347 683 1380 soli.¹
727 1349 773 1381 Et
798 1348 880 1381 Gel-

173 1398 260 1430 lius:
278 1397 288 1416 ‘
300 1397 444 1439 Ingenia
456 1398 558 1430 lactis
570 1402 607 1430 et
621 1398 879 1441 proprietates!

173 1448 391 1491 Ingeniosam
417 1448 505 1480 hanc
530 1448 762 1490 inventionem
789 1450 880 1492 ejus·

174 1498 266 1532 modi
281 1503 435 1541 capturae
458 1499 601 1531 Gratius
629 1500 701 1540 ipse
727 1501 784 1532 vix
798 1500 881 1533 satis

173 1549 312 1582 laudare
337 1558 438 1591 posse
464 1549 529 1581 sibi
554 1550 647 1582 visus
673 1555 747 1591 est;
795 1551 882 1584 dicit

173 1600 286 1633 enim:
317 1603 327 1619 ⁴
345 1600 377 1632 Ο
394 1599 480 1635 felix
496 1601 603 1632 tantis
618 1611 720 1642 quem
735 1602 881 1644 primum

170 1651 356 1684 industria
370 1651 473 1684 rebus
504 1651 666 1684 Prodidit
692 1658 881 1694 auctorem,

172 1702 271 1734 Deus
296 1702 367 1743 ille,
391 1711 435 1733 an
460 1701 617 1743 proxima
640 1702 752 1735 Divos
778 1703 879 1735 Mens

169 1751 240 1785 fuit
249 1751 271 1784 Ρ
291 1755 358 1785 &c.
405 1753 521 1793 Ipsam
538 1757 654 1785 autem
670 1757 780 1784 artem
797 1763 880 1794 pau-

171 1803 235 1845 cis,
249 1802 360 1845 iisque
382 1813 449 1835 non
476 1803 562 1835 satis
586 1802 789 1845 perspicuis,
803 1813 879 1835 ver-

171 1854 238 1897 bis,
273 1855 405 1888 indicat
442 1855 561 1896 magis,
607 1864 709 1897 quam
753 1855 875 1888 docet:

169 1906 179 1923 ‘
199 1907 291 1939 Nam
304 1905 371 1938 fuit
394 1911 430 1938 et
444 1906 576 1948 laqueis
590 1905 713 1948 aliquis
728 1907 877 1939 curraci-

170 1956 234 2000 bus
248 1967 348 1996 usus;
372 1957 521 1989 Cervino
528 1956 666 1998 jussere
680 1956 786 1997 magis
798 1966 877 1989 con-

169 2010 290 2041 texere
314 2017 439 2047 nerv03
471 2009 578 2040 Fraus
603 2011 701 2049 teget
724 2007 877 2049 insidias,

169 2059 291 2092 habitu
303 2059 448 2091 mentita
463 2057 584 2090 ferino.
629 2057 723 2091 Quid
733 2058 789 2100 qui
803 2062 876 2091 ten-

163 2114 261 2143 -tatas
285 2109 391 2152 iligno
421 2110 545 2141 robore
572 2108 698 2140 clausit
722 2109 876 2141 Venator

168 2162 323 2205 pedicas,
346 2172 424 2194 cum
451 2160 745 2193 dissimulantibus
760 2162 874 2194 armis.

168 2213 270 2255 Saepe
294 2212 400 2245 habet
429 2211 629 2253 imprudens
652 2211 754 2243 alieni
780 2212 876 2244 lucra

169 2262 318 2296 laboris!
360 2264 473 2295 Locus
489 2272 572 2294 vero
588 2261 735 2293 leviculo
751 2262 875 2295 mendo

168 2315 315 2358 laborat,
328 2325 391 2347 nec
406 2315 490 2347 satis
507 2314 682 2353 colraeret;
713 2322 756 2345 an
785 2314 875 2346 enim

168 2375 212 2399 ea
227 2370 333 2399 aetate
354 2367 428 2408 jam
454 2365 631 2397 desierant
650 2374 725 2396 esse
751 2364 784 2396 in
812 2375 873 2397 usu

168 2416 285 2459 laquei
299 2416 480 2458 ejusmodi,
497 2425 581 2458 quos
596 2424 739 2446 ourraces
754 2417 875 2449 vocat?

168 2469 272 2501 immo
288 2478 370 2501 vero
385 2468 592 2501 contrarium
607 2476 650 2499 ex
665 2467 740 2499 aliis
766 2472 875 2509 patet.

169 2520 220 2552 Ut
235 2529 319 2564 ergo
335 2529 453 2553 sensns
468 2518 583 2552 versui
597 2517 746 2562 constet,
761 2524 798 2553 et
820 2529 873 2553 se-

939 691 1046 726 quens
1061 686 1143 725 apte
1167 683 1351 725 cohaereat,
1364 682 1547 726 legendnm
1562 693 1643 718 eon·

939 743 1018 766 seo:
1055 734 1142 766 Nam
1152 734 1222 774 fuit
1234 738 1270 767 ut
1284 735 1401 777 laqueis
1412 734 1528 776 aliquis
1537 744 1644 769 curra-

937 784 1025 817 cibus
1039 795 1124 817 usus.
1176 785 1254 818 Hoc
1270 789 1344 817 est:
1368 795 1446 818 nam
1462 790 1642 830 postquam
1692 784 1705 790 ‘

950 845 973 868 n
986 836 1099 879 aliquo
1111 846 1173 869 usu
1188 836 1300 878 laquei
1316 845 1474 868 curraces
1483 844 1558 868 esse
1573 845 1642 871 οω-

938 890 1075 929 perunt,
1090 887 1228 929 jussere
1250 887 1333 919 artis
1357 887 1459 929 liujus
1474 886 1645 931 magistu-t,

937 937 1074 970 cervino
1086 947 1193 970 nervo
1208 941 1407 970 contexere.
1431 937 1516 971 Gaui.
1558 936 1643 971 Plu·

938 989 1024 1020 rima
1047 988 1102 1020 hic
1129 993 1293 1030 corrupta
1308 988 1341 1019 in
1358 988 1515 1020 Rimicio.
1561 988 1644 1030 Cn·

935 1039 1022 1071 novit
1037 1039 1103 1071 loca
1115 1040 1264 1079 rodenda,
1279 1038 1369 1080 qnod
1384 1043 1481 1071 certe
1498 1048 1560 1081 pro
1574 1039 1642 1072 lora

936 1089 1094 1121 librarius
1111 1090 1305 1132 supposuit,
1318 1090 1352 1121 in
1370 1089 1511 1132 reliquis
1525 1089 1643 1124 Divio-

935 1142 1031 1172 nensi
1056 1143 1242 1173 consentit.
1289 1141 1450 1174 Romulus
1474 1141 1575 1183 plura
1595 1141 1640 1177 de

935 1201 994 1223 suo
1007 1191 1233 1229 intermiscet,
1255 1196 1291 1223 et
1314 1192 1428 1233 plures
1453 1201 1566 1224 mures
1581 1192 1640 1224 ad·

934 1251 1075 1274 vocasse
1090 1240 1213 1283 fingi13
1236 1245 1324 1273 artus
1338 1247 1453 1274 autem
1466 1251 1530 1283 pro
1541 1241 1640 1276 nodis

933 1300 968 1326 et
978 1294 1155 1336 juncturis
1171 1293 1320 1326 dicinon
1338 1299 1432 1335 puto.
1466 1295 1543 1337 Ego
1554 1305 1638 1329 vero

932 1344 1150 1386 Anonymum
1173 1344 1229 1377 hic
1255 1344 1403 1377 Nilsntii
1425 1346 1639 1388 sequendum

923 1395 1056 1437 judico,
1076 1395 1134 1437 qui
1159 1396 1360 1437 plerumque
1385 1396 1533 1442 pressius
1557 1396 1638 1430 reti·

930 1447 1044 1479 nuisse
1060 1446 1168 1479 verba
1182 1446 1323 1479 Phaedri
1338 1446 1488 1480 videtur.
1518 1448 1637 1482 Quare

930 1497 981 1530 ita
1006 1496 1278 1530 constituerem:
1321 1498 1402 1530 Mox
1431 1501 1469 1530 ut
1491 1492 1638 1533 lustravit

931 1558 1035 1582 omnes
1049 1551 1144 1580 nodos
1156 1552 1294 1588 artuum,
1317 1548 1445 1581 Luxare
1457 1549 1551 1591 cepit
1563 1550 1639 1583 den-

931 1600 1015 1632 tibus
1040 1600 1193 1641 ligamina
1217 1600 1368 1642 Artwque
1389 1600 1490 1646 *κρίνῳ
1507 1601 1639 1644 ingenia

931 1661 1035 1684 morsu
1049 1653 1177 1684 solvere.
1190 1658 1193 1662 ·
1221 1651 1358 1684 Antrum
1374 1652 1482 1694 nodos,
1497 1661 1561 1694 pro
1576 1663 1638 1687 uo-

931 1702 997 1741 dis,
1011 1703 1133 1745 quibus
1149 1707 1245 1734 artus
1258 1702 1364 1735 Leoni
1381 1706 1479 1734 erant
1490 1702 1639 1745 illigati3

929 1753 1059 1793 ingenia
1072 1755 1154 1785 artis
1175 1757 1257 1785 sunt
1281 1752 1461 1794 machinae,
1474 1753 1575 1797 retia,
1585 1754 1638 1787 la-

929 1804 1023 1846 quei,
1049 1814 1133 1847 quos
1159 1813 1214 1836 ars
1240 1803 1421 1836 venatoria
1444 1803 1636 1847 excogita,

930 1859 969 1889 ut
995 1859 1090 1887 recte
1116 1854 1350 1895 Gudius,'nisi
1375 1854 1466 1897 qnod
1482 1856 1570 1889 male
1583 1864 1637 1889 ur-

929 1908 1017 1951 tuym
1052 1905 1182 1946 ingenia
1217 1904 1347 1946 capiat,
1380 1906 1475 1938 nullo
1518 1915 1632 1940 sensu.

926 1956 1032 1992 Ovid.
1056 1956 1143 1989 Met.
1170 1963 1254 1988 vin.
1278 1958 1352 1987 155.
1375 1955 1385 1973 ‘
1401 1955 1568 1990 Daedalus
1581 1956 1633 1991 in-

928 2007 1030 2048 genio
1045 2005 1154 2039 fabrae
1171 2005 1415 2039 celeberrimus
1426 2006 1532 2039 artis!
1552 2007 1634 2043 Ter·

927 2059 1002 2091 tull.
1028 2058 1073 2091 de
1097 2057 1218 2100 Spect.
1243 2065 1279 2090 x.
1300 2056 1311 2074 ‘
1327 2057 1452 2090 artium
1475 2057 1634 2099 ingenia!

926 2109 982 2142 Ita
1012 2109 1214 2151 ‘ingenium
1240 2108 1408 2140 scelerum
1435 2107 1632 2152 fraudisque

926 2159 1108 2201 nefandae:
1140 2160 1231 2192 Stat.
1257 2168 1298 2191 u.
1319 2161 1394 2191 482.
1425 2161 1435 2177 ⁶
1453 2158 1630 2200 Ingenium

926 2210 1040 2252 necis,’
1072 2219 1129 2243 111.
1147 2213 1220 2242 153.
1245 2215 1282 2242 et
1298 2210 1358 2250 ita,
1376 2210 1566 2250 praesertim
1580 2209 1632 2244 in-

925 2261 1049 2294 feriore
1066 2262 1205 2301 saeculo,
1227 2260 1363 2300 ingenia
1380 2270 1443 2302 pro
1469 2260 1631 2296 machinis

926 2316 1123 2354 posuerunt.
1167 2311 1257 2344 Vide
1267 2311 1388 2343 Barth.
1399 2310 1441 2343 ad
1454 2311 1628 2345 Guilielm.

925 2366 1060 2398 Briton
1082 2365 1210 2406 Philip.
1226 2373 1293 2397 vu
1309 2367 1382 2397 159.
1425 2364 1567 2398 Salmas.
1583 2364 1628 2399 ad

924 2416 1072 2449 Tertull.
1099 2415 1190 2447 Pan.
1225 2425 1261 2457 p.
1287 2418 1361 2447 131.
1414 2415 1551 2448 Marcil-
1580 2415 1625 2448 ad

924 2466 1078 2499 Martini.
1093 2466 1255 2508 Spectac.
1267 2466 1334 2508 Ep.
1350 2467 1404 2499 10.
1425 2465 1568 2525 Baebel.
1581 2465 1628 2500 ad

924 2517 1032 2550 Bekae
1049 2526 1102 2549 res
1115 2516 1239 2561 Ultraj.
1255 2525 1291 2558 p.
1301 2517 1356 2550 82.
