1806 3236
334 271 533 304 rnffimu
569 270 678 303 ΜΒ.
712 262 1014 302 AEsoi’mmm
1050 267 1146 300 mn.
1181 268 1245 298 1v.
1276 257 1319 299 5.

1479 253 1567 296 579

652 577 911 622 FABULA
961 576 1020 621 V.

149 735 168 768 1
189 734 266 769 Plu
280 745 347 770 esse
360 736 396 769 in
409 734 486 778 ano]
509 734 663 768 AEmilius
679 734 815 767 Probus

105 786 150 821 de
166 786 427 831 Epaminonda·
451 788 462 806 ‘
473 787 644 822 Quamdiu
655 787 714 820 ille
730 797 818 829 prae-

105 837 176 872 fuit
190 839 340 882 reipubl.
353 843 459 882 caput
472 838 576 872 fuisse
592 838 698 872 totius
717 838 817 871 Grae-

107 889 199 924 cin:
227 899 276 923 ex
297 899 369 934 quo
390 889 540 932 intelligi
562 894 691 932 potest,
714 899 817 922 unum

109 940 285 975 henim
298 941 419 984 pluris,
433 950 536 984 quam
558 941 750 980 civitatem,
766 938 818 972 fu-

106 990 200 1026 isse!
242 991 370 1027 sustin.
383 1002 435 1026 lv.
447 995 483 1026 4.
505 993 516 1012 ‘
530 991 587 1026 Ab
599 992 653 1025 his
668 992 821 1026 mittitur

109 1040 285 1087 Gylippus
298 1043 405 1086 solus,
413 1043 473 1076 sed
489 1044 525 1077 in
540 1053 608 1088 quo
623 1044 735 1077 instar
749 1053 821 1077 om-

108 1093 203 1128 nium
219 1094 426 1128 auxiliorum
441 1097 541 1128 erat.’
562 1094 646 1128 Neo.

154 1141 260 1184 Quen
272 1145 309 1179 in
322 1146 431 1190 turba]
455 1146 581 1181 Nonne
595 1146 718 1180 melius
727 1157 822 1189 quam

109 1195 229 1234 mbo?
241 1207 320 1231 cum
334 1198 370 1232 in
383 1198 585 1233 antecedat.
599 1198 705 1238 Sernes.
737 1198 821 1232 vid.

109 1247 217 1290 ovid.
231 1248 300 1293 Ep.
314 1258 350 1282 v.
366 1251 441 1283 111.

151 1302 175 1334 2
197 1300 392 1334 Narratione
402 1299 689 1345 pomerariam]
710 1301 822 1334 Vetus

108 1350 290 1396 inscriptio
302 1351 507 1398 Praeneste:
537 1361 672 1386 Acerra
696 1361 822 1386 nosra-

109 1411 216 1446 mus
237 1412 341 1440 avon
362 1413 450 1438 rosa·
470 1413 545 1438 ‘tva
569 1412 706 1438 sncvna
729 1412 822 1437 aaa·

154 1505 301 1549 Posteris
315 1505 457 1548 trudam]
489 1505 621 1539 Plenus
637 1505 736 1539 bonae
747 1505 823 1548 spei

110 1554 180 1589 fuit
201 1555 385 1598 Phaedrus,
409 1556 454 1590 ad
477 1556 720 1599 posteritatem
745 1565 824 1598 per-

112 1609 266 1641 ventura
289 1617 364 1640 esse
387 1607 520 1649 scripta
533 1616 617 1640 sua:
651 1617 727 1649 quae
744 1616 824 1648 spes

113 1657 148 1690 ei
162 1666 252 1701 pene
263 1657 520 1700 decollavisset,
534 1657 665 1701 absque
677 1657 824 1690 Pithoeis

113 1707 311 1743 clarissimis
324 1706 488 1742 fratribus
501 1714 610 1751 esset,
634 1709 758 1752 quibus
775 1709 824 1741 vi-

113 1763 186 1793 tam
202 1758 325 1793 debet.
367 1759 425 1793 Sic
449 1759 510 1793 lib.
525 1769 583 1793 111.
605 1759 703 1793 Ptol.
724 1761 733 1777 ‘
751 1759 825 1792 Ha-

111 1809 248 1846 bebunt
262 1814 375 1853 certe,
385 1821 451 1855 quo
475 1820 513 1844 se
537 1811 731 1853 oblectent,
744 1821 825 1854 pos-

113 1860 206 1896 teri!
248 1861 326 1896 Lib.
347 1872 385 1897 v.
405 1862 502 1897 Prol.
525 1863 536 1882 ‘
553 1863 738 1906 Longaque
752 1863 826 1905 dig-

111 1918 197 1947 num
216 1910 386 1956 judicatis
407 1914 595 1948 memoria?
650 1914 697 1946 Et
712 1914 772 1947 lib.
789 1924 824 1948 v.

113 1960 185 1997 fab.
195 1967 229 1998 5.
240 1963 252 1982 ‘
263 1963 398 1998 Chattis
408 1975 533 1998 nomeu
545 1965 718 1998 victurum
733 1965 827 2007 mein,

113 2010 251 2047 Latinis
275 2014 358 2053 dum
378 2016 534 2050 manebit
559 2016 708 2059 pretium
734 2017 828 2049 litte-

113 2063 186 2099 ris!
209 2065 297 2099 Rite.

163 2115 317 2158 mam]
354 2117 514 2160 Proprie,
529 2117 573 2150 de
589 2117 826 2160 scriptoribus.

117 2165 191 2200 Cic.
213 2165 259 2200 de
283 2167 337 2201 Cl.
364 2167 430 2201 Or.
460 2168 687 2211 ‘Sapientem
717 2168 828 2201 virum

115 2215 222 2252 fuisse
234 2218 407 2251 memoriae
423 2218 589 2251 traditum
599 2218 675 2252 est!
697 2218 806 2259 Schef.

159 2267 279 2310 Bnm]
324 2268 380 2302 An
404 2269 479 2302 liaec
504 2269 661 2303 narratio
682 2274 737 2303 est
752 2269 830 2303 bre-

116 2317 191 2352 vio?
217 2319 324 2352 Forte
335 2320 445 2362 gravi,
459 2319 495 2353 id
511 2326 575 2364 est,
589 2321 679 2354 seria
691 2332 700 2362 ;
716 2331 830 2354 narru-

116 2369 163 2403 tt'o
176 2378 244 2402 non
259 2374 315 2403 est
329 2370 458 2405 fabula.
482 2371 569 2406 Gad.

161 2421 184 2453 ⁸
220 2420 551 2465 Quidamdecedens]
596 2423 676 2456 Hac
704 2422 831 2457 fabella

118 2469 320 2505 continetur
348 2472 488 2515 elegans
524 2478 562 2507 et
597 2474 732 2508 subtilis
765 2477 831 2508 τῶν

118 2520 240 2565 ῦπόρων
254 2523 422 2565 quaestio:
446 2524 639 2566 cujusmodi
663 2529 730 2567 est,
753 2535 829 2568 quae

120 2571 167 2606 ab
190 2571 358 2607 Africano
385 2574 591 2621 proponitur
615 2576 641 2609 1.
669 2577 728 2621 qui
748 2587 830 2620 qua-

121 2623 318 2666 dringenta.
335 2625 381 2659 D.
393 2624 436 2658 ad
452 2626 521 2667 leg.
539 2626 673 2660 Falcid.
697 2627 778 2669 Εἰς.

164 2675 342 2718 neceam]
377 2677 525 2721 Proprie
539 2678 583 2712 de
595 2679 739 2713 mortuis
753 2681 832 2724 lege

121 2727 281 2760 naturali.
303 2727 413 2767 Schef.

167 2776 327 2820 Reliquit]
371 2778 486 2811 Etiam
496 2779 564 2813 hoc
578 2784 632 2813 est
646 2781 743 2815 inter
756 2792 831 2824 pro-

124 2827 215 2870 pria.
260 2828 365 2863 Corn.
382 2830 476 2873 Nep.
488 2831 601 2867 Attio.
617 2836 711 2866 c.13.
734 2836 743 2852 ‘
761 2835 832 2867 Do·

123 2886 217 2912 mum
231 2878 354 2914 habuit
368 2880 411 2916 ab
436 2883 606 2917 avunculo
626 2884 835 2920 haereditate

864 733 1045 768 relictam:
1089 732 1206 766 Plaut.
1223 730 1340 765 Aulul.
1356 735 1426 763 act.
1442 739 1499 763 ιιι.
1525 739 1574 763 sc.

866 788 898 818 1.
934 784 1047 828 ‘Agri
1076 783 1218 827 reliquit
1245 781 1278 816 ei
1317 791 1385 814 non
1415 791 1575 823 magnum

866 837 1030 870 modum.’
1081 837 1219 871 Cornel.
1239 836 1365 869 iterum
1393 834 1427 868 iu
1452 834 1574 877 Epam.

867 898 899 922 c.
915 891 969 921 10.
992 888 1003 906 ‘
1017 887 1112 921 Male
1134 887 1171 920 in
1185 896 1226 920 eo
1241 886 1424 920 consulere
1439 885 1578 928 patriae,

868 938 961 982 quod
978 939 1106 972 liberos
1121 949 1190 972 nou
1205 936 1438 981 relinqueret.'
1470 935 1579 977 Sches.

911 993 933 1024 4
949 990 1059 1022 Oculis
1071 993 1236 1023 vernantem
1250 988 1350 1032 viros]
1373 989 1491 1022 Plaut.
1503 989 1579 1022 Mil.

870 1042 970 1076 Glor.
985 1051 1036 1075 ιν.
1052 1045 1084 1075 1.
1100 1051 1189 1074 vers.
1201 1041 1266 1074 ult.
1283 1040 1382 1083 dixit,
1402 1039 1413 1058 ‘
1428 1040 1581 1073 Venatu-

870 1103 945 1126 ram
979 1094 1091 1127 oculis
1120 1091 1262 1127 facere?
1318 1092 1443 1126 Senec.
1467 1092 1580 1125 lenoci-

869 1145 958 1177 nium
979 1145 1119 1187 puellare
1134 1149 1234 1178 vocat
1256 1144 1362 1177 Decl.
1377 1153 1428 1177 vx.
1453 1154 1487 1187 p.
1502 1146 1580 1177 4⁷3.

869 1197 880 1216 ‘
896 1195 1106 1229 Muliebrem
1131 1200 1264 1228 vestem
1289 1195 1424 1236 sumsit,
1438 1195 1582 1238 capillos

871 1247 907 1280 in
923 1246 1061 1280 femina>
1076 1247 1234 1280 habitum
1246 1246 1454 1289 composuit,
1464 1247 1583 1279 oculos

871 1298 1019 1341 puellari
1043 1297 1215 1331 lenocinio
1232 1297 1490 1331 circumdedit!
1534 1297 1583 1330 Hi

871 1347 1022 1392 Apuleio
1051 1349 1087 1382 in
1114 1348 1219 1391 Apol.
1240 1349 1323 1382 oculi
1345 1349 1444 1382 illices
1468 1348 1588 1382 dicun-

872 1404 948 1434 tur:
982 1400 993 1419 ‘
1009 1401 1095 1435 Quis
1121 1410 1189 1433 non
1220 1400 1439 1443 disciplinam
1465 1400 1585 1433 matris

873 1451 1039 1494 agnovit?
1070 1462 1150 1485 cum
1175 1452 1209 1484 in
1237 1452 1352 1494 puella
1375 1451 1510 1484 videret
1525 1451 1586 1483 im-

872 1502 1082 1536 medicatum
1095 1514 1147 1544 os,
1156 1507 1193 1536 et
1205 1503 1460 1546 purpurissatas
1471 1512 1588 1545 genas,

874 1558 910 1587 et
924 1555 1034 1587 illices
1049 1554 1193 1588 oculos!
1228 1555 1340 1587 Nevel.
1385 1554 1587 1587 Imitatione

873 1606 1050 1647 Plautina,
1081 1610 1121 1638 nt
1149 1606 1286 1639 notavit
1323 1606 1587 1640 Rittershusius.

874 1656 986 1689 Porro
1001 1658 1109 1690 venari
1134 1657 1278 1698 dicitur,
1300 1667 1377 1700 quae
1404 1661 1527 1700 captat
1551 1662 1588 1690 et

875 1708 1038 1741 vulnerat
1061 1708 1181 1742 oculis.
1226 1709 1338 1744 Quale
1366 1718 1473 1751 genus
1494 1709 1588 1741 locu-

877 1757 979 1791 tionis
1017 1763 1055 1792 et
1082 1759 1119 1791 in
1148 1759 1263 1792 Sacris
1299 1760 1484 1802 reperitur.
1542 1759 1588 1793 V.

875 1810 976 1843 eant.
993 1820 1026 1844 c.
1039 1813 1073 1844 4.
1097 1810 1206 1851 Senes.
1250 1811 1340 1844 Vide
1356 1811 1479 1845 Barth.
1494 1810 1587 1844 Adv.

875 1870 992 1895 xxxv.
1017 1873 1050 1895 c.
1067 1865 1101 1895 8.
1129 1867 1166 1895 et
1191 1871 1298 1897 nm.
1322 1857 1355 1896 c.
1371 1866 1425 1897 21.
1482 1862 1589 1896 Ovid.

875 1911 955 1946 Am.
976 1922 1003 1946 ι.
1021 1915 1098 1946 253.
1119 1913 1130 1931 ⁴
1147 1912 1240 1948 Quid
1257 1914 1321 1946 tibi
1338 1913 1506 1947 femineos
1522 1924 1592 1946 coe-

877 1967 934 1996 tus
971 1963 1155 1996 venatibus
1193 1970 1294 2006 aptos
1337 1965 1548 1998 Enumerem
1566 1963 1591 1997 ?’

879 2014 1039 2048 Clemens
1055 2013 1156 2047 Alex.
1172 2014 1318 2057 Paedag.
1344 2023 1402 2048 111.
1427 2018 1460 2048 2.
1485 2017 1592 2058 Θηρῶ·

878 2074 933 2096 σαι
953 2063 1027 2098 τοὺς
1053 2063 1141 2104 δίκην
1154 2064 1272 2098 παίδων
1287 2064 1427 2108 ἀφρόνων
1444 2065 1515 2108 περὶ
1533 2065 1592 2099 τὰς

877 2114 999 2158 μόρφας
1035 2114 1253 2157 ἐπτοημένους.
1318 2117 1515 2150 Menander
1556 2117 1593 2151 in

879 2166 1077 2199 Leucadia:
1099 2166 1160 2199 Τὸν
1175 2166 1370 2210 ὑπέρκομπον
1381 2169 1516 2211 θηρῶσα,
1531 2167 1593 2202 ψά-

878 2217 930 2250 ων’
943 2217 1105 2260 οἲστρῶντι
1115 2217 1211 2260 πόθῳ,
1226 2221 1291 2252 &c.
1312 2220 1428 2253 Burm.

925 2269 1034 2302 Oculis
1068 2273 1233 2303 vernantem
1263 2270 1366 2312 viros]
1417 2271 1590 2305 Ovidius:

881 2322 891 2340 ‘
912 2320 1032 2354 Oculis
1047 2325 1190 2354 venatur
1205 2321 1379 2355 amorem.'
1420 2322 1592 2356 Plautus:

879 2372 890 2391 ‘
907 2372 1028 2406 Oculis
1058 2376 1261 2405 venaturam
1283 2371 1404 2406 facere
1428 2378 1467 2407 et
1490 2384 1594 2407 aucu-

881 2424 975 2467 pium
993 2423 1157 2457 auribus!
1202 2423 1285 2456 Alio
1300 2433 1404 2457 sensu
1428 2425 1517 2458 dixit
1531 2425 1593 2459 So-

881 2475 1021 2517 phocles
1035 2486 1043 2507 :
1065 2476 1158 2508 Τοιὰν
1180 2474 1206 2508 δ’
1219 2475 1252 2507 ἐν
1266 2475 1334 2518 ὄψει
1349 2475 1448 2518 ἴυγγα
1461 2479 1593 2520 eupomp-

880 2525 949 2610 ἵζειν
955 2526 1093 2569 Ἔρωτος
1107 2525 1270 2569 ἀστραπήν
1283 2527 1342 2560 τιν’
1357 2525 1503 2569 ὀμμάτων
1514 2526 1595 2569 ἔχει.

918 2580 973 2611 ud.

928 2629 1037 2663 Oculis
1050 2632 1214 2663 venantem
1228 2629 1329 2671 viros]
1373 2629 1465 2665 Quia
1487 2630 1523 2663 ἐκ
1538 2630 1598 2663 τοῦ

883 2680 958 2724 §piu
983 2680 1022 2713 τὸ
1046 2681 1129 2724 ἑρᾷν.
1186 2680 1244 2713 Sic
1271 2685 1308 2714 et
1332 2680 1482 2713 Ovidius
1505 2681 1595 2715 dixit

883 2732 894 2750 ‘
911 2732 1057 2765 Amores
1093 2731 1250 2764 venari.'
1315 2730 1595 2774 Elegantissime.

884 2784 977 2817 Nam
991 2783 1144 2817 formosa
1166 2782 1307 2823 femina,
1322 2787 1484 2827 tanquam
1499 2785 1596 2825 visco

882 2835 1054 2875 volucres,
1069 2834 1119 2867 sic
1138 2834 1215 2876 ipsa
1236 2834 1475 2869 adolescentes
1499 2836 1594 2879 capit

882 2889 919 2920 et
933 2886 1090 2921 attrahit.
1132 2886 1290 2929 Plautus,
1299 2887 1327 2920 si
1341 2886 1430 2921 bene
1444 2887 1597 2931 memini,
