1806 3236
210 207 298 252 4722

217 314 383 347 Rittersli.
419 314 526 354 Sches.
570 313 650 348 Vid.
678 313 760 347 infr.
791 314 835 347 ad
855 313 915 348 lib.

214 374 250 398 ν.
264 365 335 399 fab.
353 369 386 399 4.
418 365 584 408 Πλεονεξία
599 366 659 399 illa
675 376 756 399 cura
768 364 916 399 habendi

213 415 349 449 Graecis
375 417 512 450 dicitur.
556 417 636 451 Vid.
665 417 797 460 Evang.
828 418 916 450 Luc.

213 474 281 499 xn.
297 469 350 499 15.
386 467 531 500 Ovidius
554 467 632 501 Art.
649 467 728 502 Am.
756 477 814 500 nr.
841 470 916 501 541.

175 528 177 530 ·
216 520 252 548 et
268 517 361 549 Fast.
387 526 413 550 1.
431 520 505 551 195.
523 522 622 551 vocat
651 519 662 538 ‘
675 517 836 551 Amorem
859 518 917 550 ha-

215 565 345 599 bendi:
358 565 478 600 Aurei.
492 568 625 602 Victor.
635 569 723 601 Caes.
735 578 794 601 ιιι.
812 571 822 588 ‘
839 569 917 602 Stu-

216 616 310 648 dium
324 616 499 649 habendi!
522 618 629 652 Rutil.
644 619 732 660 Lup.
748 618 792 651 de
803 619 916 660 Figur.

213 667 311 700 Sent.
340 677 374 710 p.
397 669 429 701 7.
457 668 718 712 ‘Cupiditatem
747 669 918 703 habendi!

214 719 328 752 Burm.

259 770 437 812 Eruserim]
473 771 672 814 Eleganter,
693 772 738 805 ad
766 772 918 804 indican-

215 818 295 851 dum
311 820 460 853 studium
474 831 640 854 summum
655 821 832 864 ejiciendae
844 821 918 864 ejus

215 870 429 912 cupiditatis.
461 872 520 904 Sic
549 872 725 905 ‘Eradere
749 871 918 905 timorem’

215 919 305 953 dixit
330 921 463 954 Seneca
484 922 519 954 in
539 922 680 964 Thyest.
724 922 919 955 Pulcherri-

216 981 291 1004 mus
320 972 404 1005 alias
426 974 534 1015 locus,
561 973 620 1016 qui
650 973 813 1014 ostendit,
837 973 919 1016 quid

215 1023 389 1066 plerisque
413 1024 456 1057 ad
480 1034 595 1057 veram
616 1025 843 1057 eruditionem
860 1024 920 1056 ob-

215 1077 297 1114 stet,
310 1083 433 1116 nempe
449 1074 599 1107 studium
612 1075 817 1109 divitiarum.
850 1075 920 1107 Vix

217 1123 307 1155 enirn
338 1123 406 1156 ista
432 1123 499 1156 duo
525 1125 717 1158 consistunt
749 1126 841 1158 inter
869 1136 919 1166 se,

216 1182 330 1216 neque
346 1179 461 1216 potest
474 1174 564 1216 fieri,
587 1179 627 1208 nt
653 1185 738 1207 unus
761 1175 920 1221 idemque

218 1224 317 1257 simul
331 1229 368 1258 et
379 1225 489 1258 literis
505 1226 566 1259 det
580 1237 732 1269 operam,
744 1231 781 1260 et
795 1237 920 1270 conge·

218 1274 334 1308 tendis
350 1277 514 1317 pecuniis.
557 1277 600 1310 Id
612 1278 703 1321 quod
715 1278 921 1320 quotidianis

217 1336 317 1369 paene
343 1328 386 1360 ad
411 1328 587 1362 fastidium
616 1329 779 1362 discimus
808 1339 921 1362 exem-

218 1378 296 1420 plis.
318 1378 423 1419 Schef.
468 1379 591 1412 Horat.
614 1379 685 1414 Od.
699 1389 758 1413 111.
773 1383 826 1413 24.
853 1381 863 1399 ⁴
878 1380 922 1413 E·

217 1427 372 1461 radenda
383 1429 552 1471 cupidinis
569 1429 676 1462 Pravi
687 1433 765 1466 sunt
776 1432 923 1463 elemen-

217 1481 275 1511 ta:
300 1483 338 1512 et
355 1483 484 1512 tenerae
499 1480 598 1512 nimis
622 1481 761 1513 Mentes
776 1481 923 1522 asperio-

217 1529 311 1562 ribus
327 1530 528 1564 Formandae
545 1530 689 1563 studiis-⁹
712 1531 828 1564 Heius.

261 1583 304 1613 22
327 1581 374 1613 Et
388 1582 478 1613 laude
492 1580 609 1622 invita]
636 1581 821 1623 Vulgatam
835 1581 923 1615 hanc

216 1630 402 1663 lectionem
427 1631 503 1664 Viri
526 1631 622 1664 docti
636 1632 730 1665 varie
745 1636 924 1666 tentarunt

217 1682 406 1724 explicare.
450 1682 623 1724 Quicquid
651 1682 839 1724 explicent,
862 1692 922 1715 no-

217 1732 272 1764 bis
285 1742 351 1765 non
366 1732 502 1765 videtur
514 1742 642 1765 sanum.
687 1733 810 1774 Neque
824 1733 923 1764 aliter

218 1783 268 1816 illi
284 1783 388 1815 visum
406 1787 460 1815 est
479 1783 554 1814 viro
569 1791 707 1823 magno,
721 1782 779 1824 qui
795 1783 923 1823 primus

218 1833 331 1865 locum
348 1832 532 1865 emendare
553 1832 711 1864 tentavit.
756 1831 823 1864 Sed
839 1832 923 1864 scri-

220 1883 369 1916 bendum
409 1883 560 1925 omnino,
594 1883 642 1915 Et
677 1883 768 1915 laude
802 1884 925 1922 multu,-

219 1934 387 1977 quomodo
417 1933 635 1966 scribendum
659 1932 810 1966 ostendit
828 1933 925 1975 illud,

219 1985 311 2028 quod
339 1985 456 2017 statim
482 1985 660 2026 sequitur3
691 1988 731 2017 ut
747 1982 924 2017 fastidium

218 2036 432 2079 quorundam
462 2035 654 2078 poetarum,
690 2045 781 2078 aegre
810 2035 924 2068 admo-

218 2087 299 2119 dum
314 2086 501 2120 Phaedrum
527 2086 560 2118 in
577 2091 704 2118 coetnm
726 2085 926 2127 recipienti-

218 2150 289 2181 um,
327 2143 523 2181 opponatur
555 2138 649 2170 laudi
682 2139 759 2171 huic
792 2139 922 2172 multae.

219 2189 299 2223 Hoc
325 2190 411 2222 dicit
430 2199 512 2230 ergo
529 2189 655 2231 poeta:
680 2190 846 2224 Quamvis
861 2200 925 2232 ego

219 2240 256 2273 in
291 2241 355 2273 hoc
385 2240 576 2273 studiorum
618 2249 746 2281 genere
783 2242 926 2273 multam

217 2292 356 2325 laudem
371 2291 434 2324 sim
443 2290 632 2331 assecutus,
643 2299 734 2331 aegre
749 2294 876 2332 tamen,
890 2296 926 2325 et

220 2352 288 2374 nou
300 2340 363 2373 nisi
373 2340 516 2383 quodam
529 2350 605 2373 cum
617 2339 927 2382 fastidio,recipior

218 2393 254 2425 iu
270 2391 448 2424 Musarum
462 2394 598 2423 coetum.
641 2390 726 2422 Laus
749 2392 847 2423 multa
872 2392 926 2424 hic

221 2446 336 2474 autem
367 2446 434 2482 est,
464 2451 531 2472 non
557 2440 695 2483 quidem
715 2441 925 2482 magna,sed

220 2495 340 2535 multa,
350 2493 421 2525 sive
434 2493 618 2524 multorum
630 2492 801 2524 hominum
813 2501 823 2531 3
835 2492 925 2534 quod

220 2544 410 2576 modestius
426 2547 489 2584 est,
505 2551 607 2584 quam
618 2542 644 2574 si
658 2541 800 2574 dixisset
812 2552 927 2583 magna

220 2597 335 2631 laude,-
363 2595 494 2626 multam
523 2594 613 2625 enim
639 2594 793 2625 luadema
811 2593 925 2624 multis

221 2646 347 2678 mereri
375 2645 509 2677 facilius
534 2649 602 2684 est,
624 2653 724 2686 quam
750 2653 771 2675 a
793 2643 925 2684 magnis

220 2707 378 2738 magnum.
399 2696 457 2729 Sic
472 2695 638 2728 Horatius
653 2695 697 2728 de
712 2693 810 2727 Arte.
825 2694 926 2727 Poet.

223 2752 232 2766 ¹
249 2746 424 2780 Successit
451 2750 551 2779 vetus
576 2744 628 2778 bis
653 2743 926 2786 Comoedia,non

223 2798 296 2832 sine
324 2797 432 2832 multa
465 2796 604 2831 Laude.’
639 2795 774 2830 Passim
812 2798 927 2830 autem

670 221 813 253 NOTAE
844 218 1112 254 vammum
1148 222 1199 255 [N

965 313 1135 350 Phaedrus
1165 316 1230 349 sibi
1265 316 1400 350 laudem
1437 312 1569 351 tribuit.
1610 312 1669 352 Sic
1710 308 1713 312 ,

965 365 1119 407 capitulo
1139 366 1372 409 praecedenti:
1408 369 1418 386 ‘
1437 368 1474 400 Si
1499 368 1587 401 livor
1608 368 1669 402 ob·

965 419 1118 449 trectare
1145 426 1258 450 curam
1275 418 1431 458 voluerit,
1461 418 1538 450 Non
1555 422 1669 451 tamen

966 466 1092 508 eripiet
1122 466 1232 499 laudis
1252 467 1518 501 conscientiam?
1563 469 1611 500 Et
1625 467 1670 502 ad

966 515 1069 548 finem
1093 516 1193 558 hujus
1219 517 1457 560 praefationis:
1491 520 1503 537 ‘
1520 519 1607 552 Mihi
1617 527 1671 552 so-

966 567 1076 599 lennis
1109 567 1258 600 debetur
1281 568 1412 610 gloria!
1469 569 1600 602 Iterum
1635 569 1677 603 in‘

967 619 1172 662 praefatione
1196 621 1276 653 libri
1291 630 1327 655 v,
1351 622 1362 640 ⁸
1375 621 1463 654 Mihi
1479 627 1579 664 parta
1593 622 1668 655 laus

967 669 1042 704 est!
1087 671 1197 704 Invita
1212 676 1327 704 autem
1341 675 1379 704 et
1402 673 1498 704 multa
1525 681 1592 705 uno
1614 681 1670 705 eo-

968 721 1116 765 demque
1139 721 1214 754 fere
1237 721 1338 754 modo
1358 722 1394 754 in
1409 723 1553 756 vetustis
1569 731 1673 756 mem-

967 772 1084 805 branis
1099 773 1318 814 scribuutur3
1343 777 1440 806 certe
1451 773 1486 806 in
1499 776 1534 806 et
1548 778 1580 807 tn
1595 774 1670 818 dig-

968 827 1060 858 nosci
1076 834 1144 858 non
1160 830 1304 867 possunt
1319 825 1384 857 nisi
1400 835 1443 857 ex
1458 835 1558 858 sensu
1571 834 1582 866 ς
1596 825 1675 862 Let

969 875 991 907 Ι
1002 876 1106 908 etiam
1122 886 1243 918 parum
1259 874 1435 917 differunt,
1446 879 1482 908 et
1498 876 1624 918 passim
1636 875 1674 910 in

967 927 1032 959 hoc
1048 927 1164 960 libello
1180 926 1345 960 confundi
1358 927 1592 968 ostendimus3
1611 926 1678 960 ita-=

969 986 1036 1020 que
1051 987 1128 1011 cum
1143 977 1317 1010 Librarius
1340 977 1423 1010 illud
1438 977 1468 1010 L
1480 977 1676 1019 accepisset

969 1036 1032 1068 pro
1047 1027 1079 1068 I,
1104 1036 1171 1059 non
1187 1027 1302 1069 potuit
1316 1026 1432 1070 aliter,
1447 1037 1549 1070 quam
1562 1028 1678 1071 imita,

967 1078 1097 1120 legere.
1127 1078 1217 1110 Gud.

1013 1130 1125 1161 Laude
1139 1129 1255 1171 invita]
1295 1129 1338 1162 In
1363 1138 1449 1162 voce
1464 1129 1568 1163 vitam
1581 1128 1623 1162 τὸ
1634 1126 1679 1162 Μ

970 1187 1038 1212 non
1054 1180 1235 1221 exteritur,
1251 1180 1306 1212 vel
1318 1184 1413 1212 certe
1425 1189 1466 1212 eo
1479 1178 1679 1223 confugien-

970 1228 1062 1271 dum,
1076 1239 1143 1271 qno
1158 1229 1278 1262 suadet
1300 1229 1676 1272 Rittershusius‚'nimi·

971 1288 1045 1311 rum
1067 1283 1106 1311 ut
1131 1279 1304 1312 scribatur
1317 1279 1539 1321 incubaverint,
1565 1279 1675 1322 ἀρχαῖ-

970 1331 1048 1371 κῶςς
1072 1330 1161 1371 lege,
1187 1340 1264 1373 quae
1279 1340 1382 1372 supra
1406 1333 1569 1362 annotata
1585 1327 1675 1363 ame

970 1384 1060 1414 sunt.
1092 1381 1206 1414 Faber.
1248 1381 1390 1422 Quippe
1425 1390 1502 1423 quoe
1530 1389 1586 1413 me
1609 1380 1676 1414 alio

971 1431 1144 1474 trahebat,
1170 1440 1248 1464 cum
1274 1431 1308 1463 in
1323 1431 1432 1463 isthoc
1448 1430 1529 1463 vitae
1549 1439 1676 1472 genere

972 1481 1196 1522 intelligeret,
1224 1491 1261 1513 se
1285 1480 1367 1513 mihi
1391 1488 1460 1513 non
1485 1490 1585 1523 posse
1601 1488 1678 1524 pro·

971 1531 1079 1564 desse.
1123 1531 1221 1573 Vult,
1242 1540 1278 1563 se
1308 1540 1376 1563 nou
1405 1530 1514 1573 magis
1540 1534 1678 1573 specta-

971 1582 1063 1615 visse
1076 1581 1213 1615 laudem
1234 1580 1442 1624 gloriamque
1460 1580 1495 1612 in
1517 1580 1677 1623 eligendo

972 1632 1036 1665 hoc
1061 1633 1141 1665 vitae
1164 1641 1305 1675 genere,
1328 1631 1533 1664 scholastico
1559 1641 1608 1665 sc.
1634 1637 1676 1664 ac

971 1683 1140 1724 litterato,
1155 1693 1257 1726 quam
1266 1682 1414 1715 divitias.
1440 1682 1476 1714 Si
1491 1681 1581 1714 euim
1593 1681 1678 1714 illud

972 1734 1146 1775 voluisset,
1155 1733 1333 1766 debuisset
1344 1733 1436 1765 aliud
1448 1729 1546 1775 sequi
1553 1738 1678 1775 genum

973 1783 1064 1826 quod
1090 1785 1194 1825 vulgo
1216 1782 1324 1824 magis
1342 1782 1510 1825 laudatur,
1532 1782 1588 1815 cui
1602 1782 1684 1815 laus*

972 1838 1026 1866 est
1040 1832 1270 1866 favorabilior.
1303 1832 1419 1875 Atque
1434 1833 1498 1866 hoc
1519 1837 1573 1866 est
1587 1834 1679 1866 laude

971 1884 1085 1925 invita,
1112 1889 1153 1917 ut
1174 1884 1305 1925 opinor.
1349 1883 1428 1916 Nou
1455 1883 1678 1916 dissimulabo

973 1939 1102 1977 tamen,
1112 1934 1341 1968 eruditissimo
1364 1934 1542 1967 Gronovio
1565 1934 1678 1967 videri

973 1985 1029 2018 hic
1048 1986 1245 2027 legendum,
1269 1986 1315 2018 Et
1334 1986 1427 2017 laude
1444 1987 1538 2027 nuda,
1551 1984 1575 2018 i.
1590 1995 1622 2018 e.
1633 1984 1679 2019 ob

974 2037 1080 2070 solam
1107 2037 1256 2078 laudem,
1285 2045 1354 2069 non
1371 2036 1416 2068 ob
1432 2036 1526 2069 aliud
1542 2037 1680 2079 proemi-

973 2097 1043 2120 um.
1101 2088 1219 2130 Vitam]
1262 2086 1511 2120 scholasticam
1547 2096 1594 2120 sc.
1637 2087 1679 2120 Iu

972 2138 1039 2171 hac
1076 2147 1162 2170 voce
1190 2138 1289 2170 vitam
1316 2138 1433 2170 littera
1459 2138 1582 2170 ultima
1609 2147 1679 2170 non

974 2189 1158 2229 exteritur,
1204 2188 1296 2231 quod
1341 2188 1454 2221 Faber
1491 2190 1679 2223 annotavit.

975 2239 1082 2280 Schefi
1129 2240 1222 2280 Lege
1236 2250 1245 2271 ι
1261 2239 1334 2272 -Nec
1345 2240 1434 2271 laude
1444 2236 1544 2272 invita
1552 2240 1589 2272 in
1599 2240 1680 2273 hanc

975 2290 1072 2323 vitam
1087 2289 1296 2323 incubaverim
1305 2301 1316 2323 .·
1339 2291 1405 2331 vel,
1419 2292 1465 2323 Et
1479 2291 1569 2324 laude
1579 2292 1681 2324 invita

974 2340 1010 2372 in
1026 2341 1105 2373 Ιιαηι·
1126 2341 1224 2373 vitam
1237 2341 1320 2374 haud
1333 2341 1536 2374 incubuerim.
1561 2341 1680 2374 Heius.

976 2390 1143 2424 Gronovii
1166 2391 1402 2433 conjecturam
1415 2392 1520 2424 verba
1535 2389 1680 2434 inscrip-

976 2442 1078 2474 tionis
1105 2442 1340 2482 Gruterianae,
1372 2441 1414 2473 ad
1444 2441 1571 2483 epilog.
1600 2441 1680 2474 libri

975 2492 1128 2532 praeced.
1146 2492 1288 2524 laudata
1306 2490 1527 2523 confirmant:
1550 2491 1561 2510 ‘
1573 2491 1684 2524 Nudo*

975 2541 1112 2574 homine
1140 2545 1303 2574 contenta
1330 2541 1419 2573 est:’
1442 2540 1477 2572 id
1501 2545 1567 2582 est,
1589 2541 1680 2576 Solo.

975 2592 1032 2624 Ita
1059 2595 1068 2610 ‘
1082 2591 1184 2623 Nuda
1200 2590 1333 2623 virtus'·
1349 2589 1473 2623 Gratio
1500 2591 1629 2637 Cyneg.
1645 2594 1680 2627 3.

975 2642 1113 2673 Lucano
1139 2650 1190 2673 lx.
1217 2644 1293 2673 594.
1324 2645 1360 2672 et
1388 2641 1479 2674 Stat.
1503 2641 1609 2680 Theb.
1630 2651 1680 2676 lv.

975 2693 1051 2724 229.
1085 2691 1095 2709 ‘
1111 2690 1223 2724 Nudae
1254 2690 1352 2723 vires’
1384 2690 1494 2723 Theb.
1523 2699 1576 2725 vi.
1604 2695 1683 2726 1⁷0:

974 2743 985 2762 ‘
1002 2742 1105 2777 Nuda
1133 2740 1223 2775 odia'
1251 2750 1304 2775 tx.
1328 2744 1382 2775 20.
1411 2746 1450 2774 et
1474 2751 1548 2784 quae
1578 2743 1680 2785 plura

976 2793 1137 2827 Barthius
1146 2791 1325 2836 producit,
1351 2796 1387 2825 et
1402 2801 1461 2826 nos
1476 2792 1519 2827 ad
1533 2793 1680 2827 Petron-
