1806 3236
643 173 795 206 missu
827 173 861 205 1.
892 172 1000 214 us.
1029 162 1100 206 14.
1549 161 1608 204 '73

21 256 24 257 ⁷
87 264 93 268 ³
141 269 248 318 Rex
266 269 406 323 urbis,
424 269 524 326 ejus
540 270 802 326 experiendi
821 270 966 326 gratia

138 338 370 396 Scyphum
389 339 631 396 poposcit:
660 339 762 383 fusa
776 339 882 382 dein
900 339 1111 383 simulans
1130 350 1248 394 aqua

135 405 354 450 Antidoto
372 409 563 451 miscere
579 407 704 451 illius
724 421 775 451 se
796 408 1015 461 toxicum,

136 475 402 519 combibere
411 476 549 533 jussit
564 477 731 532 ipsum,
748 477 896 533 posito
916 477 1120 532 praemio.

132 544 312 588 Timore
330 545 484 588 mortis
504 546 576 589 ille
596 550 692 588 tum
712 546 943 589 confessus
962 549 1046 598 est,
1440 563 1443 565 >
1548 545 1604 588 10

135 613 246 658 Non
261 615 370 657 artis
387 614 481 657 ulla
499 614 689 657 medicae
711 627 760 657 se
781 615 1030 670 prudentia,

132 681 301 732 Verum
322 686 503 738 stupore
518 683 640 737 vulgi
658 683 827 727 factum
844 683 1054 726 nobilem.

131 749 237 794 Rex
256 750 484 794 advocata
500 751 718 794 concione
737 750 839 793 haec
860 751 1024 794 edidit:

127 883 282 928 civitatis,
293 885 513 928 exploraturus
535 886 623 918 illius
647 885 839 925 scientiam,
864 887 945 929 petit
970 887 1108 927 calicem,
1131 887 1168 919 in
1192 896 1282 928 quem
1304 886 1474 927 infundens
1491 897 1603 930 aquam

201 927 209 936 ‘
240 938 274 961 se
286 929 416 962 miscere
428 938 591 970 cenenum,
612 938 690 962 cum
704 930 870 968 antid0105
902 931 1014 963 deinde
1029 930 1131 971 jussit
1145 930 1324 972 exhaurire,
1347 931 1508 973 proposita
1522 941 1602 964 mn-

75 1004 78 1007 *
125 972 210 1004 cede.
257 972 456 1006 MSutor
471 972 582 1012 susm
595 975 643 1004 est
668 975 754 1005 metu
778 974 888 1005 mortis
911 983 944 1005 se
967 984 1028 1005 non
1044 973 1193 1006 evasisse
1216 974 1369 1006 medicum
1389 974 1457 1006 uua
1477 978 1548 1007 arte
1570 979 1602 1008 et

125 1014 366 1058 exercitatione,
378 1017 435 1050 sed
444 1015 508 1049 eibi
521 1015 722 1057 acquisivisse
735 1016 823 1048 hanc
838 1016 962 1058 famam
975 1016 1105 1049 inscitia
1120 1016 1218 1057 vulgi.
1263 1017 1336 1049 Rex
1351 1018 1471 1050 vocatis
1483 1017 1604 1051 civibus

741 1113 976 1126 mm

123 1175 207 1210 tieae
221 1177 310 1211 ratio
324 1179 543 1221 postulat,ut
568 1182 717 1220 textum,
743 1188 810 1211 non
837 1179 948 1221 ipsum
973 1183 1151 1212 auctorem
1177 1179 1411 1212 emendemus.
1457 1178 1492 1211 Si
1505 1189 1552 1212 vs.
1569 1182 1601 1213 5.

122 1220 344 1260 exturbetur,
359 1223 512 1256 narratio
527 1222 713 1256 claudicat.
758 1223 853 1255 Male
869 1223 961 1255 enim
978 1224 1045 1256 ista
1056 1223 1254 1257 cohaerent:
1277 1225 1287 1241 ‘
1303 1223 1470 1256 Verbosis
1485 1223 1601 1265 acqui-

121 1263 204 1296 sivit
218 1263 285 1297 sibi
300 1263 427 1298 famam
442 1266 708 1317 strophis-..Rex
724 1265 818 1298 urbis
842 1266 914 1308 ejus
931 1267 1134 1309 experiendi
1151 1268 1262 1309 gratia
1285 1267 1457 1309 Scyphum
1475 1275 1599 1308 popos-

74 1317 84 1324 ’
121 1305 198 1341 ew
218 1307 275 1341 Ita
301 1318 344 1341 ue
360 1309 386 1341 si
401 1309 484 1352 quid
497 1309 706 1352 ejiciendum
723 1313 791 1348 est,
807 1319 874 1342 non
891 1314 982 1344 vsi-5.
998 1311 1105 1352 solus,·
1117 1311 1222 1343 etiam
1237 1314 1270 1344 4.
1283 1310 1391 1343 debet
1401 1309 1495 1351 ejici,
1508 1309 1600 1350 quod

114 1349 265 1388 ,volebat
278 1315 490 1395 {astagius
533 1353 604 1386 Sed
615 1354 751 1386 retineo
768 1357 961 1396 utrumque.
1007 1355 1085 1387 Nec
1107 1353 1245 1395 desunt,
1267 1354 1326 1397 qui
1352 1353 1472 1385 malint
1496 1352 1600 1385 1³11ae-

120 1392 221 1426 drunr
245 1395 445 1429 oscitantiae
473 1406 633 1440 arguere,
646 1406 747 1440 quam
776 1401 908 1429 temere
930 1397 1014 1430 duos
1038 1398 1166 1440 ejicere
1183 1399 1380 1430 vers'us.—9
1405 1395 1597 1429 Combibere.

119 1433 164 1469 In
187 1436 298 1474 codd.
322 1439 408 1472 Msn.
437 1444 514 1472 est:
547 1440 668 1473 Bibere
689 1439 791 1481 jussit
815 1441 918 1482 ipsum
937 1441 1041 1482 posito
1065 1442 1210 1483 pra-mio,
1238 1450 1315 1483 quae
1330 1439 1423 1472 varie
1437 1439 1599 1481 supplere

120 1479 239 1514 conati
252 1486 334 1514 mut
349 1483 412 1515 viri
429 1483 534 1516 docti.
577 1483 765 1524 vulgatum
793 1489 846 1516 est
870 1484 945 1516 Hoc
972 1484 1088 1526 bibere,
1114 1484 1207 1526 quod
1232 1488 1285 1516 est
1313 1484 1347 1515 in
1365 1483 1523 1515 Editione
1538 1482 1598 1515 Pi-

118 1523 215 1557 thoei.
260 1524 452 1559 Neveletus
466 1525 579 1559 edidit
594 1526 712 1559 Bibere
718 1526 751 1567 j.
767 1526 791 1558 ἰ.
804 1537 838 1569 p.
847 1537 881 1568 p.
906 1528 1025 1560 mallet
1050 1534 1166 1560 tamen
1183 1527 1255 1559 Hoc
1270 1527 1386 1558 bibere.
1433 1525 1597 1558 Heinsius

121 1565 298 1606 Obbo'beref
326 1569 387 1601 sed
414 1569 565 1602 nondum
592 1570 676 1602 satis
702 1574 779 1602 tuta
802 1574 856 1602 est
878 1570 980 1612 hujus
1007 1570 1106 1603 verbi
1125 1570 1321 1610 Latinitas:
1355 1578 1467 1610 neque
1491 1569 1595 1601 etiam

116 1609 315 1644 verosimile
335 1611 519 1645 videbatur
534 1612 726 1654 Gronovio,
741 1622 786 1645 ex
800 1612 940 1655 integra
956 1623 1040 1647 voce
1062 1614 1210 1657 priorem
1227 1613 1390 1656 syllabam
1405 1612 1597 1645 evanuisse.

117 1651 304 1687 Richterus
318 1653 353 1686 in
373 1655 478 1698 Spec.
498 1654 584 1689 Obs.
599 1656 678 1689 crit.
700 1656 788 1688 etin
813 1666 877 1689 sua
895 1656 1039 1690 Pha‘dri
1065 1657 1215 1690 editione
1240 1656 1417 1696 ingeniose
1442 1654 1596 1697 profecto

115 1695 260 1740 conficit
285 1697 432 1732 Ebibere.
475 1699 578 1732 Dicit
598 1699 702 1741 enim,
728 1699 887 1732 librarios
903 1701 1106 1743 plerumque
1135 1701 1256 1733 literas
1272 1708 1432 1736 versuum
1448 1698 1595 1732 initiales

116 1739 283 1781 omisisse,
305 1745 344 1774 nt
366 1740 533 1775 'videlicet
558 1751 619 1775 eas
645 1742 750 1775 minio
778 1742 972 1785 pingerent.
1030 1744 1117 1777 Quae
1155 1743 1358 1786 conjectura
1386 1743 1434 1775 ita
1463 1742 1596 1784 placuit

42 1805 45 1807 -
114 1781 292 1826 Boudeia,
322 1784 511 1826 Brotierio‚
537 1786 679 1819 Lallem.
702 1786 896 1818 Desbillon.
921 1791 959 1819 ut
983 1786 1181 1830 reciperent
1207 1787 1241 1819 in
1265 1792 1480 1819 contextum.
1525 1784 1595 1818 Sed

115 1829 214 1861 reete
228 1827 392 1862 observat
413 1828 643 1871 Burmannus,
658 1829 799 1862 Phaedri
816 1826 951 1863 fabhlas
968 1830 1047 1862 olim
1075 1840 1141 1862 non
1160 1840 1223 1872 per
1250 1840 1366 1862 versus
1391 1828 1592 1871 dispositas,

111 1868 176 1902 sed
189 1871 355 1904 continuo
367 1881 523 1906 nei-mone
543 1873 757 1915 mnscriptas
771 1871 876 1905 fuisse
893 1883 913 1905 a
927 1873 1114 1915 monachis,
1129 1878 1167 1906 ut
1180 1883 1200 1906 e
1217 1873 1378 1913 Nilantii‚
1394 1872 1542 1912 Romuli,
1557 1877 1592 1905 et

113 1911 259 1947 aliorum
285 1913 412 1948 fabulis
439 1920 621 1958 appareat,
648 1926 733 1959 quas
755 1916 850 1948 varie
882 1917 987 1949 etiam
1028 1917 1283 1959 interpolarint.
1339 1915 1458 1958 Atque
1488 1915 1594 1948 etiam

111 1954 324 1998 Brotierins,
338 1957 396 2000 qui
412 1958 499 1992 eod.
515 1959 585 1991 Ms.
603 1959 730 1993 Pithoei
745 1959 780 1991 in
795 1960 954 1993 manibus
965 1959 1098 2002 babuit,
1110 1965 1274 1999 testatur,
1289 1959 1429 1991 Plraedri
1445 1958 1593 1999 fabulas,

111 2002 155 2037 ,ut
194 2006 405 2042 rosam,non
430 2007 470 2035 ut
493 2012 627 2044 versus,
653 2013 673 2035 a
695 2002 845 2035 librariis
873 2003 1068 2044 descriptos
1094 2003 1211 2035 fuisse.
1255 2002 1451 2035 Gronovius
1477 2001 1593 2044 docet,

111 2041 149 2075 nl
214 2053 269 2076 am
290 2055 306 2076 s
330 2044 457 2078 llabam
483 2045 519 2077 in
543 2046 686 2079 toxicum
709 2046 864 2087 potuisse
894 2046 1084 2078 absorbere
1110 2045 1284 2088 sequentis
1310 2045 1404 2077 vocis
1435 2044 1592 2086 primam,

111 2085 278 2120 uudeille
308 2088 390 2130 neit,
405 2088 486 2120 Tum
499 2088 741 2131 bibere;·quod
768 2088 883 2130 rejicit
898 2089 1127 2121 Burmannus.
1173 2089 1262 2122 Quae
1290 2088 1380 2120 enim
1404 2092 1495 2120 esset
1519 2097 1592 2120 sca-

110 2127 371 2171 britte-„deirae
394 2131 557 2171 simulans,
571 2135 643 2164 cet.
670 2132 751 2164 'nem
765 2131 867 2173 bibere
885 2131 997 2172 jussit,
1022 2137 1059 2163 et
1085 2141 1165 2163 mox
1194 2141 1243 2173 sq.
1279 2131 1406 2164 iterum
1423 2141 1522 2163 versu
1538 2131 1591 2164 ille

111 2174 182 2204 tm
203 2172 360 2212 confessus
383 2171 454 2206 ent?
483 2174 602 2208 Quare
626 2175 761 2207 mollius
779 2174 919 2216 judicat
946 2175 1086 2207 toxicum
1111 2174 1292 2207 combibere
1307 2174 1433 2215 jussit,
1447 2174 1590 2208 laudans

110 2214 199 2248 Hor.
215 2215 284 2249 od.
299 2225 325 2249 ¹.
341 2218 395 2250 37.
409 2219 464 2249 28.
480 2217 584 2250 Ovid.
599 2217 690 2250 Met.
713 2226 780 2249 vu.
803 2220 880 2250 28⁷.
926 2217 1044 2250 Nihilo
1069 2227 1152 2250 vero
1176 2218 1289 2250 secius
1316 2218 1491 2257 vulgatum
1518 2227 1590 2251 ser-

109 2258 184 2292 vari
203 2268 306 2302 posse
321 2263 434 2301 putat,
455 2260 534 2302 quia
545 2259 661 2301 jubere
671 2260 790 2302 bibere,
810 2262 888 2293 dare
901 2260 1004 2293 bibere
1019 2259 1095 2293 fere
1110 2261 1271 2293 solennes
1287 2265 1367 2293 sunt
1384 2261 1588 2295 locutiones.

108 2301 280 2345 Equidem
298 2302 480 2335 combibere
495 2303 598 2344 jussit
612 2304 728 2345 recepi
744 2314 822 2336 cum
839 2304 1048 2346 Bipontinis.
1064 2314 1129 2337 nec
1144 2304 1411 2338 immerita—ll
1439 2304 1587 2337 Medica.

109 2344 197 2378 Mus.
225 2345 320 2378 Pitb.
345 2350 382 2378 et
408 2346 506 2380 Rem.
531 2347 709 2384 medicum,-
739 2348 794 2379 sed
815 2348 943 2379 medicae
970 2352 1024 2380 est
1046 2357 1090 2380 ex
1117 2347 1359 2380 emendatione
1387 2348 1521 2379 Heinsii
1550 2352 1587 2380 et

110 2386 263 2421 Gronov.
307 2390 496 2430 vulgatum
525 2395 640 2422 tamen
666 2395 795 2430 praeter
822 2390 984 2423 Nevelet.
1010 2391 1137 2433 Rigalt.
1160 2394 1194 2423 2.
1217 2391 1337 2423 Ursin.
1362 2391 1405 2422 al.
1434 2391 1587 2423 retinent

109 2431 255 2464 Lauem.
270 2432 372 2464 Brot.
388 2432 623 2465 nechim—13
650 2433 773 2466 Edidit.
811 2433 869 2465 Ita
893 2444 956 2476 pro
979 2434 1105 2466 addidit
1122 2435 1251 2476 primus
1275 2434 1428 2466 Gronov.
1443 2434 1511 2475 legi
1527 2443 1586 2467 vo-

108 2474 186 2515 luit,
200 2485 277 2518 quae
295 2475 500 2517 conjectura
515 2476 619 2508 etiam
635 2476 669 2508 in
685 2481 836 2509 mentem
854 2478 951 2509 venit
965 2477 1124 2518 Heinsio,
1149 2477 1272 2519 quibus
1289 2476 1414 2508 deinde
1429 2476 1584 2509 obsecuti

107 2521 188 2550 aunt
212 2519 285 2559 alii,
308 2519 454 2551 maxime
478 2519 664 2551 Burmann.
680 2519 833 2553 Brotier.
853 2520 1048 2562 Bipontini,
1064 2521 1107 2552 al.
1123 2520 1256 2553 Gudius
1272 2525 1309 2552 et
1322 2518 1426 2552 wolf.
1442 2523 1586 2552 tuentur

107 2561 232 2595 adduit
246 2571 295 2595 sc.
309 2561 361 2603 iis,
378 2573 452 2605 qua».
469 2562 640 2595 advocata
656 2562 690 2594 in
715 2564 881 2596 concione
909 2568 1004 2596 sutor
1029 2563 1104 2606 ipse
1130 2563 1332 2595 fatebatur:
1367 2566 1471 2605 putat
1492 2562 1582 2595 enim

772 2665 914 2698 NOTAE

148 2743 172 2774 o
191 2740 266 2775 Rex
277 2740 382 2784 urbis]
399 2742 470 2777 Qui
484 2751 648 2775 summam
662 2746 817 2784 tenet,et
869 2742 1083 2776 vocabantur
1105 2743 1315 2786 singularum
1330 2742 1478 2777 urbium
1506 2753 1580 2778 rec-

76 2800 79 2802 *
107 2791 246 2836 regitin
262 2792 370 2827 Urbe.
413 2792 532 2836 Atque
552 2792 603 2826 sic
626 2793 817 2836 antiquitus
870 2798 977 2828 tores.
