1806 3236
246 211 308 255 74
536 222 736 257 rnAEnm
770 218 1084 256 numanum
1117 222 1419 256 insomnium

251 316 443 370 Quantae
463 319 628 373 putatis
651 330 748 361 esse
768 332 852 361 vos
875 318 1125 371 dementiae,

251 385 345 438 Qui
367 387 520 440 capita
539 390 687 428 vestra
700 400 790 429 non
811 387 1021 429 dubitatis
1042 386 1232 438 credere,
1522 391 1524 393 ’
1582 391 1586 395 ’
1619 387 1704 431 211⁶

249 452 337 495 Cui
356 454 626 497 calceandos
646 468 773 498 nemo
792 455 1015 498 commisit
1033 439 1176 511 pedes‘
1186 456 1207 497 ‘i
1596 447 1601 449 ⁴
1644 457 1650 464 '
1679 456 1686 471 '²

307 522 411 565 Hoc
431 524 643 578 pertinere
663 537 768 566 vere
788 524 845 566 ad
866 524 969 566 illos
989 524 1195 575 dixerim,

250 588 453 641 Quorum
474 591 667 634 stultitia
681 592 880 646 quaest‘us
901 591 1189 647 impudentiae
1207 594 1286 634 est.

250 740 298 773 sic
311 740 460 781 arg-nebat
471 752 482 773 .-
507 741 643 778 Quantae
658 742 849 775 existimatis
860 732 914 775 vos
927 752 992 774 esse
1005 743 1154 775 stultitiae
1177 743 1231 784 qui
1244 752 1304 775 non
1318 740 1437 775 timetis
1448 741 1638 776 munnere
1659 741 1709 774 im

249 784 349 815 vitam
362 787 508 825 vestram,
523 785 574 816 cui
586 786 690 816 nullus
709 785 843 817 credidit
863 786 956 827 pedes
974 786 1086 818 calceis
1099 784 1295 819 induendos?
1315 786 1547 829 Affirmant-in
1563 784 1709 821 ”8⁴00

248 829 387 868 :peceare
401 826 472 858 illos
483 837 612 868 quorum
625 828 756 860 audacia
763 827 849 868 facit
862 838 928 861 rem
942 839 983 861 ex
989 828 1146 868 fatuitate
1160 828 1396 862 multitudinis.

864 935 1078 948 00000000000
1081 936 1100 948 0

248 1008 405 1050 Wolfins,
420 1011 540 1052 procul
566 1011 671 1044 dubio
686 1021 801 1054 regem
824 1012 917 1054 prius
929 1013 1083 1055 coegisse
1103 1013 1214 1055 ipsum
1229 1015 1379 1045 sutorem
1394 1011 1531 1054 publice
1541 1008 1715 1051 confiteri,

248 1060 328 1094 quae
350 1052 509 1094 privatim
526 1055 598 1096 regi
614 1053 727 1088 fuerat
742 1055 934 1098 confessus,
959 1058 1014 1089 vel
1039 1058 1150 1099 ipsum
1166 1066 1207 1088 ea
1226 1055 1382 1088 concioni
1398 1053 1597 1096 exposuisse
1607 1060 1712 1103 rnen

250 1099 352 1126 extra
367 1096 440 1127 veri
462 1098 626 1138 speciem,
635 1098 817 1139 judicante
836 1101 1055 1141 Burmanno;
1087 1109 1154 1131 non
1169 1099 1257 1131 enim
1274 1097 1456 1131 Pbaedrum
1472 1097 1583 1129 solere
1597 1105 1713 1128 omnia

250 1139 389 1179 exequi,
403 1143 439 1170 et
467 1139 526 1171 illa
548 1141 652 1172 verba
670 1142 760 1173 edere
786 1146 822 1174 et
848 1144 962 1175 addere
986 1142 1174 1175 solenniter
1196 1142 1350 1174 librarios
1375 1139 1581 1173 confudisse.
1624 1138 1713 1170 Mihi

250 1184 380 1222 tamen,
395 1181 422 1212 si
437 1183 561 1214 addidit
575 1184 778 1225 retineatur,
790 1190 826 1217 et
842 1187 944 1227 paulo
961 1190 1041 1218 ante
1057 1189 1246 1218 memorata
1261 1184 1453 1226 supplenda
1465 1183 1545 1222 sint,
1558 1182 1712 1215 narratio

250 1223 428 1265 paulisper
443 1225 639 1258 claudicare
654 1227 801 1261 videtur.
845 1227 927 1260 Alia
944 1238 996 1261 res
1008 1234 1113 1268 esset,
1127 1228 1155 1259 si
1171 1226 1516 1260 Phaedrus-dixisset:
1539 1223 1714 1259 concione

251 1265 420 1299 advocata
436 1269 631 1301 combibere
642 1270 747 1310 jussit
762 1271 871 1312 ipsum
885 1275 954 1303 cet.
979 1273 1055 1304 Rex
1070 1273 1146 1303 haec
1163 1270 1308 1304 addidit.
1353 1268 1586 1318 Dcsbillonius
1599 1266 1715 1310 patuit

249 1308 390 1342 lectioni
417 1312 579 1351 vulgatae,
607 1313 828 1346 addidit—1⁵
866 1314 1044 1347 Dubitatis.
1084 1314 1248 1346 Heinsius
1278 1313 1428 1346 dubitetis
1457 1322 1475 1343 e
1502 1313 1716 1352 conjectura,

251 1351 342 1394 quod
357 1354 423 1385 non
440 1362 494 1386 est
509 1355 835 1396 spernendum—16
860 1357 1036 1389 Commisit.
1081 1357 1138 1390 Sic
1162 1358 1265 1398 vulgo
1290 1357 1419 1398 legitur
1444 1364 1488 1386 ex
1511 1353 1597 1386 Cod.
1618 1351 1714 1385 Pith.

250 1399 368 1440 recte;
392 1402 504 1429 metro
527 1398 563 1430 id
580 1399 784 1440 postulante.
827 1401 1001 1433 Meursius
1020 1405 1056 1432 et
1074 1399 1182 1432 Faber
1198 1400 1338 1431 mallent
1353 1396 1531 1437 commissit,
1568 1395 1716 1446 uod-per

251 1438 477 1472 archaismum
504 1445 558 1473 est
582 1451 644 1483 pro
670 1443 871 1481 commiserit,
894 1448 934 1476 ut
957 1443 1134 1485 pugnassit,
1156 1452 1220 1484 pro
1241 1441 1441 1482 pugnaverit.
1483 1439 1526 1472 In
1572 1438 1715 1485 *ditione

250 1479 380 1513 Pithoei
395 1486 431 1513 et
447 1483 613 1515 Rittersh.
630 1489 683 1516 est
697 1487 905 1518 commiserit:
926 1487 987 1518 sed
1001 1486 1212 1526 Freinshem.
1233 1483 1361 1517 Scheff.
1374 1483 1432 1516 alii
1459 1487 1554 1515 recte
1569 1480 1732 1531 probant.

251 1523 424 1564 vulgatum
440 1526 606 1567 commisit,
623 1531 662 1559 ut
682 1536 798 1560 sensus
816 1529 881 1561 sit:
907 1539 967 1561 vos
990 1538 1082 1561 nunc
1098 1529 1129 1559 ei
1150 1527 1364 1560 committitis
1379 1525 1493 1567 capita
1507 1528 1636 1565 vestra,
1659 1533 1714 1556 cui

250 1575 351 1598 nemo
365 1568 511 1600 antehac
528 1571 694 1602 commisit
710 1571 830 1611 pedes,
845 1581 918 1611 sen,
935 1576 973 1604 ut
988 1571 1037 1604 ait
1062 1571 1214 1603 Gronov.
1240 1570 1350 1603 voluit
1371 1570 1486 1601 locare
1508 1568 1644 1600 calceos
1666 1565 1716 1599 fa-

251 1609 403 1641 ciendos.
419 1611 540 1645 Heius.
555 1613 697 1654 conjicit
713 1614 985 1647 committat—1⁷
1009 1615 1081 1646 Hoc
1094 1614 1252 1655 pertinere
1265 1622 1346 1646 were.
1389 1611 1446 1644 Sic
1461 1610 1562 1652 vulgo
1577 1609 1716 1652 legitur.

250 1651 482 1694 Burmannus,
496 1655 550 1686 cui
568 1656 694 1688 vocalis
705 1657 867 1697 repetitio
882 1657 1018 1698 ingrata
1035 1656 1229 1696 videbatur,
1249 1655 1379 1688 edidit:
1415 1652 1654 1695 Hoc-pertinere
1669 1652 1716 1684 aa

249 1694 320 1726 illos
333 1705 405 1727 vere
425 1697 573 1738 dixerim,
587 1703 626 1730 ut
652 1709 723 1731 vere
747 1709 823 1730 cum
849 1701 894 1739 τῷ
917 1700 1055 1733 dixerim
1080 1699 1208 1741 conjun
1234 1701 1321 1731 atur.
1366 1697 1432 1730 Cui
1447 1694 1602 1728 nonnulli
1618 1694 1716 1727 obse·

251 1742 402 1779 quuntur
415 1749 424 1777 ;
441 1740 501 1771 sed
517 1741 650 1773 retineo
664 1742 837 1782 vulgatum
852 1752 928 1774 cum
942 1743 1145 1774 Lallemant.
1158 1741 1310 1774 Brotier.
1323 1738 1531 1781 Bipontinis‚
1544 1736 1718 1772 Desbillo·

250 1779 331 1819 nio;
355 1781 446 1822 quod
462 1781 617 1815 defendit
632 1785 818 1816 Burmann.
835 1795 854 1816 e
878 1785 959 1817 Ter.
975 1784 1086 1816 Andr.
1106 1785 1149 1815 V.
1171 1787 1202 1817 3.
1217 1787 1270 1816 14.
1294 1785 1303 1802 ‘
1319 1783 1440 1815 eodem
1455 1782 1510 1813 die
1535 1782 1626 1814 istuc
1639 1788 1717 1815 vet-

251 1821 333 1854 bum
360 1833 441 1855 vere
468 1825 504 1856 in
524 1829 560 1857 te
585 1826 745 1865 accidit3'
768 1827 831 1858 nisi
858 1827 932 1868 quis
959 1827 1043 1859 velit
1066 1837 1137 1859 vere
1163 1826 1197 1858 in
1224 1827 1301 1858 loco
1317 1825 1455 1858 Phaedri
1477 1825 1715 1874 jungeremini

251 1864 487 1899 dixerim—18
510 1867 553 1899 In
577 1869 662 1901 Mss.
689 1869 784 1901 Pith.
811 1870 907 1902 Rem.
932 1874 969 1901 et
994 1874 1062 1902 vet.
1093 1869 1186 1901 Edit.
1211 1869 1267 1902 hic
1293 1878 1410 1900 versus
1435 1868 1483 1900 ita
1510 1864 1714 1903 exhibetur:

255 1907 396 1944 Quorum
409 1910 557 1942 stuuieioe
579 1915 715 1953 quaestus
737 1913 930 1953 impudentia
953 1916 1010 1944 est.
1056 1911 1134 1946 Hoc
1159 1915 1309 1945 testatur
1323 1910 1473 1948 Brotier.
1517 1909 1567 1942 At
1581 1907 1717 1954 Gadium

253 1950 289 1982 in
314 1951 383 1984 Ms.
408 1952 493 1985 Cod.
519 1954 575 1995 qui
599 1964 667 1986 non
690 1954 775 1987 alius
804 1959 858 1987 est
881 1965 980 1997 quam
1006 1954 1146 1993 pithoei,
1172 1955 1222 1987 ait
1246 1964 1282 1986 se
1304 1953 1471 1995 reperisse
1496 1950 1718 2001 imprudentia,

253 2002 356 2067 guam
372 1994 556 2028 lectionem
574 2001 692 2028 tuetur
707 2007 726 2029 e
742 2008 791 2030 vs.
808 2001 860 2030 11.
883 1998 984 2039 hujus
1001 1997 1141 2037 fabulae,
1165 1997 1204 2029 it.
1228 2006 1247 2028 e
1262 1995 1321 2029 lib.
1336 2005 1377 2029 u.
1399 1994 1470 2028 fab.
1486 1997 1517 2027 ³.
1534 1997 1567 2027 6.
1591 1993 1649 2027 hb.
1661 2002 1716 2043 iv.

270 2035 326 2069 ab.
341 2041 375 2068 ὅ.
390 2039 443 2070 48.
488 2038 544 2071 An
559 2038 649 2072 forte
664 2041 830 2072 alterutra
846 2041 949 2072 lectio
965 2046 1018 2073 est
1029 2051 1050 2073 a
1063 2050 1164 2072 manu
1176 2039 1351 2075 secunda?
1375 2038 1564 2076 Neveletus
1580 2035 1690 2074 edidit
1705 2047 1714 2069 z

255 2078 395 2118 Quorum
415 2082 562 2113 stultitia
587 2086 724 2124 quaestus
748 2083 958 2125 imprudentia
981 2086 1039 2116 est.
1082 2083 1139 2115 Sic
1162 2091 1297 2133 quoque
1325 2082 1434 2123 prima
1450 2075 1618 2122 Rigaltii5
1639 2083 1716 2121 qna}
1778 2080 1784 2087 '

251 2121 356 2154 lectio
373 2123 487 2155 Fabro
511 2134 579 2156 nou
606 2125 777 2166 displicet.
822 2126 1012 2158 Gronovius
1037 2130 1073 2157 et
1098 2125 1225 2158 Hamus
1245 2124 1384 2156 stultitia
1406 2122 1615 2156 nominativo
1630 2125 1714 2156 casu

255 2164 402 2205 positum
429 2166 587 2209 credunt,
612 2169 675 2200 hoc
701 2178 813 2209 sensu,
834 2173 871 2200 ut
897 2170 971 2210 ipsa
991 2168 1137 2200 stultitia
1163 2172 1199 2200 et
1214 2167 1388 2209 imperitia
1412 2167 1456 2198 sit
1472 2169 1632 2208 quaestus,
1647 2163 1671 2214 i:
1683 2173 1718 2214 q.

254 2212 424 2248 quaestum
441 2210 598 2250 praebeat
623 2210 890 2251 impudentibus.
934 2211 1004 2243 Sed
1027 2211 1092 2252 ipsi
1119 2209 1275 2242 diffidunt
1290 2210 1369 2242 huic
1385 2207 1612 2250 exposition13
1635 2207 1716 2257 binc

254 2249 390 2282 malunt
400 2253 545 2291 quaestui.
588 2253 646 2285 Sic
664 2253 925 2295 Freinshemius,
950 2254 1017 2295 legi
1034 2254 1174 2295 jubens,
1205 2253 1344 2289 Quorum
1356 2252 1495 2283 stultitia
1509 2253 1644 2292 quam·
1655 2259 1716 2283 tm-

251 2292 413 2334 pedentim
423 2298 482 2327 est.
527 2295 684 2330 Quaestui
700 2301 815 2328 autem
830 2296 992 2329 dicuntur
1005 2295 1157 2328 homines
1169 2304 1259 2335 esse,
1271 2304 1314 2326 ex
1334 2294 1456 2337 quibus
1472 2293 1531 2326 alii
1545 2295 1716 2336 qun-‚tum

918 2408 1059 2441 NOTAE

301 2499 342 2528 15
369 2497 484 2538 Capita
507 2497 628 2539 veetra]
666 2497 753 2531 Cum
782 2502 888 2540 caput
916 2499 962 2531 sit
1015 2498 1104 2531 enim
1120 2498 1264 2541 opponit
1277 2497 1392 2541 pedes.

258 2547 438 2590 praecipua
464 2548 614 2588 corporis
651 2558 742 2589 pars,
780 2549 962 2581 usitatissi-
1059 2553 1100 2582 18
1131 2551 1270 2587 Quorum
1297 2549 1435 2583 scrutina
1459 2552 1593 2591 quom
1614 2549 1715 2591 ἐκφα-

258 2607 350 2629 mum
367 2602 420 2629 est
443 2598 532 2638 apud
559 2598 629 2630 Cic.
656 2603 693 2630 ut
714 2608 781 2630 vox
795 2599 855 2630 ilia
870 2609 963 2631 usur·
1015 2602 1130 2633 dentioe
1144 2601 1207 2642 est]
1230 2601 1272 2633 ld
1295 2606 1361 2639 est,
1381 2601 1437 2642 qui
1462 2600 1512 2631 ita
1526 2593 1613 2632 fatui
1626 2602 1718 2640 sunt,

259 2651 363 2688 petur
378 2657 438 2688 pro
456 2647 537 2678 vita.
575 2648 831 2688 Elegantissime
848 2654 962 2681 autem
1017 2655 1056 2683 ut
1070 2656 1219 2693 quaestus
1241 2651 1284 2682 ad
1311 2651 1529 2692 impudentes
1554 2649 1714 2689 devolet3

258 2696 324 2729 hoc
345 2697 420 2728 loco
449 2702 632 2738 usurpatur
654 2704 797 2739 propter
819 2708 963 2740 sequen·
1018 2702 1084 2742 vel,
1101 2707 1139 2733 ut
1164 2702 1203 2733 iis
1227 2702 1272 2734 sit
1299 2706 1460 2744 qnaestus,
1481 2701 1538 2743 qui
1561 2701 1717 2743 gnaviter

260 2750 332 2779 tem
364 2757 497 2787 ⁴vocem,
531 2749 635 2788 pedes,
668 2753 841 2790 augetque
875 2749 963 2781 dicti
1015 2752 1233 2793 impudentes
1258 2757 1360 2787 sunt:
1391 2753 1443 2785 ita
1463 2749 1716 2793 &eug-20¹¹&-

260 2797 491 2840 acrimoniam,
513 2808 557 2830 ex
579 2798 806 2840 oppositione.
850 2799 965 2842 Capiti
1014 2802 1102 2836 vius.
1456 2823 1458 2825 »
1585 2829 1588 2832 .
