1806 3236
242 215 301 259 92
531 225 734 258 PHAEDR!
768 224 963 258 nsum
972 226 1079 258 RUM
1113 225 1413 260 ,ascensuum

239 319 284 362 A
303 319 552 364 Corcodilis
570 334 626 364 ne
645 321 890 376 rapiantur,
911 321 1231 365 ‘traditum'est

242 388 384 442 Igitur
404 401 506 431 cum
526 401 700 431 currens
717 389 872 431 bibere
892 389 1111 444 coepisset
1130 389 1283 442 CaniS,
1673 391 1703 434 5

229 455 321 503 xSic
342 455 622 499 Corcodilus:
654 455 802 508 Quam
817 457 926 499 libet
942 457 1090 500 lambe
1110 459 1219 510 otio,
1255 511 1258 516 ἱ

243 522 354 566 Noli
371 525 524 568 vereri.
583 523 647 567 At
666 525 765 568 ille:
794 525 1006 568 Facerem
1026 526 1285 579 mehercule,

244 656 325 688 Cum
336 665 410 697 ergo
428 657 526 690 Canis
547 657 685 700 quidam
709 659 849 700 coepisset
873 659 1006 692 lambere
1026 669 1164 702 currens,
1176 661 1225 693 ita
1247 660 1429 693 Crocodilus
1442 659 1486 692 ad
1501 668 1596 691 eum:
1621 658 1706 692 Bibe

241 700 437 740 quantumvis
449 700 556 741 otiose,
580 701 663 734 nihil
678 702 765 735 time.
808 702 855 735 At
879 703 997 736 Canis.-
1019 704 1168 736 Facerem
1191 704 1343 746 equidem,
1364 704 1427 736 nisi
1448 712 1567 736 nomm
1590 705 1707 735 tecm

242 742 370 775 avidum
385 753 460 775 meae
474 744 591 776 carnis.

855 808 1092 822 000000000000

242 870 327 904 ritas
341 872 415 904 !-4
440 872 622 907 corcodilis.
666 874 708 906 Iu
731 874 799 909 Ms.
825 874 920 909 Pith.
945 880 1000 909 est
1027 875 1231 908 Corcodrillis
1244 874 1429 917 Brotierio,
1454 877 1491 907 at
1517 872 1708 907 Corcodrilis

243 915 417 947 Neveleto
434 916 591 955 testibus.
649 917 690 949 In
705 918 773 950 Ms.
789 918 886 951 Rem.
903 919 1109 956 Corcodillis5
1141 923 1178 951 at
1203 918 1337 951 Gudius
1364 922 1563 956 attestatur,
1583 916 1619 949 in
1640 916 1707 950 boc

241 958 312 998 legi
330 958 511 991 Corcodilis.
556 960 680 993 Multae
693 964 807 994 tamen
822 961 994 995 editiones
1009 962 1139 994 habent
1152 962 1335 1002 crocodillis,
1350 972 1378 994 s.
1395 960 1583 994 Crocodiliaae
1620 959 1707 993 Lec-

243 1000 373 1032 tionem
389 1011 470 1033 vero
488 1002 659 1036 Con-odilis
682 1012 758 1036 esse
780 1014 896 1037 veram
919 1011 957 1038 et
978 1009 1122 1047 rectam,
1135 1005 1272 1037 erudite
1288 1004 1412 1047 probat
1425 1004 1571 1037 andins.
1614 1003 1707 1036 Nam

241 1044 418 1084 vulgatam
436 1045 610 1078 Crocodilis
625 1056 741 1079 versus
758 1047 845 1079 ratio
860 1048 1007 1089 respuit,
1033 1058 1110 1080 cum
1133 1048 1244 1089 prima
1259 1048 1293 1079 in
1311 1047 1492 1080 Crocodilus
1510 1050 1634 1078 natura
1646 1054 1707 1077 sna

242 1086 356 1119 brevis
371 1088 428 1120 sit.
473 1088 678 1122 constanter
692 1089 781 1122 enim
798 1090 915 1123 Graeci
929 1091 1084 1124 scribunt
1109 1090 1324 1133 Κροκόδειλος,
1344 1101 1412 1123 non
1436 1087 1645 1132 Κρωκόδειλος
1668 1093 1708 1121 et

244 1128 449 1171 Κροκόδειλος
464 1132 667 1174 promiscue,
677 1132 769 1174 quod
784 1134 857 1166 vult
871 1133 996 1175 Faber,
1007 1134 1065 1177 qui
1081 1134 1227 1175 primam
1241 1135 1276 1166 in
1290 1133 1470 1166 Crocodilus
1482 1131 1708 1175 producebat.

242 1172 254 1190 ‘
269 1173 404 1205 Testari
420 1174 578 1215 possum‚'
602 1174 715 1217 inquit
731 1175 876 1217 Gudius,
900 1177 910 1195 ‘
927 1176 964 1208 in
978 1177 1116 1219 optimis
1142 1181 1180 1210 et
1201 1177 1497 1220 septingentorum
1512 1179 1549 1208 et
1563 1174 1708 1217 amplius

244 1225 410 1248 annorum
425 1216 629 1250 membranis
645 1227 711 1250 non
727 1222 860 1251 tantum
874 1219 966 1261 apud
983 1219 1117 1262 poetas,
1131 1219 1172 1252 iis
1194 1220 1229 1252 in
1254 1220 1348 1260 locis,
1370 1219 1429 1252 ubi
1453 1218 1557 1251 metri
1570 1217 1660 1251 ratio
1672 1216 1707 1249 id

243 1259 407 1300 postulat,
422 1259 482 1291 sed
496 1260 601 1292 etiam
617 1260 652 1293 in
667 1271 768 1303 prosa
787 1261 877 1303 apud
894 1266 1048 1295 oratores
1063 1267 1100 1295 et
1115 1263 1334 1305 philosophos
1351 1261 1496 1304 reperiri
1516 1260 1710 1294 Corcodilus-

245 1301 369 1344 Neque
385 1302 437 1334 his
453 1303 619 1343 obstabit,
645 1304 737 1346 quod
753 1304 877 1337 belluae
892 1305 990 1338 istius
1007 1306 1150 1338 Niliacae
1164 1315 1289 1338 nomen
1303 1316 1323 1338 a
1337 1305 1469 1338 Graecis
1483 1303 1597 1338 Latini
1612 1312 1712 1344 acce·

244 1345 373 1386 perint,
387 1345 444 1387 qui
460 1345 663 1387 Κροκόδειλος
678 1347 891 1389 scripserint.
932 1348 991 1381 Sic
1006 1348 1098 1381 enim
1112 1358 1206 1390 saepe
1221 1348 1400 1388 vocabula,
1425 1357 1502 1390 quae
1527 1357 1550 1380 a
1573 1346 1709 1380 Grecis

242 1386 372 1420 habent
384 1388 511 1430 Latini,
526 1390 758 1424 immutarunt.
801 1391 858 1424 Sic
873 1392 983 1424 turdus
1005 1402 1027 1424 a
1047 1390 1175 1434 βραδὺς,
1189 1394 1253 1424 &c.
1297 1391 1428 1425 Eodem
1442 1390 1544 1423 modo
1557 1388 1712 1432 derspos

243 1434 282 1462 et
307 1428 471 1473 Κράτερος.
516 1433 595 1465 Non
617 1433 815 1474 negandum
838 1443 922 1466 vero
948 1438 1015 1475 est,
1042 1434 1177 1476 poetas,
1200 1434 1332 1476 quoties
1355 1435 1466 1476 prima
1489 1433 1581 1467 foret
1605 1432 1712 1465 corri-

245 1473 384 1515 pienda,
396 1474 439 1506 ad
455 1474 680 1509 imitationem
697 1476 899 1511 Graecorum
914 1477 1091 1519 scripsisse
1106 1477 1297 1510 Crocodilus.
1340 1478 1398 1510 Sic
1414 1477 1502 1510 Hor.
1516 1475 1628 1518 Epod.
1643 1483 1712 1508 ΧΠ.

245 1518 299 1549 11.
344 1517 475 1549 Postea
491 1519 592 1550 unice
608 1518 745 1551 tandem
761 1519 925 1560 obtinuit,
941 1524 980 1552 ut
995 1520 1203 1552 scriberetur
1220 1519 1500 1553 emanuel—o.
1515 1522 1536 1552 7
1558 1518 1599 1551 In
1615 1522 1711 1552 utro—

244 1568 311 1601 que
328 1559 457 1592 Codice
473 1564 510 1592 et
533 1561 627 1594 Pith.
652 1565 690 1594 et
710 1563 808 1594 Rem.
825 1566 990 1605 corrupte
1002 1563 1076 1596 haec
1102 1564 1152 1595 ita
1171 1564 1347 1605 leguntur,
1362 1566 1455 1596 teste
1472 1560 1710 1594 Desbillonio:

241 1603 410 1642 quamlibet
425 1604 523 1636 lambe
534 1614 626 1646 ocyus
638 1608 713 1644 pota
726 1606 834 1637 accede
850 1605 929 1637 Noli
950 1606 1062 1638 timere
1073 1607 1177 1639 sedulo
1190 1607 1238 1638 uit
1251 1609 1287 1639 at
1301 1607 1364 1639 noli
1377 1605 1480 1639 vereri
1493 1604 1599 1647 inquit
1608 1607 1644 1638 ot
1656 1603 1714 1636 tue

244 1644 347 1677 facere
361 1646 541 1680 mehercule.
584 1647 748 1680 Heinsius
766 1653 880 1681 tamen
896 1648 1011 1690 docet,
1023 1649 1059 1681 in
1072 1649 1195 1681 Veteri
1206 1649 1349 1690 Codice,
1371 1649 1398 1681 i.·
1406 1658 1438 1681 e.
1454 1647 1549 1680 Pith.
1563 1645 1713 1680 inveniri

246 1697 311 1729 pro
325 1698 431 1730 ocyus,
444 1690 531 1727 otio3
564 1690 663 1732 cujus
677 1691 769 1723 modi
785 1691 1022 1723 diversitatem
1048 1692 1228 1734 scripturae
1242 1692 1286 1724 in
1309 1692 1435 1724 eodem
1459 1691 1712 1732 codices-spru

245 1730 425 1772 aliquoties
441 1731 600 1765 vidimus.
642 1732 685 1765 Τὸ
704 1734 769 1765 otio
793 1738 908 1766 autem
932 1734 1070 1767 videtur
1086 1744 1159 1766 esse
1185 1745 1206 1767 a
1231 1744 1334 1767 manu
1357 1735 1480 1776 prima,
1492 1739 1586 1776 ocyus
1611 1741 1633 1765 a
1659 1742 1713 1764 se·
1743 1775 1747 1778 ι

246 1773 370 1812 cunda.
414 1774 600 1807 Phaedrum
615 1775 671 1808 hic
688 1786 762 1808 esse
777 1776 1024 1818 interpolatum
1040 1777 1272 1809 additionibus
1286 1777 1515 1819 librariorum,
1529 1775 1589 1819 qui
1604 1775 1712 1817 expli-

245 1816 383 1848 catione
396 1817 454 1848 τοῦ
467 1817 567 1850 lambe
591 1818 656 1850 otio
681 1818 796 1851 sensui
821 1819 999 1851 consulere
1026 1820 1166 1859 vellent,
1191 1829 1274 1852 vero
1300 1824 1355 1852 est
1379 1819 1598 1852 simillimum.
1641 1818 1713 1859 Sic,

246 1863 338 1891 teste
362 1860 548 1902 Brotierio,
569 1860 627 1892 lib.
642 1870 668 1894 ι.
694 1860 765 1893 fab.
779 1864 833 1894 22.
849 1865 883 1894 7.
909 1866 991 1903 post
1013 1857 1132 1903 verba‘,
1152 1862 1164 1881 ‘
1179 1866 1216 1894 et
1229 1862 1322 1904 ipsos
1341 1861 1512 1903 devores,’
1533 1861 1601 1894 Mc.
1615 1861 1715 1893 Pith:

243 1901 372 1935 habet:
395 1904 406 1920 ‘
424 1902 494 1935 Hic
506 1903 660 1945 intellige
674 1903 821 1936 soricem
837 1914 915 1936 esse
930 1905 1066 1945 generis
1080 1905 1282 1937 masculini!
1326 1905 1480 1938 Pithoeus
1504 1908 1584 1946 post
1603 1913 1655 1936 vs.
1676 1906 1711 1936 6.

246 1954 350 1977 unum
368 1954 503 1977 versum
519 1945 673 1978 addidit:
697 1947 830 1988 Accede,
843 1950 917 1988 pota
929 1947 1053 1988 leniter,
1065 1951 1097 1980 et
1108 1948 1174 1980 noli
1185 1949 1280 1989 dolos,
1293 1947 1414 1990 Inquit,
1426 1948 1537 1981 cereri.
1580 1946 1624 1980 A.
1647 1946 1672 1979 ι’.
1679 1945 1714 1985 f.

246 1988 739 2073 3;.2;2222¹‡2023:2⁶2;e²
753 1989 1713 2077 arastus?-3⁶2222u2022222250gz22522r

449 2054 459 2072 θ
701 2056 710 2065 ·
1119 2057 1129 2074 2
1369 2058 1377 2066 ·
1521 2055 1531 2073 ¹
1698 2050 1712 2056 “

246 2076 310 2113 ter,
323 2077 355 2105 et
369 2074 435 2106 noli
447 2075 543 2115 dolos,
557 2074 694 2116 penitus
706 2075 891 2117 omittant3
914 2085 1016 2108 versu
1032 2079 1146 2108 autem
1162 2085 1213 2118 sq.
1228 2086 1291 2119 pro
1311 2076 1414 2118 inquit
1436 2075 1623 2120 preferant
1635 2072 1712 2107 iudi.
1775 2087 1780 2093 ·

245 2115 303 2148 Sic
317 2116 458 2158 Rigaltii
469 2117 586 2150 Editio
602 2123 789 2160 postrema,
801 2122 839 2153 et
853 2118 1026 2151 Maittarli
1042 2118 1237 2162 Danetique
1253 2119 1444 2153 Editiones.
1482 2118 1598 2169 Atque
1609 2117 1714 2152 etism

911 2231 1054 2265 NOTAE

248 2290 301 2337 tet
317 2312 362 2335 ex
375 2303 518 2337 historia
541 2303 673 2338 Africae
688 2305 732 2338 de
745 2306 907 2339 Marmol.
922 2311 960 2340 et

249 2355 494 2388 dissertatione
522 2356 635 2389 Isaaci
663 2358 773 2390 Vossii
805 2358 848 2390 de
885 2358 958 2391 Nili

1011 2297 1126 2341 tamen
1141 2309 1206 2341 nisi
1219 2296 1353 2341 decimo
1363 2307 1482 2351 quinto
1492 2297 1599 2348 Junii,
1609 2316 1713 2350 prop-

1010 2362 1066 2392 ter
1080 2359 1216 2400 longum
1242 2358 1323 2400 iter,
1343 2358 1433 2401 quod
1456 2365 1638 2390 excurrere
1653 2357 1713 2389 de-

248 2406 394 2448 origiue,
417 2406 508 2439 bunc
529 2406 612 2438 oriri
639 2416 683 2438 ex
706 2407 839 2439 duobus
854 2406 958 2440 fonti·

248 2458 364 2491 busin
381 2457 555 2500 AEthiopia
570 2457 750 2499 superiori,
772 2458 858 2490 etin
880 2468 956 2500 reg-

248 2518 293 2541 no
320 2508 586 2549 Abassenornm,
616 2509 650 2540 iu
681 2513 775 2541 terra
799 2509 956 2550 Sachala,

248 2559 341 2590 inter
364 2563 498 2590 montes
521 2558 687 2600 excelsos,
711 2559 770 2601 qui
794 2559 852 2591 siti
877 2564 958 2592 sunt

250 2610 343 2641 ultra
355 2608 539 2649 Tropicum
550 2609 687 2650 Cancri,
698 2608 876 2642 duodecim
891 2610 956 2642 cir-

250 2659 340 2691 citer
354 2659 515 2699 gradibus
531 2659 618 2691 citra
630 2659 863 2701 AEquatorem.
885 2659 956 2692 Au-

251 2712 354 2750 getur
369 2718 450 2740 vero
478 2709 576 2741 Nilus
603 2709 723 2742 solutis
750 2710 900 2751 nivibus,
920 2714 957 2744 et

251 2758 415 2790 imbribus
443 2758 586 2790 assiduis
612 2759 671 2801 qui
694 2759 792 2791 multi
818 2765 899 2792 sunt
922 2760 956 2791 in

1009 2408 1092 2440 bent
1108 2409 1177 2440 illae
1201 2418 1300 2451 aquae
1323 2411 1508 2453 antequam
1530 2407 1573 2440 ud
1587 2407 1714 2450 AEgyp—

1009 2463 1080 2491 tum
1097 2468 1204 2502 usque
1219 2459 1436 2501 perveniant,
1454 2457 1649 2491 testimonio
1665 2457 1713 2490 A-

1007 2509 1238 2542 bassenorum.

1014 2579 1019 2583 ·
1050 2562 1072 2591 4
1105 2558 1295 2600 Con-odilis]
1340 2558 1539 2593 Crocodilus
1560 2558 1718 2601 *AEgypti*

1008 2608 1132 2641 animal
1150 2609 1355 2652 quadrupes.
1401 2609 1567 2641 Nascitur
1579 2619 1624 2642 ex
1646 2618 1712 2642 ovo

1008 2659 1245 2701 magnitudine
1279 2660 1335 2692 ovi
1368 2659 1529 2692 anserini.
1585 2659 1712 2692 Cetera

1009 2719 1087 2751 qnae
1103 2709 1146 2742 de
1160 2710 1237 2752 ipso
1260 2714 1456 2755 narrantur,
1481 2712 1563 2742 sunt
1583 2709 1710 2750 passim

1009 2758 1120 2792 obvia.

253 2808 428 2851 AEthiopia
443 2819 558 2844 mense
581 2809 697 2857 Maio:
720 2819 786 2844 nou
804 2810 957 2846 exundat
1018 2834 1021 2837 -
