1806 3236
294 191 381 234 510

293 297 393 340 peJus
416 303 515 329 coeno
530 295 718 335 conimmt3
741 295 862 337 Lepidi
889 306 1002 330 mores

293 353 430 389 turpem
459 349 618 379 ornatum
646 344 749 378 facile
777 345 880 379 factis
910 357 1003 380 com·

291 397 465 443 probant)
504 398 629 431 Claud.
659 398 768 430 Laud.
795 398 871 431 Stil.
896 407 921 431 1.
947 401 1002 431 25.

290 451 301 471 ⁴
320 451 433 486 Quem
449 445 563 482 vultus
579 449 754 489 honestat,
775 448 1003 483 Dedecorant

290 511 424 542 mores3
439 500 570 532 animus
585 499 875 543 quem1pulchrior
888 506 1003 543 ornat,

291 553 425 594 Corpus
456 550 636 585 destituit!
671 551 764 583 Vide
790 555 828 584 et
855 551 1000 585 Pindar.

292 604 361 637 od.
378 603 519 644 Olymp.
533 610 619 634 vm.
630 603 686 635 24.
709 601 843 635 Socrati
859 602 902 634 de
918 611 1001 643 pue·

290 656 338 688 ris
354 653 504 697 pulchris
519 657 557 686 et
578 651 790 685 deformibus
811 652 934 686 tribuit
956 653 1000 685 si-

290 705 373 739 mile
413 704 546 738 dictum
585 704 766 737 Plutarch.
823 704 999 746 Praecept.

292 756 436 800 Conjug.
451 765 488 798 p.
504 757 579 788 141.
612 755 727 789 Burm-

753 202 900 234 NOTAE
920 203 1197 236 -vAmoRUM
1235 205 1285 236 ΙΝ

1098 301 1140 332 16
1166 299 1297 342 Vincas]
1319 299 1438 333 Innuit
1453 309 1584 344 cunm,
1606 304 1645 336 et
1667 301 1761 336 labo-

1055 358 1139 392 rem,
1164 361 1263 393 quam
1291 351 1366 384 hoec
1391 361 1447 384 res
1473 352 1640 395 requirit:
1656 353 1762 387 ‘tuam

1055 400 1197 443 ponitur
1221 402 1501 445 demonstrative,
1527 413 1592 446 pro
1613 404 1763 447 turpitu-

1055 450 1136 483 dine
1151 460 1192 483 ac
1210 450 1447 494 deformitate,
1461 453 1507 485 de
1531 462 1602 496 qna
1615 455 1758 497 proprie

1055 501 1140 533 illud
1155 500 1277 534 vincere
1297 501 1573 544 intelligendum.
1617 503 1682 537 Est
1703 515 1762 538 au-

1055 556 1126 585 tem
1147 551 1271 584 vinem
1294 553 1360 586 hoc
1389 561 1506 596 agere,
1522 557 1563 586 ut
1587 563 1632 587 ne
1653 562 1762 598 eppa—

1054 607 1143 644 reat,
1170 612 1215 635 ne
1239 603 1471 645 conspiciatur
1496 613 1541 637 ea
1568 604 1761 647 turpitudo,

1054 663 1128 695 prae
1142 663 1273 686 morum
1289 650 1554 696 pulchritudini&
1569 645 1577 658 ’
1593 654 1652 688 Sic
1667 655 1760 698 apud
1795 679 1801 692 s

1054 704 1209 737 Curtium
1227 712 1307 737 vm.
1323 707 1356 738 8.
1379 704 1391 722 ⁶
1404 700 1500 737 Vicit
1521 705 1670 747 gratiam
1690 715 1761 739 me-
1804 731 1806 733 -

1055 755 1113 788 riti
1128 755 1268 788 sceleris
1283 753 1469 788 atrocitas?
1499 752 1608 796 Subd-

824 1012 1082 1057 FABULA
1131 1013 1224 1075 lx,

334 1158 352 1188 ι
382 1155 520 1196 Vulgare
535 1154 632 1188 amici
644 1165 755 1188 nomen
765 1167 779 1195 ,-
802 1159 836 1189 ut
858 1166 936 1189 rara
949 1159 999 1190 est

281 1206 381 1250 fides]
404 1206 498 1239 Hinc
512 1204 723 1240 Aristoteles
747 1206 870 1240 crebro
889 1207 934 1241 ad
947 1206 998 1239 fa-

288 1256 439 1289 miliares
461 1266 539 1289 suos
563 1257 862 1299 conquerebatur:
877 1256 923 1290 ’Ὦ
947 1256 999 1299 φί-

287 1313 354 1349 λοι,
378 1305 476 1339 οὔδεὶς
499 1306 602 1349 φίλος.
647 1307 732 1340 Ideo
756 1312 794 1340 et
818 1308 947 1341 Paulus
962 1309 997 1340 in

289 1357 478 1391 Sententiis
501 1356 653 1400 scripsit,
674 1357 813 1391 Amicos
829 1359 998 1400 appellari

290 1409 419 1443 debere
433 1418 504 1447 eos,
519 1418 587 1442 non
603 1408 664 1451 qui
679 1408 748 1441 levi
761 1409 886 1441 notitia
900 1409 999 1442 nobis

290 1462 468 1504 conjuncti
500 1463 591 1495 siut:
625 1462 687 1495 sed
718 1461 842 1504 quibus
869 1461 1002 1495 fuerint

283 1514 366 1556 jura
387 1524 466 1547 cum
481 1512 747 1554 Patrefamilias,
767 1513 922 1557 honestis
947 1511 999 1546 fa·

288 1564 498 1597 miliar-itatis
507 1564 653 1607 quaesitu
661 1564 853 1597 rationibus
866 1574 875 1597 ς
887 1564 910 1596 l.
921 1566 998 1597 223.

287 1616 318 1657 ᾧ.
337 1618 368 1648 1.
390 1616 438 1648 D.
459 1615 519 1648 De
545 1615 642 1648 verb.
668 1615 730 1657 sig.
756 1614 863 1650 ,Sunt
884 1620 1000 1647 autem

288 1666 382 1708 apud
409 1675 525 1699 omnes
551 1666 739 1708 scriptores
762 1666 914 1708 querelae
930 1664 1000 1698 fre-

289 1717 525 1760 quentissimae
541 1716 585 1750 de
607 1717 784 1759 paucitate
799 1716 999 1756 amicorum,

290 1771 329 1800 et
356 1777 481 1810 quassa
503 1771 608 1809 atque
630 1767 784 1800 sublesta
809 1770 845 1799 et
867 1766 1000 1800 lubrica

288 1818 533 1860 plerorumque
548 1816 630 1850 fide.
660 1818 747 1850 Rite.

335 1870 418 1902 Cum
428 1868 561 1910 parvas]
586 1867 674 1901 Haec
691 1877 825 1910 quoque
840 1867 999 1900 Historia

290 1929 358 1952 non
373 1918 492 1952 fabula
506 1923 580 1952 est:
610 1923 650 1952 ut
665 1922 703 1951 et
719 1927 867 1960 sequens
882 1927 999 1951 narra-

291 1970 352 2003 tio.
385 1969 474 2003 Ritt.
802 2003 806 2010 x

333 2020 421 2061 Sibi]
443 2020 531 2053 Suos
546 2024 583 2052 et
599 2019 754 2062 privatos
769 2020 804 2052 in
815 2029 907 2053 usus.
939 2019 999 2053 Sic

288 2071 433 2104 Terent.
447 2069 485 2102 in
508 2070 636 2103 Heaut.
652 2074 721 2103 aet.
736 2079 777 2103 11.
790 2080 838 2103 sc.
854 2073 885 2104 8.
907 2071 917 2088 ‘
930 2070 998 2104 Or-

288 2122 364 2155 nari
378 2120 464 2155 sibi'
480 2121 583 2154 dixit.
613 2120 721 2160 Schef.

334 2171 526 2213 Fundasset]
548 2171 657 2213 Capio
672 2171 716 2204 de
739 2171 837 2204 initio
852 2170 998 2204 aedifica-

290 2223 406 2265 tionis,
419 2232 497 2256 cum
510 2221 736 2256 fundamenta
756 2222 926 2265 posuisset
945 2221 998 2254 fu-

291 2279 381 2307 turae
404 2274 538 2306 domus.
582 2273 641 2306 Ita
665 2274 787 2315 Vin-gil.
813 2274 889 2306 AEn.
914 2283 997 2307 vm.

291 2329 368 2359 478.
386 2326 396 2345 ‘
411 2325 517 2358 Haud
538 2326 659 2368 procul
673 2325 752 2357 hine
773 2334 856 2357 saxo
879 2324 996 2357 incoli-

291 2381 349 2409 tur
370 2375 513 2409 fundata
536 2379 675 2409 vetusto
697 2375 804 2408 Urbis
826 2375 996 2417 Agyllinae

293 2426 415 2460 sedes:
449 2426 544 2459 Male
552 2426 694 2466 fundare
715 2427 830 2466 urbes,
849 2425 998 2467 domum,

291 2481 329 2510 et
344 2476 468 2510 similia
483 2486 559 2519 pro,
574 2476 726 2509 condere
745 2476 847 2517 vulgo
862 2476 997 2508 dicunt.

293 2528 349 2560 An
364 2528 418 2561 hae
442 2538 524 2561 vero
549 2528 618 2560 inae
645 2527 737 2560 aedee
764 2537 892 2569 parvae,
915 2537 998 2570 quas

291 2578 414 2612 οἰκίδιον
440 2582 543 2612 vocat
569 2578 695 2612 AEliau.
721 2579 805 2611 Var.
831 2577 924 2610 Hist.
948 2587 999 2610 ιν.

294 2631 369 2663 11.?
395 2631 507 2664 Burm.

337 2679 497 2720 Socrates]
520 2679 651 2712 Phaedo
672 2679 763 2722 apud
789 2679 995 2712 Platonem:

292 2730 335 2763 Τὸ
357 2731 527 2771 μεμνῆσθαι
548 2729 728 2772 Σωκράτους
755 2729 807 2763 καὶ
829 2729 922 2763 αὐτὸν
942 2730 995 2762 λέ-

294 2793 394 2821 -γοντα
418 2780 470 2813 καὶ
496 2780 596 2814 ἄλλον
620 2780 785 2825 ἀκούοντα,
799 2780 866 2822 ἔμοι
890 2793 929 2823 ’γε
950 2780 998 2815 ἀεὶ

295 2830 418 2865 πάντων
432 2832 570 2872 ἥδιστον.
611 2831 695 2866 Gud.

1093 1158 1113 1188 3
1139 1155 1253 1198 Cuius]
1297 1156 1356 1188 De
1385 1163 1514 1197 genere
1543 1154 1664 1189 morti·
1689 1155 1759 1188 vio-

1049 1207 1155 1239 lentae
1170 1207 1236 1239 hoe
1250 1205 1519 1248 intelligendum.
1543 1206 1637 1239 Mon
1648 1205 1761 1238 Socra-

1051 1257 1095 1290 tis
1109 1257 1201 1289 enim
1226 1257 1290 1289 hoc
1314 1257 1392 1290 loco
1411 1266 1456 1289 ea
1475 1259 1544 1298 est,
1568 1256 1662 1299 quali
1682 1257 1760 1298 ipse

1052 1311 1133 1342 olim
1148 1309 1265 1351 periit.
1307 1309 1366 1342 Sic
1389 1308 1529 1342 Tacitus
1546 1311 1661 1341 mnes
1674 1309 1760 1341 unti-

1051 1370 1183 1403 «μων-ιω
1196 1359 1375 1402 usurpavit
1390 1358 1485 1392 mat.
1498 1368 1528 1392 1.
1542 1361 1576 1391 8.
1599 1359 1610 1378 ‘
1625 1359 1759 1392 Lauda-

1052 1411 1098 1444 tis
1127 1410 1346 1452 autiquorum
1372 1409 1540 1443 mortibus
1567 1418 1667 1451 pares
1689 1410 1761 1442 exi-

1053 1461 1134 1494 tus!
1168 1460 1276 1500 Sches.

1097 1513 1174 1546 Nam
1191 1511 1302 1554 fugio]
1341 1510 1541 1553 Aristippus
1568 1510 1642 1544 voti
1666 1510 1760 1557 idern

1052 1563 1195 1595 habuit:
1221 1561 1431 1605 Ἐρωτόμσνω
1454 1560 1518 1604 ’γὰρ
1540 1562 1605 1595 vsvs
1628 1559 1760 1594 ἆπέθανε

1053 1613 1229 1657 Σωκράτης,
1261 1612 1334 1656 ἔφη,
1366 1614 1407 1646 ὣς
1441 1613 1481 1646 ἂν
1515 1613 1578 1654 ἐγὼ
1606 1613 1760 1654 εὐξαίμην.

1055 1666 1138 1698 Nec.
1183 1664 1359 1706 Exprimit
1383 1664 1613 1697 coustautiam
1641 1663 1680 1696 in
1702 1673 1759 1704 eo,

1053 1715 1158 1758 quod,
1172 1716 1354 1748 adversum
1375 1715 1456 1756 quia
1473 1718 1540 1755 est,
1553 1723 1623 1747 nou
1637 1714 1759 1757 queri*

1053 1776 1149 1798 mus:
1174 1766 1254 1798 Non
1269 1774 1391 1798 recuso
1406 1764 1533 1798 subire.
1566 1763 1673 1805 Schts.

1096 1816 1135 1849 Si
1141 1815 1267 1856 samam
1281 1814 1449 1856 adsequar]
1467 1815 1648 1856 Epictetus
1661 1824 1693 1848 c.
1705 1817 1759 1849 76.

1051 1866 1096 1900 Σὺ
1117 1865 1151 1899 δὲ
1175 1866 1202 1899 εἰ
1221 1865 1274 1898 καὶ
1289 1864 1380 1906 μήπω
1399 1863 1430 1897 εἵ
1447 1863 1626 1907 Σωκράτης,
1639 1864 1681 1897 ὥς
1693 1867 1759 1898 Σω-

1050 1916 1166 1960 κράτης
1174 1928 1213 1958 γε
1225 1915 1300 1950 εἶναι
1310 1915 1509 1958 βουλόμενος,
1515 1913 1651 1956 ὀφείλω
1658 1915 1757 1952 βιοῦν.
1787 1929 1797 1933 ·

1055 1970 1143 2001 Gud.
1768 1975 1770 1977 ’

1095 2018 1136 2050 Si
1155 2016 1281 2057 famam
1306 2015 1476 2058 adsequar]
1519 2017 1578 2050 De
1601 2014 1693 2049 fame
1721 2022 1759 2050 et

1053 2069 1267 2111 posteritatis
1284 2069 1415 2110 studio,
1427 2072 1594 2111 quantum
1615 2067 1700 2101 illud
1721 2068 1758 2101 in

1052 2120 1200 2153 Pliaedro
1216 2118 1334 2161 fuerit,
1348 2118 1430 2151 alibi
1442 2118 1536 2151 dixi:
1556 2117 1683 2161 quibus
1703 2118 1759 2151 hic

1051 2181 1189 2215 quoque
1207 2172 1304 2211 locus
1319 2169 1557 2213 aggregandus
1570 2173 1635 2203 est.
1661 2170 1757 2203 -Ritt,

1093 2225 1115 2255 4
1141 2223 1224 2255 Cedo
1245 2221 1390 2262 invidia]
1413 2221 1493 2254 Nou
1516 2220 1600 2253 satis
1620 2220 1687 2253 hoe
1707 2220 1757 2252 in-

1053 2273 1183 2316 telligo.
1219 2273 1339 2305 Cedere
1362 2272 1493 2304 invidia
1517 2271 1672 2312 Sanan,
1693 2275 1759 2313 est,

1050 2326 1230 2358 Socratem
1242 2325 1454 2358 invidentem
1464 2323 1558 2356 ferre
1566 2332 1634 2356 non
1645 2333 1760 2366 posse,

1050 2378 1214 2411 minorem
1240 2387 1314 2411 esse
1335 2376 1488 2410 Socratis
1515 2375 1654 2416 invidie,
1675 2385 1758 2418 quo·

1051 2428 1154 2461 modo
1175 2428 1266 2471 apud
1288 2427 1468 2469 Virgilium
1493 2426 1571 2459 AEu.
1587 2434 1645 2458 ιιι.
1662 2426 1673 2444 ‘
1690 2425 1756 2457 Ce-

1051 2480 1135 2512 dere
1151 2478 1271 2512 honori
1286 2478 1426 2512 Ascanii
1436 2477 1458 2510 τ’
1481 2482 1517 2510 et
1542 2476 1633 2518 apud
1654 2476 1754 2509 Clau-

1052 2530 1145 2563 dian.
1159 2530 1194 2561 in
1207 2531 1305 2562 Eutr.
1319 2538 1378 2561 ιιι.
1396 2530 1406 2547 ‘
1422 2527 1557 2561 Cedere
1570 2526 1689 2558 livori.'
1704 2525 1756 2559 At

1051 2581 1119 2612 hoc
1131 2590 1200 2612 non
1214 2580 1289 2612 vult
1306 2579 1447 2612 Noster.
1496 2576 1589 2610 Quid
1614 2577 1643 2608 si
1657 2574 1754 2618 legas

1052 2630 1173 2663 Accede
1186 2628 1341 2662 invidioe?
1362 2627 1533 2671 quomodo
1550 2627 1641 2668 apud
1654 2627 1755 2660 Cice-

1051 2690 1168 2712 ronem
1184 2680 1218 2712 in
1235 2681 1300 2722 Ep.
1316 2679 1360 2712 ad
1375 2680 1521 2711 Brutum
1537 2682 1602 2718 est,
1617 2678 1627 2695 ‘
1642 2677 1754 2710 Acce-

1050 2731 1133 2762 dere
1159 2730 1299 2768 vjrtuti'
1325 2729 1479 2770 alicujus.
1524 2729 1638 2763 Quid?
1662 2729 1691 2761 si
1708 2729 1754 2761 Et

1051 2791 1098 2813 me
1112 2782 1151 2813 do
1161 2780 1301 2821 invidioe,
1316 2780 1486 2823 quomodo
1500 2780 1591 2822 apud
1605 2779 1752 2812 eundem

1049 2834 1059 2851 ‘
1075 2834 1170 2866 Dare
1194 2831 1370 2864 materiam
1386 2830 1549 2873 invidiae,'
1572 2830 1582 2849 ‘
1600 2831 1696 2864 Dare
1714 2840 1751 2862 se
