1806 3236
222 230 309 273 614

222 333 343 367 liastes
369 333 519 377 AEscliyli
544 334 598 367 his
622 334 737 369 verbis
766 336 802 369 in
830 346 930 379 argiv

223 381 340 419 mento
376 386 580 429 Tragoediae,
617 397 694 430 quae
731 387 932 425 inscribitur

221 435 324 471 Ἑπτὰ
339 435 389 469 ἐπὶ
405 436 532 476 Θήβαις.
557 437 637 470 Φασὶ
656 438 730 482 γὰρ,
746 438 793 472 ὅτι
805 438 861 472 τὸν
876 440 932 472 τοῦ

222 485 365 530 Πέλοπος
381 488 444 520 υἱὸν
458 487 640 531 Χρύσιππον
652 490 669 522 6
682 487 773 523 Λάϊος
781 490 932 533 ἥρπασεν,

223 538 361 581 ἐρασθεὶς
375 539 482 580 αὐτοῦ,
495 538 546 573 καὶ
568 541 651 582 αὐτῷ
666 540 862 582 συνεγένετο,
881 540 933 574 καὶ

225 592 347 632 πρῶτος
373 590 406 623 ἐν
427 590 593 633 ἀνθρώποις
617 591 676 631 τὴν
703 592 934 635 ἆρῥενοφθορίαν

230 640 379 684 ὑπέδειξε,
394 639 530 685 καθάπερ
544 643 582 683 δὴ
596 642 648 677 καὶ
663 644 681 676 ὁ
696 643 770 678 Ζεὺς
785 644 819 677 ἐν
832 645 934 687 Θεοῖς,

225 690 282 725 τὸν
301 692 479 735 Γανυμήδην
492 692 644 737 ἁρπάσας.
689 696 788 729 Inter
803 695 934 729 Po'e'tas

222 744 360 778 infamis
387 750 443 779 est
468 746 532 779 hoc
549 748 686 780 nomine
703 748 831 791 Ibycus
846 748 935 781 Rhe-

223 796 335 838 ginus,
359 796 451 840 quod
466 798 681 841 παιδεραστὴς
694 799 821 833 fuerit:
845 803 935 834 teste

223 847 392 880 Cicerone
418 850 599 883 Tusculan.
626 854 659 884 4.
700 850 869 884 Athenaeo
898 856 936 885 et

223 896 339 932 suida.
361 897 437 931 Ἥδύ
457 911 495 932 τε
508 901 628 934 πειθοῦς
637 900 744 940 Ἴβυκε
755 901 807 935 καὶ
819 902 936 936 παίδων

226 948 315 982 ἄνθος
329 949 522 993 ἆμησάμενε,
535 952 648 996 inquit
663 954 936 996 Epigrammata-

227 1002 299 1034 rius
313 1002 528 1046 Antholog.l.
542 1013 567 1038 1.
581 1005 633 1038 tit.
648 1004 690 1038 εἷς
700 1004 840 1045 ποιητάς.
862 1006 934 1042 Rit.

268 1053 383 1086 Molles
404 1054 521 1096 mares]
556 1054 778 1088 Contrarium
805 1066 937 1098 praece-

225 1103 317 1136 denti
336 1114 455 1147 genus,
470 1105 494 1137 ii
518 1106 667 1147 scilicet,
684 1107 743 1150 qui
759 1108 841 1140 viris
858 1109 936 1141 loco

226 1153 439 1188 foeminarum
469 1160 561 1197 sunt,
597 1161 607 1175 ‘
635 1158 789 1190 Cinoedi'
819 1159 937 1200 vulgo,

226 1210 329 1249 atque
356 1207 540 1251 ‘Exoleti’
564 1208 662 1242 dicti.
698 1209 819 1252 Scheff,
872 1210 938 1243 Ca-

226 1258 303 1291 tull.
322 1259 331 1276 ‘
346 1259 487 1291 Cinaede
498 1259 616 1292 Thalle
633 1261 767 1294 mollior
780 1261 938 1294 Cuniculi

227 1309 389 1351 capillis?
427 1311 541 1345 Heius.
599 1312 744 1345 Patron.
773 1323 851 1354 cap.
882 1316 936 1346 23.

226 1362 236 1379 ⁴
255 1361 395 1404 Molles,
424 1369 572 1406 veteres,
597 1363 729 1397 Deliaci
757 1373 859 1397 manu
884 1373 937 1396 re·

228 1412 316 1446 cisi!

270 1465 387 1499 Molles
400 1465 518 1508 mares]
541 1466 583 1500 Id
606 1470 674 1508 est,
690 1465 852 1500 Cinaedos
869 1476 938 1508 pae-

228 1518 397 1557 meones„
428 1519 602 1552 Martialis
629 1520 708 1561 Ep.,
721 1518 783 1552 lib.
808 1528 865 1552 111.
885 1521 939 1551 72.

228 1569 237 1587 ‘
255 1568 399 1603 Mollem
424 1570 567 1603 credere
593 1575 628 1603 te
644 1570 756 1602 virum
770 1570 940 1611 volebam,

227 1620 296 1653 Sed
314 1631 429 1655 rumor
454 1626 559 1664 negat
585 1631 662 1655 esse
680 1626 715 1655 te
736 1621 939 1656 Cinaedum.’

279 1725 392 1758 Molles
420 1725 536 1768 mares]
576 1725 704 1759 Caelius
731 1725 938 1759 Aurelianus

230 1775 291 1808 lib.
309 1784 359 1808 ιν.
377 1785 454 1817 cap.
472 1777 534 1810 ult.
559 1778 568 1795 ‘
586 1777 712 1809 Molles
733 1777 804 1810 sive
820 1776 940 1811 subac-

232 1825 309 1858 tos!
353 1826 506 1859 Rutilius
529 1827 645 1869 Lupus
666 1837 710 1860 ex
734 1827 939 1870 Hyperide:

230 1880 239 1897 ‘
254 1879 346 1914 Quid
359 1879 387 1912 si
400 1880 551 1922 tandem,
561 1881 711 1924 judices,
724 1881 815 1924 apud
830 1882 941 1924 ipsam

232 1935 390 1963 naturam
415 1930 503 1963 hauc
527 1942 664 1964 causam
685 1933 846 1975 agerem?
877 1932 942 1965 At-

232 1990 298 2023 que
314 1981 364 2014 ita
379 1981 496 2015 divisit
522 1983 722 2016 muliebrem
739 1984 941 2026 virilemque

232 2041 427 2075 personam,
453 2037 492 2066 ut
518 2043 616 2066 suum
643 2034 767 2077 cuique
791 2044 877 2077 opus
895 2039 944 2067 at·

232 2092 298 2125 que
329 2082 480 2116 officium
511 2084 749 2118 distribueret.
805 2086 852 2118 Et
877 2095 944 2126 ego

233 2135 324 2167 hunc
348 2135 566 2172 ostenderem
591 2136 751 2169 muliebri
775 2136 844 2169 ritu
869 2146 945 2169 esse

234 2196 295 2219 suo
318 2197 461 2229 corpore
487 2187 638 2223 abusum.
694 2187 819 2222 Nonne
845 2188 946 2220 vehe-

234 2237 441 2270 mentissime
456 2238 699 2279 admiraretur,
722 2239 749 2271 si
766 2239 945 2281 quisquam

234 2298 303 2321 non
319 2289 549 2330 gratissimum
572 2300 695 2323 munus
719 2291 947 2324 arbitraretur

235 2339 346 2371 virum
360 2349 397 2371 se
413 2344 546 2382 natum,
579 2341 656 2382 sed,
683 2341 873 2383 depravato
888 2351 946 2374 na·

236 2395 324 2427 turae
341 2389 520 2432 beneficio,
541 2391 577 2424 in
601 2391 780 2425 mulierem
805 2402 946 2426 conver-

236 2449 312 2476 tere
328 2453 364 2476 se
382 2448 603 2486 properasset
618 2443 643 2475 ?’
674 2443 753 2484 Rig.

279 2497 300 2527 4
325 2495 406 2531 Quoe
420 2493 521 2535 ratio]
545 2495 746 2535 Eleganter,
762 2494 843 2536 quia
868 2504 948 2526 con-

240 2550 294 2579 tra
308 2547 476 2579 rationem
499 2550 566 2586 est,
591 2556 669 2579 cum
693 2547 737 2578 sit
753 2551 873 2579 contra
889 2556 947 2578 na-

240 2602 365 2637 turam,
383 2607 458 2639 quae
473 2601 529 2630 est
544 2607 676 2629 summa
690 2597 790 2629 ratio.
819 2596 924 2634 Scleef.

282 2648 399 2690 Senex]
423 2648 581 2702 AEsopus,
626 2648 682 2680 Ita
706 2657 811 2689 supra
835 2656 889 2679 ιιι.
917 2657 948 2678 c.

240 2703 270 2732 3.
294 2700 303 2717 ‘
322 2700 424 2731 Naris
448 2703 616 2732 emunctae
643 2696 775 2738 senex,’
792 2702 829 2729 et
854 2696 948 2728 alibi.

242 2749 349 2790 Sches.
681 2783 683 2785 ,

284 2805 302 2832 5
328 2802 416 2834 Idem
430 2799 648 2841 Prometheus]
669 2798 711 2832 Τὸ
728 2799 814 2831 Idem
825 2795 949 2830 refere-

243 2852 302 2884 bat
319 2851 362 2884 ad
379 2852 539 2893 AEsopum
555 2850 814 2883 Rittershusius.
827 2848 950 2881 Melius

687 242 715 272 N
725 242 830 274 01·AE
863 243 1086 277 VAmon
1097 245 1130 276 Μ
1163 245 1216 277 ΙΝ

981 337 1172 380 Rigaltiusz
1195 339 1451 382 praecedentem
1474 337 1684 375 fabulam-de

979 388 1189 424 Prometheo
1203 401 1340 434 quoque
1355 390 1472 425 finisse.
1493 391 1599 425 Forte
1610 392 1686 427 Rit-

982 441 1088 474 tersb.
1114 451 1182 474 non
1205 441 1249 474 ad
1273 451 1392 475 vocem
1417 441 1508 476 Idem
1529 444 1687 477 notatum

981 491 1092 525 voluit
1106 492 1266 534 AEsopum
1290 492 1458 535 iutelligig
1485 492 1548 526 sed
1570 492 1616 526 td
1627 501 1688 527 vo·

983 553 1060 576 cem
1085 554 1193 586 senem,
1218 545 1308 587 qnod
1335 552 1457 578 verum
1479 548 1585 578 esset.
1627 544 1688 579 De

983 597 1194 629 Prometheo
1221 597 1430 638 Symmachi*
1451 597 1567 631 laeum
1601 596 1691 630 cim

984 648 1168 690 Rigaltius,
1182 648 1294 690 Epist.
1318 657 1369 681 ιν.
1384 650 1438 682 88.
1457 647 1470 667 ⁸
1485 647 1613 682 Pomm
1625 646 1690 690 igi-

984 702 1053 739 tur,
1083 702 1122 731 nt
1150 698 1332 740 homullus,
1359 697 1559 731 Promethei
1579 707 1692 732 manu

983 747 1112 790 factus,
1126 749 1290 782 mandare
1309 758 1441 783 cessem
1454 754 1601 792 pamm,
1608 756 1690 793 qum

984 799 1114 833 dudum
1129 800 1164 832 in
1181 803 1298 834 vatum
1319 799 1412 832 foliis
1426 809 1498 833 non
1509 798 1693 842 leguntur-⁹

985 850 1131 883 Freinsh.
1177 851 1245 885 Qui
1261 850 1396 883 scilicet
1409 849 1444 882 id
1461 850 1545 893 egit,
1563 849 1610 883 de
1621 859 1693 893 qno

985 902 1091 944 prius.
1134 901 1251 944 Atque
1278 902 1406 943 nescio,
1426 910 1508 936 uum
1533 911 1604 935 non
1625 901 1694 935 buc

985 953 1182 995 respexerit
1207 953 1292 986 illud
1321 952 1351 986 Δ
1364 953 1513 996 fictione,
1537 961 1602 995 pro
1627 961 1694 996 quo

986 1014 1077 1037 nunc
1092 1004 1260 1047 Affictione
1275 1004 1414 1046 legitur.
1458 1005 1588 1038 verum
1599 1003 1696 1038 >dont

986 1055 1077 1088 forte
1102 1065 1172 1089 non
1194 1054 1335 1088 difficile
1358 1054 1467 1089 fuerit
1487 1064 1562 1088 rem
1584 1058 1695 1089 tutam

988 1105 1156 1148 divinare,
1170 1107 1218 1139 ita
1233 1107 1354 1140 melius
1374 1106 1538 1149 opinione
1552 1115 1629 1141 men
1643 1105 1696 1148 ig-

987 1163 1140 1191 noratur.
1166 1157 1271 1197 Schef.
1317 1156 1482 1192 Fabulam
1497 1155 1697 1191 Promethei

987 1212 1125 1248 norunt,
1138 1208 1195 1251 qui
1211 1207 1360 1240 nondum
1377 1217 1448 1241 aere
1472 1208 1646 1241 lavantur-⁴
1659 1207 1696 1239 >E

987 1259 1151 1292 Titanum
1170 1268 1312 1291 numero
1335 1259 1413 1291 tuit.
1457 1257 1566 1292 Dicta
1585 1257 1631 1291 ab
1653 1267 1696 1291 eo

987 1309 1095 1342 herba
1108 1309 1362 1350 Prometheios,
1387 1309 1432 1342 de
1447 1318 1516 1352 qua
1541 1308 1637 1342 Pint.
1653 1307 1697 1342 de

987 1361 1086 1394 Fluv.
1101 1361 1135 1393 in
1151 1360 1269 1393 Phasi.
1292 1361 1428 1393 Pruna.

1031 1411 1134 1453 Idem]
1157 1412 1296 1453 Nempe
1309 1411 1464 1453 AEsopus.
1489 1410 1560 1444 Rit.

1038 1462 1274 1506 Vulgifictilis]
1289 1462 1332 1495 ld
1350 1466 1417 1503 est,
1432 1471 1478 1495 ex
1492 1465 1600 1504 terra,
1613 1461 1701 1503 luto,
1762 1512 1765 1515 Ι

989 1514 1086 1548 facti.
1113 1515 1199 1546 Gud.
1628 1534 1629 1537 =

1040 1566 1136 1607 Vulgi
1153 1563 1286 1608 fictitia]
1321 1563 1552 1597 Tertullianus
1577 1562 1636 1597 lib.
1656 1562 1700 1595 (le

992 1626 1095 1650 carne
1122 1616 1248 1649 Christi
1273 1625 1351 1657 cap.
1367 1618 1400 1648 9.
1432 1614 1443 1633 ‘
1458 1614 1576 1657 Ipsum
1602 1617 1700 1647 certe

991 1677 1116 1710 corpus
1142 1667 1208 1699 hoc
1234 1670 1404 1707 nostrum,
1432 1665 1523 1708 quod
1549 1665 1594 1699 de
1618 1665 1700 1699 lino

991 1717 1172 1760 figulatum
1198 1716 1303 1749 etiam
1319 1716 1362 1749 ad
1379 1715 1511 1749 fabulas
1525 1716 1702 1750 nationum

993 1769 1121 1802 veritas
1139 1767 1353 1800 transmisit:
1383 1767 1464 1807 Εἰς.

1035 1819 1181 1861 Fictilis]
1215 1819 1272 1851 Sic
1297 1819 1453 1860 appellat
1478 1818 1514 1850 in
1540 1820 1703 1860 respecta
1721 1817 1729 1823 “

994 1871 1038 1904 ad
1062 1871 1319 1911 Prometheum,
1335 1869 1393 1912 qui
1409 1879 1429 1902 e
1451 1869 1526 1902 luto
1540 1868 1703 1902 formasse

993 1921 1146 1955 homines
1159 1921 1304 1954 dicitur:
1321 1920 1437 1953 fabula
1451 1924 1505 1953 est
1513 1919 1702 1953 notissima·

996 1973 1051 2006 De
1067 1982 1133 2016 quo
1149 1971 1359 2005 Prometheo
1381 1970 1472 2004 baud
1497 1970 1600 2011 dubie
1613 1975 1652 2004 et
1666 1970 1703 2003 in

995 2023 1232 2067 superioribus
1249 2022 1443 2065 praecessit.
1466 2006 1574 2062 Scssqf.
1683 2060 1688 2064 ᾖ

1040 2079 1062 2108 6
1086 2074 1166 2117 Qui]
1189 2075 1296 2119 Lege,
1313 2073 1414 2111 Quod.
1441 2072 1562 2106 Heius.
1609 2071 1706 2106 Nihil

997 2137 1096 2169 opus,
1111 2136 1188 2159 nam
1204 2128 1314 2167 uulgus
1335 2125 1474 2168 proprie
1495 2129 1551 2158 est
1573 2133 1706 2159 mascu-

997 2180 1059 2217 lini
1090 2179 1240 2221 generis,
1269 2177 1329 2211 sed
1361 2176 1586 2219 usurpatione
1607 2172 1705 2224 'neu-

998 2231 1095 2263 trius.
1139 2229 1219 2262 vid.
1240 2229 1395 2269 Servium
1412 2227 1457 2260 ad
1471 2227 1569 2270 Virg.
1583 2225 1662 2260 AEn.
1678 2234 1705 2258 ι.

999 2284 1072 2314 149.
1093 2285 1132 2314 et
1145 2280 1194 2313 ita
1209 2280 1334 2322 saepius
1349 2277 1534 2318 Charisius,
1557 2275 1706 2310 Priscis.-

998 2343 1062 2365 nus
1088 2337 1124 2366 et
1152 2332 1208 2365 alii
1233 2336 1368 2364 veteres
1396 2327 1642 2362 Grammatici:
1667 2332 1707 2360 ut

998 2389 1123 2418 notant
1135 2387 1424 2418 commentatores
1436 2381 1479 2414 ad
1494 2380 1612 2422 Virgil.
1627 2379 1706 2413 AEn.

999 2445 1041 2469 11.
1058 2438 1108 2468 99.
1145 2435 1234 2468 Vide
1249 2439 1286 2467 et
1301 2435 1400 2466 Voss.
1424 2432 1468 2465 de
1483 2431 1631 2472 Analog.
1645 2430 1705 2463 lib.
1723 2434 1726 2436 ’

999 2497 1025 2519 1.
1043 2490 1095 2519 31.
1112 2486 1170 2529 qui
1186 2490 1307 2519 contra
1323 2494 1393 2525 eos,
1409 2483 1465 2526 qui
1480 2487 1518 2515 et
1542 2480 1706 2514 feminino

1001 2548 1128 2580 genere
1156 2541 1355 2579 usurpatum
1385 2544 1458 2567 esse
1483 2531 1709 2574 contendunt,

1001 2589 1178 2630 disputat:
1215 2588 1308 2621 inter
1334 2596 1418 2629 quos
1449 2590 1485 2617 et
1519 2584 1707 2626 Longolius

1000 2640 1082 2680 fuit,
1098 2639 1156 2681 qui
1172 2639 1264 2680 apud
1281 2639 1410 2679 Nepot.
1426 2635 1541 2668 Alcib.
1557 2638 1589 2668 8.
1601 2636 1611 2652 ‘
1625 2635 1709 2667 Vul-

1002 2700 1080 2733 gum
1097 2690 1353 2722 Atheniensium
1377 2688 1412 2719 in
1433 2691 1558 2720 terram
1575 2685 1708 2728 praeda—

1003 2747 1072 2773 tam
1099 2740 1230 2773 exisse’
1258 2736 1390 2771 edidit:
1428 2747 1506 2770 cum
1532 2738 1708 2779 praedatum

1001 2791 1149 2824 habeant
1175 2794 1271 2829 recte
1295 2789 1448 2822 codices:
1474 2792 1510 2820 et
1534 2788 1707 2830 Uitr-ajec-

1004 2844 1073 2876 tina
1089 2841 1196 2875 editio
1213 2841 1316 2874 etiam
1337 2840 1467 2881 Vulgus.
1490 2839 1606 2872 Burm-
