1806 3236
772 209 901 243 mum
911 212 971 245 LA
1006 203 1080 248 30.

96 280 101 282 ’
181 295 276 339 Pro
293 295 503 352 dignitate
523 306 675 346 nostra
690 304 931 351 tribuerem
951 311 1060 355 tihi:

179 363 324 408 Simul
341 366 423 410 sed
442 372 596 413 nostra
615 384 798 429 vespere
816 375 874 418 ad
892 380 1118 436 praesepia

177 431 369 487 Venero,
389 449 497 479 mox
513 439 822 493 plenum‘farre
842 448 1074 490 sacculum
1094 449 1229 494 dabo.

174 498 359 545 Asellus
377 504 549 560 inquit:
581 507 715 552 Nunc
735 512 814 567 qui
832 525 926 557 rem
941 527 1130 571 parvam
1150 533 1304 576 negas,

174 567 298 620 Quid
318 571 365 614 in
382 573 554 630 majore
574 579 617 619 te
637 577 857 624 facturum
877 584 1160 630 existimem?

230 637 339 692 Qui,
359 653 520 696 magna
538 657 641 688 oum
661 650 934 704 promittunt,
954 666 1098 709 parva
1114 656 1344 714 denegant,

171 704 226 748 In
245 706 390 750 dando
408 722 457 752 se
476 713 720 759 tenaciores
739 717 956 764 indicant.

704 1177 919 1220 FABULA
967 1183 1101 1225 XXX.

497 1351 622 1396 LEO
653 1353 876 1402 SENEX
906 1359 989 1405 ΕΤ
1022 1362 1275 1412 VULPIS.

152 1512 427 1559 DssFssc'rus
447 1518 587 1571 annis,
605 1519 862 1578 languorem
883 1527 1015 1574 finxit
1028 1531 1140 1576 Leo.

150 1579 388 1635 AEgrotum
406 1584 467 1626 ad
486 1599 631 1642 regem
649 1589 922 1638 visitandum
938 1597 1096 1643 bestiae

149 1646 306 1691 Plures
325 1657 562 1708 venerunt3
593 1655 778 1702 devorat
796 1674 912 1716 quas
930 1667 1147 1720 protinus.

147 1714 239 1759 Sed
259 1722 393 1762 cauta
411 1719 577 1778 Vulpis
598 1728 702 1769 ante
723 1729 987 1784 speluncam
1006 1739 1163 1792 procul

144 1782 307 1829 Stabat
325 1787 525 1833 salutans
544 1804 707 1848 regem.
768 1795 918 1849 Quam
938 1808 1067 1858 rogat
1084 1805 1199 1860 Leo,

144 1850 235 1896 Cur
251 1866 342 1898 non
359 1856 557 1903 intraret.
616 1861 767 1907 Video
787 1869 910 1922 quod
930 1874 1121 1931 vestigia

143 1919 407 1968 Intrantium
422 1927 576 1982 multa,
598 1933 644 1974 at
660 1933 782 1978 nulla
802 1940 1073 1986 exeuntium.

199 1989 424 2050 Prodesse
443 1999 588 2040 cautis
606 2001 809 2055 pericula
829 2006 1017 2052 aliorum
1035 2013 1194 2058 solent.

806 2147 954 2184 NOTAE

184 2229 328 2272 Legitur
350 2241 407 2274 ap.
430 2232 554 2269 Rimic.
566 2236 628 2270 lib.
643 2246 696 2272 ιν.
711 2238 781 2274 fab.
797 2245 850 2276 12.
904 2237 1009 2273 Schw-

1573 211 1662 257 305

139 2277 253 2312 Anon.
267 2278 338 2314 fab.
354 2285 408 2316 69.
430 2283 530 2318 Rom.
543 2287 598 2319 43.
619 2287 735 2324 Bne-m.
778 2290 848 2335 Ap.
947 2294 965 2324 1
989 2292 1205 2339 languorem]
1244 2299 1418 2344 Morbum,
1444 2307 1484 2337 nt
1507 2305 1613 2343 Ovid.

138 2329 239 2363 Rom.
254 2330 336 2366 Div.
351 2337 390 2366 et
404 2332 497 2368 Ulm.
509 2340 564 2370 ent
578 2337 639 2372 lib.
650 2348 702 2375 lv.
715 2339 784 2377 fab.
794 2345 847 2377 12.
898 2347 936 2378 et
951 2344 1009 2378 alii
1022 2354 1126 2389 uaepe.

218 2829 337 2875 Delph.
348 2837 381 2867 et
399 2836 474 2872 ναν.
487 2839 575 2875 ctas.
800 2845 932 2882 Phoedr.
