1806 3236
218 250 304 292 616

181 344 196 358 “
262 358 301 387 13
338 355 419 388 Tum
443 355 636 397 semisomno,
658 356 731 399 &sc-J
757 354 922 388 Imitatur

216 406 307 440 hunc
323 406 436 440 locum
456 405 629 439 Martialis
651 415 731 439 xlx.
749 408 823 439 182.
847 406 857 425 ‘
875 407 920 439 E-

214 457 307 497 brius
322 458 396 490 haec
416 457 502 490 fecit
527 458 631 490 terris
657 461 740 500 puto
767 461 921 490 monstra

214 508 457 551 Prometheus,
467 508 686 542 Saturnalitia
696 508 779 542 lusit
793 513 830 542 et
843 509 918 551 ipse

211 559 308 592 luto.’
350 559 477 592 Obiter
499 559 716 592 restituenda
734 569 802 591 vox
827 560 918 592 semi-

211 619 337 642 somnus
351 610 450 643 Livio
465 620 545 653 pag.
559 612 635 643 221.
651 609 736 643 edit.
749 609 866 651 Sigon.
881 610 917 642 in

210 659 271 692 fol.
307 660 392 694 Gud-

257 711 375 753 Corde]
407 711 510 745 Unde
530 711 615 745 alias
639 712 854 745 intellectum
879 716 917 746 et

210 762 398 795 consilium.
449 763 552 805 Vide,
582 773 660 806 quae
690 767 848 796 notamus
872 764 916 796 ad

208 811 379 846 Pacatum
395 823 473 855 cap.
487 816 543 846 44.
566 813 674 854 Sches.

252 864 373 897 Error-e
397 864 498 906 ebrio]
521 865 709 907 Eleganter
727 868 764 898 et
780 868 915 897 seuten-

208 912 307 947 tiose.
351 915 512 948 Ebrietas
528 915 676 958 privatio
692 915 834 949 rationis
851 919 916 948 est.

208 964 346 998 Salomo
361 966 393 997 in
409 966 578 1008 Symbolis
602 969 655 1000 23.
670 969 725 1000 29.
742 967 833 1001 inter
848 967 916 999 alia

207 1015 251 1048 de
268 1015 386 1049 ebrio:
410 1018 421 1036 ‘
434 1018 482 1051 Et
497 1018 579 1059 eris,
589 1019 680 1052 sicut
695 1019 866 1052 dormiens
879 1020 915 1052 in

205 1066 323 1101 medio
334 1068 420 1100 mari
433 1078 562 1102 summo
572 1070 669 1102 navis
684 1070 774 1102 malo
785 1069 807 1103 ε’
830 1071 915 1103 Vul-

206 1122 307 1160 gatus
319 1119 486 1152 reddidit:
504 1121 549 1153 Et
557 1121 620 1153 eris
628 1121 716 1163 quasi
723 1121 845 1163 sopitus
851 1132 912 1163 gu-

204 1170 362 1212 bernator,
373 1173 485 1205 amisso
493 1174 595 1207 clavo:
611 1173 770 1216 apposite
784 1178 911 1206 utrum-

205 1232 294 1265 que:
318 1226 385 1257 &c.
409 1225 544 1258 Prasck.
573 1225 657 1266 Pro,
672 1235 785 1258 errore
801 1225 910 1259 ebrie-

204 1274 299 1306 tatis.
334 1274 434 1308 Sicut
449 1276 541 1318 apud
558 1276 719 1308 Flaccum
735 1275 865 1318 Argon.
882 1286 910 1310 1.

203 1323 213 1341 ‘
228 1324 356 1357 Cursus
382 1325 584 1368 aequoreus,’
600 1336 664 1369 pro
680 1336 780 1359 cursu
798 1336 910 1370 aequo-

202 1375 262 1408 ris.
285 1376 394 1416 Schef.

247 1430 289 1459 14
311 1428 475 1470 Applicuit
485 1428 657 1470 virginale]
679 1427 808 1470 Attigit
821 1428 909 1461 hanc

202 1477 353 1516 fabulam
389 1479 564 1512 Lucianus
600 1480 639 1514 in
676 1480 883 1513 Prometheo
897 1490 907 1512 ε

201 1528 296 1563 Δέδια
315 1529 416 1564 τοίνυν
437 1531 481 1570 μὴ
506 1529 587 1563 αὖθις
602 1529 705 1570 ὅμοιόν
727 1542 760 1562 τι
772 1531 819 1570 τῷ
831 1534 908 1572 Προ-

199 1582 292 1619 μηθεῖ
300 1581 347 1621 τῷ
358 1582 405 1621 σῷ
424 1581 595 1620 πεποιηκὼς
609 1579 768 1622 φαίνωμαι,
781 1579 819 1612 τὸ
831 1582 908 1620 θῆλυ

198 1633 245 1672 τῷ
259 1632 359 1674 ἄῤῥενι
374 1633 590 1675 ἐγκαταμίξας,
604 1632 657 1666 καὶ
672 1633 709 1666 δι’
731 1632 808 1665 αὑτὸ
822 1633 908 1673 δίκην

198 1682 340 1724 ὑπόσχω.
362 1685 573 1718 Comoediam
588 1684 723 1718 scilicet
733 1695 811 1717 cum
821 1685 907 1718 Dia-

198 1735 278 1776 logo
307 1735 508 1778 miscuerat,
539 1740 576 1768 et
605 1735 703 1778 quasi
734 1736 906 1768 connubio

192 1786 371 1828 junxerat.
395 1788 477 1828 Rig.

247 1838 422 1880 Virginale]
443 1839 554 1871 Vetus
568 1838 682 1871 Poeta
705 1839 796 1882 apud
823 1839 905 1872 Fes-

199 1892 272 1922 tum
288 1889 323 1921 in
339 1889 491 1922 Mundo:
516 1890 526 1908 ‘
541 1889 627 1922 Cum
642 1889 798 1932 virginali
812 1899 905 1922 mun-

198 1940 241 1976 do
256 1940 343 1974 clam
361 1940 484 1983 patre!
528 1941 616 1974 Cum
631 1939 786 1975 feminali
809 1941 904 1974 lauto

683 261 825 294 NOTAE
858 260 1123 296 VAmole
1157 263 1210 295 ΙΝ

974 359 1012 388 et
1036 366 1134 398 puro.
1187 354 1321 389 Solinus
1347 355 1515 399 Polyhist.
1540 364 1620 399 cap.
1640 358 1676 389 ⁸.

973 408 984 426 ‘
1002 407 1150 441 Feminis
1165 407 1310 450 perinde
1323 412 1376 441 est
1390 407 1541 441 infausta
1554 407 1676 450 nativi-

973 462 1040 499 tas,
1077 458 1107 490 si
1143 463 1349 494 consertum,
1369 458 1511 501 virginal
1544 456 1675 498 fuerit-⁴?

974 510 1158 542 Camertum
1171 509 1323 552 virginal,
1336 514 1376 543 ut
1397 510 1407 528 ‘
1424 509 1555 543 Mulier
1569 512 1646 542 arta
1653 505 1677 542 ι’

971 559 1012 594 L.
1028 560 1205 595 Quaeritur
1228 561 1259 602 §.
1275 559 1465 594 mulierem.
1510 559 1564 592 De
1584 557 1676 593 aedil.

971 611 1099 644 edicto.
1134 616 1143 630 ‘
1161 610 1353 653 obsignata
1383 609 1537 652 natus-q,
1558 609 1674 643 Cicer.

970 662 1014 694 de
1030 662 1187 695 Divinat.
1209 671 1250 695 11.
1282 662 1416 694 Solinus
1437 662 1448 680 ‘
1464 661 1674 695 Concretum

970 712 1156 754 virginale'
1173 712 1274 751 dixit,
1285 712 1375 755 quod
1390 711 1522 745 Plinius
1536 711 1596 747 lib.
1608 721 1676 759 νῌ.

969 762 1108 796 dixerat
1122 763 1131 781 ‘
1147 762 1354 796 Concretum
1369 761 1541 805 genitale!
1562 761 1642 804 Εἰς.

1017 813 1198 855 virginale]
1233 812 1400 856 Apuleius
1436 813 1447 832 ‘
1475 812 1673 855 Virgineie’

970 869 1072 897 vocat
1087 865 1122 897 in
1140 864 1319 907 Apologia,
1342 869 1381 897 ut
1404 868 1442 898 et
1464 863 1676 898 Prudentius

969 920 1006 947 et
1021 915 1064 947 B.
1081 915 1295 958 Augustinus
1310 920 1347 948 et
1360 915 1511 957 Solinus,
1519 925 1595 949 eam
1610 913 1676 961 vir-

969 965 1062 1007 ginei
1088 966 1244 1008 corporis
1274 971 1420 1009 partem,
1454 967 1545 1000 unde
1571 965 1674 1000 sexus

968 1017 1202 1059 cognoscitur:
1226 1017 1318 1061 quod
1341 1022 1378 1051 et
1399 1018 1408 1036 ‘
1423 1018 1604 1051 Foeminal’
1624 1018 1675 1052 di-

968 1067 1069 1102 citur.
1122 1068 1306 1111 Euripides
1335 1067 1514 1102 Alcestide
1542 1067 1674 1112 κόρενμ

967 1123 1083 1152 vocat.
1129 1119 1191 1152 Ait
1219 1119 1327 1153 enim:
1357 1118 1403 1153 Ὦ
1430 1119 1577 1163 λέκτρον,
1602 1119 1675 1155 ἔνθα

963 1169 1113 1212 παρθένει’
1140 1169 1227 1203 ἔλυσ’
1256 1171 1318 1212 ἐγὼ
1335 1169 1498 1215 'supebiam’
1522 1172 1559 1205 ἐκ
1584 1173 1670 1205 τοῦδ’

963 1221 1079 1264 ἀνδρός.
1100 1222 1253 1255 Perinde
1265 1227 1304 1256 ut
1316 1223 1491 1256 Catullus:
1515 1224 1525 1242 ‘
1538 1223 1670 1257 Zonam

965 1275 1098 1307 solvere
1115 1273 1329 1317 virgineam-³
1352 1275 1440 1308 Rite.

1012 1325 1188 1368 Virginale]
1210 1326 1267 1359 Sc.
1284 1326 1483 1368 membrum,
1496 1325 1587 1370 qnod
1602 1327 1670 1360 huc

964 1385 1009 1408 ex
1044 1375 1267 1421 sequentibus
1302 1376 1517 1411 trahendum.
1569 1377 1671 1411 Licet

965 1437 1098 1470 quoque
1136 1428 1186 1461 ita
1229 1427 1431 1470 simpliciter
1473 1433 1670 1470 usurpetur.

963 1478 1071 1518 Sches.
1092 1478 1172 1512 Vid.
1187 1478 1371 1512 Muncker.
1387 1479 1431 1512 ad
1450 1479 1582 1522 Hygin.
1595 1478 1668 1513 fab.

963 1531 1037 1562 184.

1005 1583 1047 1614 16
1069 1580 1306 1622 Pravosruitur
1318 1582 1452 1624 gaudio]
1474 1583 1621 1616 Basilius
1631 1584 1668 1616 in

960 1632 1190 1675 descriptione
1206 1633 1405 1667 ebrietatis:
1429 1634 1482 1666 Ἐν
1495 1634 1598 1677 &pem
1609 1634 1668 1676 μὲν

959 1683 997 1716 τὸ
1011 1685 1100 1726 θῆλυ,
1126 1685 1159 1717 ἐν
1179 1684 1213 1717 δὲ
1232 1687 1277 1726 τῷ
1300 1684 1386 1724 θήλει
1398 1685 1436 1718 τὸ
1450 1685 1539 1728 ἅρῤεν
1560 1685 1668 1728 ἐπιζη-

959 1736 1093 1769 τοῦντες.
1120 1737 1206 1770 Gud.

1003 1787 1110 1819 Pravo
1127 1787 1255 1827 fruitur
1276 1788 1411 1830 gaudio]
1445 1788 1548 1822 Ovid.
1571 1789 1582 1808 ‘
1598 1789 1666 1822 Ve-

959 1838 1050 1870 neris
1059 1838 1103 1870 da
1118 1838 1244 1880 gaudia
1252 1837 1371 1872 flenti.’
1390 1832 1534 1873 Petrou.
1557 1841 1567 1859 ‘
1580 1839 1666 1873 Per-

958 1890 1107 1922 trectavi
1123 1890 1247 1932 gaudio
1262 1890 1446 1932 spoliatum
1463 1895 1573 1925 torum
1583 1888 1605 1925 ι’
1621 1896 1667 1930 -et

959 1941 1085 1996 passim
1097 1941 1182 1974 ibid.
1205 1942 1284 1983 Rig.

1250 2127 1271 2135 ‘x

720 2211 977 2255 FABULA
1030 2211 1145 2254 XV.

238 2364 256 2393 1
279 2360 421 2394 Barbam
435 2359 574 2402 capella]
598 2359 724 2393 Catuli.
747 2360 757 2377 ‘
771 2359 900 2391 Barba-

194 2415 250 2444 tus
280 2411 357 2443 linit
384 2411 551 2452 hirculus,
586 2410 813 2452 cornipesque
845 2419 900 2442 ca-

192 2461 309 2504 pella!
341 2463 428 2494 Gud.

238 2514 358 2555 Quum]
379 2514 447 2546 Ms.
463 2523 544 2545 cum.
570 2512 661 2546 Gud.

234 2567 255 2597 2
281 2564 460 2606 Coeperant]
484 2564 551 2596 Ms.
573 2566 740 2605 caeperunt.
784 2563 830 2595 Et
850 2562 900 2595 ita

192 2618 301 2647 recte.
343 2615 401 2647 Sic
431 2619 551 2657 postea
580 2613 651 2647 fab.
680 2617 734 2646 19.
768 2612 899 2646 ‘Abie-

192 2665 295 2697 runt.'
320 2666 406 2699 Gud.

233 2711 253 2740 3
277 2708 496 2750 Dignitatem]
527 2708 774 2750 Autoritatem,
795 2718 896 2752 quam

191 2769 261 2800 prae
288 2759 371 2801 ipsis
398 2760 575 2792 habebant
600 2765 703 2793 antea
717 2770 762 2794 ex
776 2760 895 2792 barba.

190 2809 293 2849 Nam,
309 2813 347 2841 ut
362 2810 411 2842 ait
428 2810 628 2844 Lactantius
645 2811 716 2852 Op.
731 2811 814 2846 Dei.
831 2820 896 2844 vn.

192 2859 202 2879 ⁴
219 2859 344 2892 Barhae
367 2860 470 2903 ratio,
494 2860 695 2894 incredibile
711 2866 778 2904 est,
793 2871 896 2906 quan-

955 2360 1028 2388 tum
1055 2354 1212 2388 conferat
1235 2355 1280 2388 ad
1300 2354 1459 2389 decorem
1486 2356 1662 2390 virilitatis

954 2417 995 2439 ac
1010 2406 1165 2439 roboris!
1186 2406 1295 2447 Schef.

997 2457 1203 2500 AEquassent]
1215 2458 1396 2502 AEqualem
1407 2459 1586 2493 haberent.
1600 2461 1659 2493 Sic

954 2511 1119 2554 Virgilius
1129 2511 1206 2543 AEn.
1219 2521 1268 2544 vr.
1281 2511 1292 2529 ‘
1303 2511 1496 2554 AEquatque
1508 2511 1658 2545 Sichaeun

952 2562 1126 2594 amorem!
1148 2561 1254 2600 Schef.

995 2616 1014 2643 5
1038 2612 1200 2653 Muneris]
1222 2610 1333 2643 Virile
1357 2620 1478 2643 munus
1504 2615 1568 2653 est,
1582 2621 1658 2654 gra-

951 2671 1028 2694 vem
1045 2672 1137 2702 esse;
1159 2663 1226 2694 huc
1241 2661 1348 2693 barba
1362 2661 1526 2703 pertinet.
1570 2663 1658 2695 Con,-

951 2717 1006 2746 tra
1019 2713 1052 2744 in
1065 2712 1210 2744 foeminis
1226 2722 1357 2745 morum
1373 2712 1553 2755 vultusque
1566 2722 1658 2748 ama-

951 2764 1066 2796 bilitas
1082 2763 1250 2796 laudatur.
1274 2762 1380 2802 Schef.

992 2820 1015 2848 6
1046 2816 1146 2851 Pares
1166 2813 1384 2855 fortitudinis]
1425 2815 1539 2848 Recte-
1560 2816 1655 2858 geni.

950 2866 1021 2900 tivo
1033 2865 1132 2908 jungi
1146 2875 1206 2907 par
1223 2869 1259 2897 et
1274 2865 1396 2907 dispar,
1411 2865 1578 2908 exemplis
1594 2866 1656 2899 doa-
