1806 3236
212 193 299 237 426

671 196 813 242 κους
846 210 1129 249 unionum,
1150 214 1201 246 ιΝ

744 539 1015 589 LIBER
1074 540 1148 591 11.

805 797 1083 842 AUCTOR.

255 929 274 959 1
299 926 464 969 Exemplis
484 928 660 962 continetur
677 931 788 973 AEsopi
799 932 916 975 genus]

209 975 313 1009 Viros
343 978 465 1012 doctos
496 990 571 1013 sese
602 981 637 1013 in
662 982 727 1015 hoc
750 983 826 1016 loco
849 994 917 1017 non

209 1029 438 1073 expedivisse,
462 1028 579 1065 miror.
624 1033 769 1076 Durum,
784 1035 852 1067 imo
867 1036 917 1068 in-

209 1084 328 1121 eptum
341 1085 407 1122 est,
422 1083 534 1125 AEsopi
543 1094 655 1126 genus,
670 1085 742 1117 sive
752 1096 814 1129 pro
825 1087 919 1119 AEso-

211 1140 270 1172 po,
294 1132 366 1163 sive
382 1142 443 1173 pro
459 1132 583 1166 fabulis
609 1135 693 1178 ejus,
717 1137 789 1170 sive
813 1138 918 1171 etiam

209 1190 275 1221 pro
287 1182 362 1223 eJus
376 1183 548 1216 scribendi
564 1186 709 1226 ratione,
732 1188 813 1221 dici.
837 1190 917 1222 Non

209 1238 387 1274 ceperunt,
403 1235 484 1276 quid
500 1240 592 1268 esset
607 1237 672 1269 hoc
695 1238 772 1270 loco
802 1240 917 1272 Exem-

203 1282 282 1324 plis,
299 1295 374 1326 quae
390 1287 439 1318 vis
455 1291 492 1320 et
511 1288 716 1330 significatio
732 1291 828 1324 verbi
844 1303 915 1325 con-

207 1333 341 1376 tinetur,
357 1337 438 1378 quid
450 1337 516 1370 sibi
531 1339 636 1372 vellet
652 1345 713 1373 aut
726 1351 792 1383 quo
808 1342 916 1384 perti-

205 1389 308 1418 neret
318 1385 357 1418 τὸ
369 1397 480 1428 genus.
526 1389 634 1422 Genus
655 1391 810 1424 absolute
825 1393 915 1434 posi-

207 1437 294 1477 tum,
310 1440 349 1469 ut
360 1437 610 1482 subintelligas,
618 1442 809 1484 mortalium,
825 1444 915 1486 quod

206 1486 387 1528 eleganter
413 1489 539 1530 omisit,
557 1491 638 1533 quia
651 1492 767 1535 statim
791 1493 827 1525 in
847 1493 915 1527 fine

206 1537 301 1569 tertii
324 1548 442 1572 versus
458 1541 599 1583 legitur,
615 1541 696 1575 dum
712 1543 785 1585 ipse
798 1546 916 1587 pergit

178 1628 180 1630 v
205 1588 307 1629 primi
324 1591 485 1623 versiculi
502 1593 653 1636 brevem,
673 1594 827 1637 adeoque
838 1596 915 1628 sub-

205 1639 397 1683 obscuram,
436 1643 546 1676 thesin
575 1646 798 1687 sequentibus
831 1646 915 1679 duo-

204 1689 270 1722 bns
280 1691 430 1725 Senariis
445 1695 548 1735 paulo
561 1695 687 1738 largius
700 1700 802 1739 atque
816 1707 913 1739 aper-

204 1739 274 1772 tius
290 1743 475 1783 explicare.
504 1745 645 1778 Scilicet
659 1747 815 1779 Platonis
830 1748 914 1781 illud

204 1794 326 1830 Θννπῶν
354 1792 457 1835 γένος,
486 1795 608 1828 Cicero
632 1797 739 1829 etiam
761 1798 913 1832 reddidit

203 1841 215 1859 ‘
230 1842 350 1876 Genus
377 1846 595 1887 mortalium,’
624 1848 714 1890 quod
738 1849 824 1882 adeo
840 1850 913 1883 vul-

205 1903 288 1935 gare
316 1905 378 1936 pro
401 1897 605 1939 hominibus,
628 1903 668 1931 ut
689 1900 778 1941 apud
794 1901 913 1943 poetas

203 1954 302 1984 genus
316 1945 422 1979 ἁπλῶς
437 1957 478 1979 eo
490 1957 589 1981 sensu
600 1950 808 1993 reperiatur,
817 1952 915 1986 omis-

204 2004 242 2027 sa
257 2000 294 2028 et
318 1997 560 2031 subintellecta
585 2010 682 2042 voce,
708 2003 915 2038 mortalium.

206 2047 394 2080 Continetur
418 2049 482 2081 hoc
517 2050 592 2082 loco
621 2054 687 2092 est,
718 2052 913 2098 coercetur,

204 2097 353 2138 petitum
386 2109 407 2130 a
443 2099 627 2142 disciplina
658 2103 913 2148 magistrorum,

203 2148 263 2189 qui
277 2149 438 2191 regendae
459 2154 563 2193 atque
579 2153 778 2187 erudiendae
789 2155 913 2197 juven-

203 2199 270 2230 tuti
295 2205 459 2242 praesunt.
504 2202 620 2235 Livius
641 2204 701 2237 lib.
729 2214 859 2240 xxxiv.
882 2211 912 2243 1.

204 2249 215 2267 ‘
233 2249 401 2283 Matronae
418 2252 514 2284 nulla
529 2263 594 2286 nec
614 2256 833 2300 auctoritate,
849 2268 912 2292 nec

202 2301 428 2343 verecundia,
435 2312 499 2336 nec
508 2304 652 2346 imperio
662 2305 822 2350 virorum,
832 2318 911 2342 con-

203 2351 308 2384 tineri
346 2353 533 2394 poteraut?
596 2354 728 2388 Seneca
763 2358 840 2391 libr.
877 2370 911 2393 v.

201 2402 318 2436 Quare
332 2403 431 2436 bonis
446 2405 528 2437 viris
544 2406 634 2439 mala
651 2407 824 2450 accidant,
835 2420 911 2453 cap.

178 2491 187 2494 χ
203 2455 236 2485 1.
266 2454 277 2472 ‘
289 2453 413 2497 Cogita
427 2455 575 2489 filiorum
591 2467 652 2492 nos
665 2459 838 2493 modestia
853 2461 911 2495 de-

201 2504 336 2546 lectari,
352 2508 572 2540 vernularum
586 2508 830 2551 licentia,illos
843 2512 911 2545 dis-

201 2555 330 2597 ciplina
352 2557 498 2590 tristiori
525 2559 704 2602 contineri,
725 2561 846 2595 horum
868 2564 912 2596 ali

202 2605 404 2640 audaciam)
450 2608 544 2642 Quin
556 2610 661 2642 etiam
674 2610 794 2643 eodem
810 2622 910 2646 sensu

199 2657 369 2691 Phaedrus
397 2658 485 2691 libro
512 2669 565 2692 lv.
597 2661 748 2703 capitulo
776 2663 910 2698 ultimo.

201 2709 214 2726 ‘
228 2708 298 2741 Sed
327 2708 511 2742 difficulter
534 2712 732 2745 continetur
745 2713 911 2755 spiritus!

200 2757 259 2790 Sic
275 2758 381 2800 igitur
396 2760 524 2801 primus
540 2771 628 2794 novo
645 2766 682 2795 et
697 2761 791 2797 facili
807 2774 910 2797 sensu

202 2808 317 2842 locum
347 2809 440 2844 illum
467 2812 603 2855 explico
618 2821 626 2844 :
654 2813 762 2847 Genus
786 2819 911 2850 morta-

969 933 1051 966 lium
1080 932 1257 966 continetur
1294 933 1397 975 atque
1428 929 1608 966 coercetur
1639 930 1676 965 in

972 983 1084 1017 officio
1098 985 1247 1026 exemplis
1265 983 1388 1026 AEsopi,
1411 982 1446 1015 id
1462 986 1529 1025 est,
1542 981 1676 1016 rubeni·

971 1035 1154 1078 AEsopicis,
1186 1039 1228 1068 ut
1254 1034 1354 1078 pueri
1384 1034 1497 1067 solent
1528 1033 1679 1067 tristiori

973 1086 1165 1130 disciplina.
1210 1086 1367 1128 Exempla
1394 1085 1506 1127 AEoopi
1529 1089 1610 1118 sunt
1621 1084 1678 1118 sa-

972 1137 1073 1181 bulae,
1088 1142 1127 1170 ut
1141 1137 1202 1170 lib.
1213 1146 1240 1170 1.
1255 1136 1325 1169 fab.
1339 1139 1374 1169 2.
1396 1136 1407 1154 ‘
1420 1135 1566 1178 AEsopus
1577 1135 1677 1169 nobi·

971 1189 1036 1222 hoc
1061 1190 1256 1231 exemplum
1277 1187 1432 1231 prodidit
1452 1187 1475 1219 ι’
1497 1191 1534 1220 et
1547 1186 1607 1219 llb.
1622 1194 1676 1219 tv.

971 1239 1041 1274 sab.
1055 1243 1088 1273 2.
1116 1241 1126 1259 ‘
1143 1239 1356 1273 Adscribere
1372 1239 1449 1271 ·hoc
1472 1238 1594 1271 debuit
1615 1247 1676 1271 ex-

970 1291 1119 1333 emplum
1148 1290 1233 1323 sibi!
1277 1289 1335 1322 Sic
1361 1288 1466 1322 ovid.
1502 1288 1513 1307 ‘
1530 1287 1587 1321 Ite
1611 1297 1676 1330 per

970 1342 1180 1384 exemplum,
1206 1349 1313 1381 genus
1350 1349 1371 1372 o
1400 1339 1556 1381 mortale,
1582 1338 1677 1372 Dea-

970 1391 1067 1425 rum.’
1102 1391 1204 1423 Hanc
1216 1400 1326 1423 meam
1334 1389 1601 1432 explicationem
1617 1399 1678 1422 an-

970 1452 1015 1475 no
1030 1445 1126 1475 1663.
1142 1452 1162 1474 e
1178 1442 1291 1475 Gallia
1306 1441 1416 1475 redux
1434 1441 1547 1484 Hagae
1562 1440 1678 1474 Comi-

970 1498 1043 1525 tum
1058 1493 1150 1525 inter
1168 1492 1234 1524 alia
1258 1491 1395 1530 ostendi
1414 1492 1508 1524 Viris
1537 1491 1675 1534 Boetia,

970 1553 1071 1587 quam
1085 1546 1208 1586 postea
1230 1542 1296 1575 sibi
1316 1542 1545 1581 vindicarunt,
1559 1545 1600 1575 ut
1615 1551 1677 1584 ap-

969 1598 1072 1636 paret
1088 1604 1131 1626 ex
1149 1593 1300 1626 secunda
1318 1591 1557 1625 Schefferiaua
1572 1591 1676 1625 editi-

968 1654 1034 1678 one
1047 1645 1190 1678 Phaedri
1206 1644 1353 1677 suniero
1368 1652 1426 1676 mc
1437 1650 1570 1676 Lxxm.
1587 1643 1675 1676 Gud-

1013 1697 1203 1729 Continetur
1217 1695 1330 1736 AEsopi
1342 1694 1457 1736 genus]
1475 1715 1478 1717 -
1494 1695 1603 1726 Genus
1618 1695 1676 1727 ΔΕ-

967 1747 1037 1788 aopi
1051 1745 1241 1788 significare
1256 1745 1407 1777 arbitror
1416 1754 1490 1776 eam
1501 1743 1675 1777 scribendi

967 1797 1146 1838 rationem,
1159 1796 1213 1839 (δι’
1227 1794 1393 1835 ἀπολόγων
1407 1794 1498 1836 scil.)
1512 1804 1580 1838 qna
1598 1798 1674 1828 nte·

969 1849 1070 1882 batur
1082 1849 1236 1891 AEsopus.
1279 1848 1383 1881 Itain
1395 1848 1527 1890 prolog.
1549 1846 1610 1881 lib.
1621 1856 1673 1881 ιν.

969 1900 979 1918 ‘
994 1900 1086 1933 Usus
1101 1903 1238 1932 vetusto
1254 1908 1394 1941 genere,
1422 1898 1483 1931 sed
1497 1898 1600 1932 rebus
1616 1908 1675 1932 no-

971 1951 1046 1985 vis.’
1100 1950 1170 1984 Ubi
1194 1949 1231 1983 τὸ
1256 1960 1356 1992 genus
1388 1950 1439 1982 nil
1474 1960 1549 1983 esse
1578 1950 1672 1984 aliud

970 2005 1086 2044 queat,
1115 2011 1231 2044 quam,
1262 2001 1330 2042 via,
1367 1999 1543 2033 scribendi
1571 2001 1675 2044 ratio,

968 2051 1104 2092 μέθοδος,
1129 2051 1417 2095 quemadmodum
1434 2051 1527 2094 apud
1549 2052 1676 2085 Teren}

969 2103 1077 2135 tium:
1102 2113 1204 2145 quem
1233 2102 1427 2145 aliquando,
1455 2102 1545 2135 adsit
1571 2103 1674 2136 modo

967 2154 1198 2196 ’1w‹b‚libello
1205 2162 1358 2187 commen
1363 2154 1450 2186 tario
1458 2153 1654 2187 amabimus
1662 2165 1672 2187 x

968 2205 978 2223 ‘
993 2205 1085 2237 Olim
1099 2204 1158 2237 isti
1179 2203 1244 2236 fuit
1256 2203 1374 2246 generi
1385 2203 1554 2246 quondam
1565 2213 1674 2248 qum-

968 2259 1023 2288 tus
1045 2255 1138 2298 apud
1153 2255 1282 2289 seclum
1299 2254 1417 2298 prius-⁸
1453 2254 1588 2288 Scimus
1602 2254 1674 2299 qni·v

967 2306 1046 2339 dem
1076 2306 1142 2341 dici
1165 2307 1290 2351 Graece
1315 2305 1554 2349 ἱστοριογράφων
1570 2306 1674 2352 γένος,

966 2367 1029 2399 pro
1044 2357 1215 2391 historicis
1237 2357 1334 2399 ipsis,
1348 2358 1441 2400 apud
1456 2358 1643 2392 Diodorum
1658 2369 1670 2398 ς

967 2411 1004 2440 et
1026 2407 1117 2450 apud
1142 2411 1383 2450 excerptorem
1410 2407 1583 2450 Athenaei,
1605 2409 1670 2442 Am·

966 2460 1025 2491 δῶν
1043 2457 1135 2498 γένος
1157 2469 1219 2500 pro
1245 2456 1669 2501 &01802‚quemadmodum:

966 2510 977 2528 ‘
991 2511 1094 2543 Nunc
1120 2509 1312 2542 fabularum
1337 2519 1400 2542 cnr
1420 2509 1467 2542 sit
1490 2510 1669 2543 inventum

967 2570 1073 2602 genus
1087 2560 1108 2593 :³
1131 2560 1191 2593 ubi
1209 2560 1394 2600 fabularum
1404 2570 1503 2601 genus
1517 2560 1600 2602 ipsae
1621 2560 1672 2594 sa-

966 2611 1057 2644 bulae
1072 2616 1162 2644 sunt.
1206 2611 1262 2644 Ita
1275 2611 1284 2628 ‘
1300 2610 1524 2643 Ardelionum
1549 2611 1669 2654 natio,'

966 2672 1028 2704 pro
1044 2661 1248 2694 ardeliones.
1281 2660 1349 2693 Sed
1362 2661 1390 2693 si
1399 2661 1474 2703 quis
1489 2661 1556 2694 dici
1569 2670 1669 2703 posse

963 2712 1136 2745 existimet
1153 2711 1287 2744 Homeri
1298 2721 1409 2752 genus,
1433 2721 1498 2753 pro
1516 2712 1668 2746 Homero

964 2762 1051 2806 ipso,
1078 2766 1116 2795 et
1138 2762 1270 2795 Phaeari
1286 2772 1398 2804 genus,
1422 2772 1486 2804 pro
1507 2762 1667 2806 Phaedro,

962 2812 1112 2848 fallitur:
1132 2812 1172 2848 id
1187 2812 1278 2848 enim
1298 2822 1416 2848 verum
1431 2822 1504 2847 esse
1519 2823 1586 2849 non
1606 2823 1666 2857 po·
