1806 3236
215 220 303 266 316

218 328 312 361 tione
328 328 482 371 Rigaltii,
504 339 581 371 quae
610 339 698 361 anno
722 338 825 363 rane.
849 339 925 371 pro-

217 378 295 420 diit,
331 379 471 421 legitur,
507 379 636 421 Duplex
671 379 784 412 libellis
805 391 839 414 os
867 384 924 414 est.

219 428 432 462 Hodiernam
460 430 644 463 lectionem
680 441 699 463 e
729 430 862 472 codice,
886 428 938 464 ut*

219 480 351 521 opinor,
367 481 528 514 Remensi
544 482 686 523 protulit
702 485 823 524 postea
835 482 925 516 idem

218 530 403 573 Rigaltius,
415 535 488 572 aut,
505 541 618 574 neque
633 532 724 565 enim
739 533 821 566 satis
836 543 928 566 com-

219 581 372 622 memini,
393 582 620 615 clarissimum
643 582 728 615 illud
749 583 926 617 literarum

219 631 325 664 decus
337 633 549 666 sirmondus.
594 633 664 667 Sed
683 634 802 668 unicus
815 635 858 668 T.
872 635 926 668 Li-

218 681 265 714 vii
278 686 490 716 restaurator
505 684 708 726 Gronovius,
729 686 867 728 scriptis
883 686 926 718 ad

218 741 273 765 me
289 742 399 775 nuper
424 734 591 776 epistolis,
618 735 792 776 monebat,
815 735 926 768 videri

218 783 282 815 sibi
298 784 495 825 legendum,
523 785 652 828 Duplex
666 785 799 826 fabellis
815 796 850 818 os
870 790 926 819 eat.

217 833 343 866 Faber.
387 834 445 867 Ita
459 844 503 867 ex
516 835 676 874 Remensi
698 835 774 870 cod.
789 836 825 869 in
849 846 927 878 pos-

218 883 341 916 teriori
378 884 530 920 editione
564 886 705 928 scripsit
748 887 927 929 Rigaltius.

219 933 398 967 Editiones
423 935 556 978 priores
581 937 722 978 Pitboei‚
736 938 929 971 Rittershu-

217 984 272 1027 sii,
282 989 318 1017 et
333 985 474 1018 aliorum
485 986 636 1020 habuere
647 997 713 1021 ms
723 991 781 1020 est.
827 987 928 1021 Quod

219 1044 290 1068 non
318 1036 438 1078 paucis
465 1037 611 1079 placuit,
632 1042 669 1071 et
684 1048 795 1080 nuper
811 1038 929 1072 admo·

220 1087 302 1122 dum
316 1087 494 1122 Ludovico
517 1089 685 1123 Praschio
707 1091 744 1124 in
765 1091 928 1132 eleganti-

219 1139 282 1172 bus
298 1139 340 1172 ad
356 1140 446 1173 hunc
463 1145 640 1174 auctorem
661 1142 766 1184 notis,
784 1142 927 1184 viroque

219 1200 289 1224 una
303 1191 418 1233 docto,
431 1202 535 1234 quem
549 1193 584 1225 in
597 1193 647 1226 eis
658 1194 789 1227 laudat.
812 1193 927 1228 Quan-

220 1251 323 1284 quam
335 1241 425 1275 forte
441 1243 569 1277 rectius
582 1243 720 1286 fecerit,
735 1246 793 1288 qui
810 1254 928 1279 vocem

220 1294 318 1326 moris
338 1303 405 1326 non
428 1294 596 1336 prolege,
619 1295 709 1327 sicut
723 1295 794 1336 ille,
809 1304 927 1327 verum

218 1343 347 1386 indole,
356 1344 569 1386 conditione,
583 1346 751 1388 qualitate
766 1346 927 1388 quapiam

219 1394 408 1436 acceperit.
452 1396 531 1429 Quo
543 1396 644 1429 modo
653 1396 818 1438 Virgilius
832 1405 928 1429 usur-

219 1445 319 1487 pavit
344 1445 475 1488 Georg.
499 1456 526 1480 ι.
548 1457 648 1490 quem
664 1448 798 1490 ignoro,
813 1452 927 1480 utrum

219 1500 336 1528 noster
349 1506 416 1528 non
432 1497 640 1539 respexerit,
668 1508 746 1531 cum
766 1499 832 1530 hoc
847 1498 928 1531 scri-

219 1545 334 1587 beret,
353 1556 417 1579 ceu
432 1547 468 1579 in
483 1548 659 1590 plerisque
684 1548 762 1580 aliis
787 1558 929 1581 eonsue-

219 1597 284 1631 vit.
321 1598 450 1630 Versus
481 1603 536 1630 est
559 1601 614 1631 51.
635 1599 789 1631 ‘Ventos
812 1603 849 1631 et
872 1609 929 1632 va-

219 1647 308 1680 rium
325 1647 401 1680 coeli
417 1648 625 1690 praediscere
645 1649 798 1682 morem!
833 1650 843 1667 ‘
861 1650 930 1682 De-

219 1697 308 1740 bes‚’
324 1698 436 1740 inquit
460 1698 601 1732 Servius
626 1699 670 1731 ad
693 1700 783 1732 hunc
805 1700 932 1742 locum,

219 1748 231 1767 ‘
248 1749 354 1782 etiam
369 1750 448 1782 coeli
463 1750 663 1792 qualitatem
679 1760 791 1792 nosse,
815 1756 929 1784 utrum

220 1800 349 1841 pluviis
375 1800 538 1842 gaudeat,
560 1810 603 1833 an
628 1805 765 1843 tepore,
787 1802 845 1834 vel
870 1801 929 1834 fri-

222 1849 331 1891 gore?
374 1850 472 1883 Sicut
487 1851 497 1870 ‘
511 1861 640 1884 morem
650 1851 740 1884 eoeli'
753 1852 840 1884 dixit
850 1852 929 1884 Vir-

222 1900 323 1943 gilius
362 1901 494 1943 pluere,
528 1902 584 1934 vel
622 1906 756 1944 tepere,
781 1902 838 1934 vel
870 1901 929 1934 fri-

221 1962 318 1995 gere,
343 1953 394 1986 ita
416 1953 584 1986 Phaedrus
610 1963 727 1987 morem
740 1954 838 1987 libelli
861 1963 930 1986 mo·

163 2039 167 2042 Δ
221 2013 304 2037 vere
331 2004 451 2045 risum,
487 2014 627 2036 monere
658 2005 778 2046 vitam,
814 2004 930 2047 potuit

221 2054 360 2088 dixisse.
404 2054 455 2087 At
478 2064 560 2087 vero
579 2056 663 2087 Tan.
683 2055 796 2088 Faber
810 2055 846 2088 id
863 2066 930 2088 am-

221 2105 400 2147 plectitur,
428 2105 520 2148 quod
543 2105 578 2138 in
593 2105 669 2138 cod.
685 2107 783 2138 Rem.
800 2107 931 2148 reperi-

221 2160 293 2189 tur.
352 2156 454 2188 Fecit
489 2156 582 2189 idem
619 2157 713 2198 prius
750 2161 787 2189 et
825 2158 929 2199 ampl.

220 2206 488 2248 Freinshemius,
500 2208 560 2249 qui
579 2217 647 2240 non
658 2207 852 2250 importune
863 2209 929 2241 huc

220 2257 368 2291 adduxit
389 2268 527 2291 versum
549 2258 720 2291 Martialis
744 2269 787 2291 ex
810 2259 930 2301 Epigr.

221 2315 307 2341 xm.
322 2310 376 2340 10.
411 2308 423 2326 ‘
436 2308 512 2341 Nec
542 2309 673 2350 poteris
694 2308 814 2341 similae
830 2308 930 2341 dotes

221 2367 416 2400 numerare,
442 2368 507 2391 nec
535 2358 638 2392 usus!
683 2359 779 2391 Dicit
813 2363 930 2392 tamen

221 2410 346 2452 Faber,
361 2410 500 2443 unicum
514 2410 608 2442 illum
618 2409 706 2442 Livii
721 2414 931 2444 restaurato·

222 2470 296 2493 rem
324 2461 549 2503 Gronovium‚
576 2470 620 2492 ex
648 2459 799 2492 editione
822 2461 932 2501 prima

222 2510 380 2552 Rigaltii,
408 2510 442 2542 in
473 2520 538 2552 qua
559 2509 638 2551 fuit,
660 2510 791 2551 Duplex
818 2509 932 2542 libellis

225 2570 260 2593 os
270 2564 328 2603 est,
341 2560 444 2600 velle,
458 2560 589 2601 Duplex
595 2559 725 2599 fabellis
735 2563 836 2601 esest,
852 2560 932 2592 seri-

224 2610 318 2644 bere.
363 2610 479 2652 Atque
502 2610 552 2642 ita
573 2611 646 2652 ipse
669 2611 819 2652 optimus
847 2611 933 2644 Gro-

224 2662 343 2694 novius
367 2661 404 2693 iu
420 2660 488 2693 suis
505 2661 547 2692 ad
564 2670 617 2693 me
639 2661 761 2701 literis,
775 2671 795 2693 e
807 2661 932 2703 quibus

224 2721 308 2745 ecce
323 2711 387 2744 tibi
406 2711 481 2753 ipsa
502 2711 567 2743 viri
592 2710 782 2744 doctissimi
804 2711 929 2744 verba:

220 2761 232 2780 ‘
247 2763 361 2804 Lego:
373 2761 637 2803 Duplexsabellis
648 2771 683 2794 os
693 2765 751 2795 est.
765 2761 931 2804 Fabulae,¹

224 2812 348 2856 inquit,
361 2812 371 2831 ‘
386 2812 560 2855 duplicem
573 2812 701 2846 habent
715 2811 837 2845 faciem
858 2811 948 2854 sive*

687 237 829 268 NOTAE
862 236 1129 268 VARIORUM
1163 237 1217 269 IN

974 340 1175 373 personam;
1202 332 1357 374 alteram,
1371 342 1448 376 quai
1463 331 1608 367 ridicula
1618 343 1679 377 ap·

975 387 1096 425 paret;
1119 383 1275 424 alteram,
1305 394 1382 427 quie
1409 394 1532 427 sapere
1561 378 1682 419 deest

976 433 1054 466 Nec
1076 433 1191 467 libellis
1214 434 1302 468 bene
1329 435 1471 476 dieitur,
1497 445 1574 478 pro,
1599 435 1680 470 huie

975 483 1106 525 libello,
1128 493 1204 527 nec,
1219 485 1248 518 si
1263 485 1306 518 de
1320 485 1496 529 quibusvis
1511 485 1608 519 libris
1625 496 1680 520 ιι-

975 543 1061 576 mas,
1087 544 1207 568 verum
1232 535 1307 569 est?
1355 536 1446 570 Hauc
1476 535 1680 570 Gronovius.

977 585 1028 618 At
1050 595 1129 621 cum
1144 587 1242 619 Rem.
1259 586 1336 620 cod.
1359 586 1445 620 facit
1458 596 1550 620 nunc
1561 590 1601 620 et
1627 585 1676 620 N.

976 636 1138 669 Heinsius
1164 635 1259 679 (nam
1295 636 1397 669 aliter
1431 640 1614 670 censuerat
1643 636 1680 669 in

976 692 1049 721 not.
1076 688 1120 720 ad
1137 687 1242 720 Ovid.
1256 688 1344 720 Met.
1364 696 1432 720 ιιι.
1453 686 1680 731 48009101»-

977 738 1159 771 admodum
1175 747 1237 780 per
1250 738 1370 770 literas
1380 737 1440 769 ‘rna
1451 737 1582 770 docuit.
1603 737 1681 770 Nee

975 787 1123 821 fortasse
1149 792 1287 830 peccat,
1313 788 1371 830 qui
1396 787 1440 820 ab
1470 786 1680 821 anctoritate

977 845 1049 874 tam
1064 839 1193 875 vetusti
1207 839 1288 872 libri
1303 843 1434 872 temere
1447 847 1519 871 non
1535 836 1683 872 recedit.

977 891 1081 930 &hell
1122 889 1166 923 Τὸ
1184 900 1249 923 mos
1263 893 1382 924 tuetur
1396 887 1575 923 Gebhard.
1598 888 1683 922 Cr·-

978 942 1085 985 pund.
1101 951 1143 975 n.
1153 945 1189 976 θ.

1021 993 1153 1035 Duplex
1165 992 1262 1026 libelli
1272 993 1328 1025 dos
1338 991 1402 1034 est]
1422 991 1478 1027 Sic
1498 990 1605 1028 habet
1618 990 1685 1024 na-

977 1044 1102 1077 mensis
1116 1043 1336 1077 bibliothecas
1363 1042 1450 1078 eod.
1473 1042 1592 1077 Ante·
1610 1041 1686 1079 edi·-

977 1093 1094 1127 deram
1109 1105 1154 1127 ex
1168 1095 1363 1136 Pithoeano,
1373 1092 1628 1136 Dupleaeubouie
1637 1101 1685 1134 os,

978 1149 1018 1177 ut
1042 1149 1131 1178 esset
1144 1146 1260 1187 duplex
1278 1155 1323 1187 os,
1343 1144 1440 1188 qusai
1461 1143 1590 1186 duplex
1606 1151 1684 1186 per*-

977 1205 1081 1228 soua:
1105 1205 1182 1238 quoe
1197 1195 1331 1229 scilicet
1344 1195 1451 1229 risum
1464 1197 1632 1236 noveras,
1645 1197 1684 1226 et

976 1255 1052 1289 quas
1082 1245 1225 1278 consilio
1257 1245 1365 1278 vitam
1399 1247 1568 1278 moneret.
1621 1243 1683 1277 Sic

975 1296 1068 1329 enim
1094 1297 1191 1329 Max.
1212 1296 1349 1338 Tyrius,
1370 1296 1434 1329 Or.
1449 1304 1543 1329 xxx.
1559 1295 1686 1337 διἀιιῦ,

975 1347 1103 1389 inquit,
1125 1346 1183 1379 τὸν
1209 1347 1305 1387 μῦθον
1325 1347 1385 1386 τῆς
1402 1345 1532 1389 χάριτος
1551 1345 1605 1379 καὶ
1626 1347 1684 1385 τῆς

975 1397 1052 1440 πρὸς
1073 1397 1113 1437 τὸ
1133 1396 1250 1436 ἆληθὸι·
1273 1397 1355 1430 ὁδοῦ.
1400 1397 1518 1440 Atque
1541 1396 1599 1430 hie
1623 1396 1685 1431 d&

976 1460 1066 1483 mum
1077 1454 1132 1482 est
1143 1450 1285 1483 Horatii
1295 1458 1380 1491 mos,
1389 1453 1431 1481 ut
1440 1449 1584 1483 m'uooat
1597 1448 1683 1482 utile

977 1500 1083 1533 dulci.
1125 1500 1194 1532 Sed
1223 1509 1314 1532 nunc
1334 1500 1443 1542 magis
1465 1499 1549 1532 mihi
1565 1499 1684 1542 placat

977 1550 1037 1582 illa
1049 1551 1146 1584 Rem.
1160 1550 1278 1583 lectio.
1303 1545 1383 1591 Εἰς.

1022 1602 1154 1643 Duplex
1164 1600 1262 1633 libelli
1275 1602 1332 1633 dos
1342 1599 1405 1642 est]
1413 1600 1471 1637 Ita
1482 1602 1580 1637 recto,
1593 1610 1616 1633 a
1626 1600 1684 1634 ni-

980 1652 1085 1695 galtio
1101 1652 1300 1684 restitutum
1312 1662 1355 1685 ex
1371 1651 1603 1685 vetustissimo
1616 1652 1686 1689 Qo-

979 1703 1056 1736 dice
1084 1703 1254 1735 Remensi.
1297 1703 1427 1744 Duplex
1450 1703 1507 1736 dos
1530 1705 1684 1735 vasonem

980 1753 1074 1786 illam
1103 1753 1285 1785 verborum
1313 1753 1541 1786 ven-uilitatem
1567 1751 1682 1794 sapit:

979 1802 1263 1846 quemadmodum
1291 1803 1383 1836 enim
1409 1803 1444 1836 in
1466 1802 1589 1845 puellis
1614 1802 1684 1835 olo-

979 1853 1099 1886 candis
1114 1852 1242 1895 duplex
1258 1853 1320 1886 dos
1333 1852 1603 1893 commendatur,
1623 1861 1685 1885 un·

980 1904 1024 1936 de
1042 1903 1259 1936 comicorum
1274 1903 1535 1936 venustissimus
1558 1903 1685 1935 Teren-

978 1955 1046 1987 tius
1060 1954 1095 1986 in
1108 1953 1278 1996 Adelphis
1298 1954 1344 1988 de
1355 1964 1509 1997 paupere
1521 1956 1686 1996 corrupta

979 2004 1076 2044 dicit,
1108 2004 1118 2022 ‘
1134 2004 1286 2037 Primum
1315 2004 1469 2038 indotata
1502 2008 1578 2045 ειη
1611 2009 1686 2037 ω·

980 2059 1164 2096 praeterea,
1187 2065 1262 2098 quae
1283 2054 1434 2087 secunda
1457 2054 1520 2088 dos
1542 2054 1576 2087 ei
1594 2057 1686 2095 erat,

980 2105 1114 2145 Periit;
1142 2115 1205 2147 pro
1221 2105 1354 2147 virgine
1367 2108 1512 2148 nuptum
1529 2104 1603 2138 dari
1617 2113 1687 2137 non

980 2155 1119 2197 potest!
1160 2155 1218 2188 Sic
1242 2156 1421 2196 Phaedrus,
1446 2155 1566 2189 foetnm
1589 2163 1686 2188 snum

981 2205 1187 2246 elocaturus,
1201 2206 1378 2247 eleganter
1395 2205 1549 2239 libellum
1563 2204 1652 2237 huuc
1666 2213 1687 2237 ι

981 2254 1112 2296 duplici
1136 2255 1218 2288 dote
1241 2255 1478 2296 commendat3
1503 2265 1580 2288 cum
1595 2254 1686 2288 enim

980 2306 1099 2348 AEsopi
1123 2306 1301 2338 materiam
1326 2306 1458 2340 aridam
1479 2310 1516 2339 et
1534 2306 1688 2346 incomp-

982 2361 1053 2389 tam
1082 2357 1229 2398 videret,
1259 2356 1389 2398 duplici
1414 2357 1509 2398 dote,
1526 2357 1685 2399 jocor-n

981 2408 1115 2441 scilicet
1129 2408 1404 2441 suavissimorum
1418 2411 1456 2440 et
1469 2406 1686 2440 consiliorum

981 2458 1216 2500 prudentium,
1241 2468 1315 2491 eam
1331 2458 1561 2499 locupletasse
1575 2459 1614 2488 et
1634 2465 1687 2488 or-

982 2519 1080 2542 nasse
1097 2510 1194 2543 dicit.
1236 2509 1378 2542 Scilicet
1390 2509 1464 2541 haee
1484 2507 1543 2539 illa
1556 2510 1611 2539 est
1622 2506 1685 2540 dos

982 2560 1124 2602 duplex,
1140 2570 1240 2602 quam
1256 2561 1342 2592 adeo
1358 2560 1393 2592 in
1408 2557 1575 2602 ejusmodi
1589 2558 1688 2591 libel-

982 2610 1025 2643 lis
1039 2610 1215 2642 desiderat
1232 2610 1395 2642 Horatius
1408 2609 1500 2642 inter
1514 2608 1596 2640 artis
1614 2617 1685 2641 sun

982 2666 1173 2703 praecepta,
1193 2661 1203 2679 ‘
1217 2661 1397 2694 Lectorem
1409 2658 1617 2693 delectando
1628 2658 1688 2701 p'a·

983 2712 1135 2753 riter-que
1171 2711 1361 2743 monendo.'
1425 2711 1537 2744 Quem
1575 2710 1687 2743 locum

982 2761 1150 2794 Phaedrus
1169 2761 1285 2794 statim
1301 2760 1443 2802 subjicit
1456 2761 1594 2803 paulum
1613 2770 1687 2794 mu·

984 2812 1066 2846 tatis
1079 2812 1204 2862 verbis,
1215 2816 1253 2845 et
1264 2812 1307 2845 ad
1319 2812 1471 2845 libellum
1485 2821 1580 2845 suum
1593 2820 1688 2854 egre-
