1806 3236
132 729 134 731 ,
216 646 640 728 NOTAE
720 653 1533 739 VARIORUM

833 822 887 855 IN

388 929 693 984 PHAEDRI
723 935 1036 987 AUGUSTI
1067 936 1365 988 LIBERTI

281 1076 826 1155 FABULAS

909 1083 1461 1146 AESOPIAS

536 1312 593 1346 Ex
618 1312 807 1346 Emuom:
830 1313 948 1347 Pn-nu
975 1314 1197 1356 Buamnm,

682 1359 760 1389 svo.
786 1356 948 1390 Amsrm..
973 1360 1070 1391 1718.

682 1553 961 1605 LIBER
1021 1554 1070 1605 1.

175 1674 266 1718 Aug.
283 1673 429 1718 nami]
451 1675 632 1710 Tiberium
651 1676 849 1720 intelligen-
895 1678 1027 1721 jieeret
1042 1677 1213 1722 Pithoeus,
1241 1677 1375 1712 factum
1389 1678 1523 1711 censeri
1539 1688 1617 1721 pos-

132 1726 216 1761 dmn
226 1726 336 1762 aiunt.
378 1726 518 1770 Lipsius
527 1736 692 1770 expresse
703 1728 740 1761 in
753 1728 847 1762 notis

132 1777 178 1812 nd
191 1778 318 1813 Senot.
332 1778 439 1812 Cous.
453 1778 580 1821 Polyb.
596 1789 628 1812 c.
644 1782 698 1814 2⁷.
721 1780 732 1799 ⁴
749 1779 848 1813 Phae-

133 1828 532 1865 dm'l'iberiilibertus·'
575 1829 846 1875 And-Schottus

131 1880 386 1916 lib-mobser.
410 1880 518 1915 Hum-
542 1891 574 1915 c.
589 1884 644 1915 19.
671 1880 849 1925 ‘Adjicio,

135 1933 221 1968 slim
245 1934 468 1978 per-eruditos
501 1934 661 1968 extitisse
687 1934 847 1977 libertos,

133 1985 274 2029 seriptis
285 1987 392 2020 etiam
402 1986 527 2020 elatos.
541 1984 692 2029 Augusti
706 1985 847 2029 quidem

135 2037 328 2080 Hyginum,
348 2036 485 2071 Tiberii
506 2036 718 2070 Paean-nme
745 2037 849 2072 Jaco-

137 2087 202 2121 bus
212 2088 467 2122 aldermannu-
484 2087 626 2131 Utopi·
638 2089 662 2121 l.
675 2097 701 2121 1.
727 2088 738 2107 ‘
748 2088 848 2122 Phae-

137 2139 236 2173 drum
247 2140 328 2182 legi,
338 2139 472 2173 Tiberii
483 2138 649 2182 principis
659 2139 847 2172 libertum.'

138 2190 250 2224 olaus
272 2190 471 2224 Borricliins
496 2191 533 2222 in
564 2190 618 2223 De
644 2190 747 2223 lexic.
770 2191 847 2223 Lat.

129 2242 344 2285 jejunitate:
367 2243 377 2261 ‘
395 2242 582 2275 Phaedrum
605 2251 683 2275 cum
699 2242 850 2284 Augusti

137 2295 301 2329 libertum
324 2295 429 2329 fuisse
449 2297 601 2337 constet,
623 2304 694 2328 non
709 2294 851 2328 Octavii

138 2346 345 2397 putendum,
360 2355 428 2390 quo
447 2345 501 2378 vir
516 2345 654 2388 quidam
671 2344 850 2378 clarissimi

137 2399 284 2432 nominis
297 2398 455 2440 inclinat,
471 2397 532 2431 sed
547 2397 693 2440 Tiberii,
706 2397 742 2431 id
758 2396 851 2441 quod

137 2451 256 2494 sejani
286 2459 410 2484 nomen
434 2453 471 2483 et
492 2453 599 2491 artes,
619 2459 703 2493 quas
725 2449 851 2482 leviter

138 2501 253 2545 tangit
267 2499 447 2543 Phaedrus,
468 2498 574 2534 facile
589 2499 852 2543 persuaserint!

138 2552 307 2587 Similiter
344 2552 560 2585 Demsterus.
614 2549 667 2585 At
693 2552 850 2586 Pithoeus

139 2603 288 2638 dubitat.
330 2604 389 2637 Sic
412 2603 504 2636 enim
526 2602 664 2646 praefat.
684 2603 727 2637 ad
743 2604 852 2637 Frau-

139 2654 267 2688 ciscum
282 2653 447 2688 fratrem:
467 2655 478 2673 ‘
497 2653 622 2688 Reddo
632 2653 777 2689 fabellas
788 2656 851 2689 im·

142 2705 308 2748 pentorii
321 2705 454 2747 liberti,
467 2709 516 2749 et,
528 2710 696 2750 quantum
710 2706 851 2751 quidem

141 2755 303 2800 conjicio,
316 2756 458 2799 Tiberii,
471 2760 575 2801 atque
594 2757 682 2791 adeo
698 2762 778 2801 post
791 2758 851 2791 Se·

136 2808 258 2850 janum
286 2807 506 2843 damnatum:
549 2809 601 2842 Ut
622 2809 688 2843 hoc
708 2810 758 2844 sic
773 2820 852 2844 con-

900 1730 948 1763 sit
977 1739 1041 1772 per
1067 1739 1123 1772 ea,
1150 1740 1228 1773 qum
1257 1730 1422 1772 leguntur
1441 1730 1511 1762 fine
1534 1730 1615 1762 libri

901 1781 1029 1824 quarti.
1075 1781 1124 1815 At
1137 1782 1185 1815 ibi
1207 1782 1349 1825 pramii,
1377 1782 1616 1825 cujuscunque

899 1834 1063 1878 denique,
1093 1834 1135 1869 fit
1160 1835 1305 1876 mentio,
1334 1844 1402 1868 non
1431 1834 1617 1868 libertatis.

902 1886 951 1920 Et
970 1887 1044 1929 jam
1071 1891 1153 1921 ante
1184 1887 1273 1920 libro
1303 1896 1363 1920 ιιι.
1403 1891 1616 1930 conquestus

901 1937 1072 1972 Phaedrus
1089 1943 1166 1972 erat
1177 1939 1221 1971 de
1231 1938 1356 1981 injuria
1369 1938 1502 1980 sejani,
1517 1947 1620 1971 accu-

901 1989 1009 2022 santis
1021 1999 1112 2031 eum,
1122 1995 1229 2032 atque
1240 1989 1515 2022 condemnantis.
1530 1989 1617 2022 Quis

902 2048 986 2073 vero
1001 2040 1123 2073 credat
1135 2043 1335 2073 accusatum
1352 2049 1373 2071 a
1383 2039 1526 2081 sejano,
1541 2042 1619 2072 tan-

904 2095 943 2124 to
971 2091 1058 2132 viro,
1087 2091 1324 2134 mancipium?
1369 2091 1464 2133 Ergo
1493 2091 1618 2124 saltem

902 2141 990 2174 illud
1018 2141 1159 2184 falsum,
1187 2141 1280 2185 quod
1310 2141 1457 2174 libertum
1485 2139 1617 2174 factum

900 2197 970 2235 post
1000 2192 1151 2235 sejanum
1179 2194 1361 2226 damnatum
1391 2192 1536 2225 tradidit
1558 2192 1619 2225 Pi-

904 2244 1029 2278 thoeus.
1074 2244 1144 2277 Sed
1156 2253 1222 2277 nec
1235 2253 1341 2286 quare
1354 2253 1374 2276 a
1385 2243 1528 2276 Tiberio
1544 2247 1619 2276 tan·

903 2295 982 2328 dem
998 2296 1086 2328 liber
1106 2294 1182 2328 fieri
1205 2294 1376 2337 debuerit,
1403 2303 1507 2327 causa
1519 2293 1619 2327 reddi

904 2352 1033 2390 potest.
1078 2346 1171 2381 Quin
1202 2346 1328 2388 potius,
1348 2355 1426 2378 cum
1452 2355 1619 2388 expresse

903 2397 1070 2432 Ausum
1086 2405 1260 2430 nazarus
1277 2396 1427 2437 dicatur,
1449 2396 1493 2429 de
1509 2396 1619 2429 Octa-

904 2449 961 2482 vio
973 2450 1007 2483 id
1023 2449 1269 2490 intellexerim,
1285 2458 1363 2481 cum
1378 2451 1525 2490 propter
1539 2458 1619 2481 cau·

903 2511 957 2534 sas
985 2501 1083 2543 alias,
1114 2500 1158 2534 de
1183 2499 1307 2543 quibus
1330 2499 1461 2542 egimus
1485 2498 1520 2531 in
1545 2498 1620 2532 vita

903 2552 1060 2595 Phaedri,
1072 2556 1147 2585 tum
1162 2551 1243 2595 quia
1258 2551 1286 2583 is
1303 2550 1353 2583 sic
1368 2550 1473 2592 vulgo
1487 2550 1619 2595 simpli-

904 2603 994 2637 citer
1009 2602 1262 2646 appellabatur.
1284 2599 1473 2642 Schqfferus.

948 2653 1167 2696 AEsopiarum]
1191 2653 1318 2686 Recte.
1342 2652 1400 2685 Sic
1412 2651 1503 2684 enim
1511 2652 1619 2685 nomi-

906 2705 1077 2739 nabantur
1114 2704 1354 2746 communiter,
1396 2702 1465 2735 illae
1491 2703 1621 2746 ¹etiem,

906 2766 984 2801 quae
1001 2756 1100 2798 alios,
1122 2765 1225 2799 quam
1252 2755 1429 2797 AEsopum,
1450 2753 1620 2788 haberent

907 2813 1078 2843 auctores.
1123 2807 1223 2841 Adeo
1253 2816 1323 2840 non
1350 2804 1540 2839 audiendus
1554 2806 1618 2839 Ta-
