1806 3236
210 267 297 311 374

211 382 265 412 eo,
280 372 338 415 qui
354 375 390 404 et
405 371 463 404 illa
484 380 551 403 non
577 369 752 413 intelligit,
773 379 850 413 quae
875 369 918 402 ab

211 424 366 457 omnibus
403 422 654 464 intelliguntur.
704 421 920 460 Ἀναισθησίαν

212 475 328 508 Graeci
353 478 488 516 vocant,
522 473 585 506 de„
603 483 670 516 qua
701 473 780 506 vide
810 473 921 506 Theo·

210 525 344 567 phrasti
368 524 607 564 characteres,
631 528 668 556 et
684 523 731 556 ibi
747 522 920 556 Casaubo-

209 588 303 610 num.
322 577 431 616 Sclwf.
474 577 562 609 Mss.
574 575 654 608 libri
667 575 723 608 hic
734 575 918 608 exhibent:

214 630 334 661 Corvus
348 639 406 661 cur
415 628 529 661 dolosis
534 627 655 668 fuisset
677 627 920 670 deceptu-sfron-

209 679 300 712 dibus
319 680 477 721 ignavius.
519 680 634 712 Vossii
663 679 777 713 codex
802 678 920 720 habet,

212 732 364 764 Cerdonis
391 732 487 764 dolos.
533 731 649 773 Lege:
691 731 776 764 Τιιησ
798 732 921 763 demum

208 783 364 824 ingemuit
377 792 486 815 corvus
501 784 625 815 delusas
638 783 734 824 dolos,
758 782 815 814 vel
841 785 921 814 stro·

206 834 299 876 phas,
328 838 367 867 ut
393 834 428 866 in
454 833 573 866 fabula
598 833 772 877 sequenti.
802 833 919 867 Heius.

210 883 272 916 Nil
286 885 404 918 muta.'
425 884 549 918 Senec.
563 884 702 917 Suasor.
718 893 759 917 11.
780 885 790 902 ‘
806 884 920 917 Corvo

210 936 359 977 stuporis
375 935 607 968 testimonium
619 935 855 969 reddendum.’

236 990 294 1020 ·13
319 988 393 1020 Hae
407 987 456 1029 re]
479 987 522 1020 Id
544 992 611 1029 est,
631 988 697 1020 hac
712 987 841 1029 fabula,
856 988 920 1021 bac

209 1039 422 1080 narratione,
449 1039 515 1071 hoc
542 1039 716 1080 exemplo,
738 1038 805 1071 hoc
822 1048 921 1080 argu-

208 1095 325 1123 mento
339 1102 348 1123 ι
378 1091 468 1123 infra
481 1090 550 1124 fab.
562 1093 618 1123 27.
641 1091 651 1108 ‘
668 1090 758 1123 Haec
772 1099 828 1123 res
842 1100 921 1123 ava·

208 1141 254 1174 ris
271 1151 348 1174 esse
364 1141 571 1174 conveniens
587 1139 729 1183 potest.’
753 1141 860 1174 Axen.

252 1193 328 1226 Hac
352 1204 388 1226 re
414 1193 565 1235 probatur
590 1196 741 1236 quantum
758 1193 920 1234 ingenium

208 1244 306 1286 valet,
324 1244 448 1295 Kirluti
461 1247 491 1277 et
502 1255 621 1286 semper
632 1245 785 1286 praevalet
798 1244 920 1286 sapien·

207 1295 271 1336 tia]
294 1294 465 1328 Ausonius
491 1295 674 1328 tetrastico
697 1294 732 1327 in
752 1295 920 1327 Severum

208 1345 343 1379 Pertin.
379 1346 538 1379 ‘Punica
564 1346 662 1388 origo
686 1345 748 1388 illi,
773 1346 835 1379 sed
862 1346 919 1389 qni

208 1397 339 1430 virtute
355 1397 531 1440 probaret,
544 1397 624 1430 Non
636 1396 776 1430 obstare
792 1398 918 1438 locum,

208 1458 311 1490 quum
325 1448 419 1481 valet
433 1447 630 1490 ingenium?
675 1447 838 1490 Respicit
859 1457 918 1480 an-

207 1503 279 1532 tem
295 1498 466 1532 Ausonius
492 1499 623 1542 absque
646 1498 752 1532 dubio
767 1497 920 1531 fabulam

206 1550 294 1582 hanc
321 1549 365 1582 de
391 1550 497 1592 vulpe
524 1554 562 1582 et
590 1559 708 1591 corvo,
735 1550 840 1582 immo
854 1549 919 1582 hoc

206 1601 318 1643 ipsum
345 1599 504 1642 ἐπιμύθιον
528 1600 682 1641 Phaedri,
705 1600 797 1643 quod
813 1610 868 1633 res
882 1604 919 1634 et

207 1651 315 1684 verba
343 1652 412 1684 ista
435 1652 591 1684 indicare
611 1650 806 1684 videantur.
850 1651 919 1684 Sed

208 1712 247 1734 rc
261 1702 336 1744 ipsa
349 1702 524 1734 Ausonius
536 1702 702 1734 Severum
709 1703 819 1735 voluit
829 1712 920 1735 com-

207 1762 332 1795 parare
356 1753 516 1794 AEsopeae
542 1753 621 1785 huic
650 1753 768 1795 vulpi;
790 1762 869 1785 nam
881 1757 921 1785 nt

207 1805 343 1846 vulpes,
371 1813 450 1837 cum
479 1803 770 1845 inhiaret'caseo‚
789 1804 921 1836 virtute

206 1865 269 1887 sna
291 1855 469 1897 probaret,
497 1858 665 1897 quantum
680 1855 815 1887 valeret
828 1856 922 1896 iuge-

209 1906 317 1946 nium,
345 1914 459 1948 neque
482 1905 550 1947 ipsi
565 1905 705 1938 obstare
720 1906 844 1948 locum,
858 1906 922 1939 eti-

208 1967 262 1988 am
275 1966 342 1989 non
360 1957 583 1989 celsissimam
598 1956 769 1998 arborem,
779 1957 835 1990 cni
847 1967 921 1990 cor-

209 2017 270 2040 vus
286 2007 459 2046 insidebat
474 2018 484 2048 ;
499 2007 656 2040 similiter
665 2008 826 2047 Severus,
838 2008 922 2040 inhi-

209 2068 268 2091 ans
298 2058 457 2100 imperio,
492 2058 623 2090 virtute
648 2062 754 2101 atque
794 2059 923 2092 astutia

208 2112 351 2153 vulpina
380 2112 554 2154 probavit,
578 2122 647 2144 non
668 2112 808 2145 obstare
824 2112 922 2145 celsi-

212 2163 368 2196 tudinem
385 2164 464 2205 loci,
486 2174 591 2206 quum
607 2164 782 2205 ingenium
798 2165 922 2197 valeat.

208 2214 276 2246 Sed
293 2215 431 2247 omnino
448 2214 564 2247 verius
575 2224 650 2247 esse
665 2215 838 2256 existimo,
853 2215 922 2257 pri-

208 2274 299 2297 mum
330 2265 420 2297 bunc
448 2264 656 2297 versiculum
677 2274 752 2296 esse
767 2265 921 2306 spurium

208 2320 245 2348 et
270 2317 496 2358 irreptitium,
511 2326 532 2348 a
546 2315 718 2348 Monacho
734 2317 921 2357 glossatore

208 2366 391 2400 formatum
407 2378 451 2400 ex
463 2368 530 2400 hoc
542 2366 739 2400 Ausoniano
748 2367 897 2400 disticho
911 2378 922 2401 ε

208 2419 423 2461 explicatnro
465 2418 557 2451 enim
593 2418 685 2460 apud
719 2418 919 2460 Phaedrum,

208 2470 380 2513 quomodo
395 2469 516 2502 virtuti
530 2469 722 2511 praevaleat
736 2468 919 2511 sapientia,

207 2522 243 2554 in
272 2526 424 2554 mentem
449 2521 500 2553 illi
525 2520 622 2553 venit
647 2519 731 2552 illud
752 2519 918 2552 Ausonia-

207 2582 302 2614 num,
325 2571 336 2590 ‘
351 2572 492 2605 Virtute
515 2570 668 2613 probari,
682 2570 761 2603 Non
777 2569 916 2603 obstare

206 2624 330 2664 locum,
344 2632 449 2666 quum
464 2621 765 2664 valetingeninma’
803 2621 917 2664 Unde,

209 2678 249 2706 ut
263 2673 422 2706 solebant
437 2676 510 2705 tum
527 2672 705 2714 temporis,
729 2672 803 2704 sive
815 2672 918 2706 histo-

209 2725 358 2758 ricorum
395 2723 597 2763 sententias,
632 2723 705 2756 sive
742 2724 918 2766 guomicos

208 2775 344 2817 quosvis
356 2778 513 2807 veterum
526 2774 712 2807 Poetarum
729 2774 917 2807 versiculos

209 2826 246 2857 in
261 2826 492 2858 monostichos
503 2825 632 2857 iambos
646 2824 816 2866 redigere,
826 2826 917 2868 quod

211 2876 340 2918 aliquot
369 2876 462 2908 mille
486 2876 653 2918 exemplis
681 2876 847 2910 Gruterus
869 2887 919 2910 os·

963 1547 1169 1590 explicant!

676 275 820 307 No'rAE
857 274 1122 324 VARIORUM
1158 275 1209 307 IN

968 368 1094 410 tendit,
1110 369 1278 411 glossator
1304 366 1467 401 formavit
1488 367 1578 400 hunc
1589 366 1672 406 iam-

968 420 1049 454 bum
1072 420 1116 452 ad
1144 419 1331 462 marginem
1355 419 1508 461 Phaedri,
1534 418 1675 452 mutatis

970 471 1179 513 paucissimis
1195 471 1318 504 verbis.
1364 472 1452 504 Nam
1468 480 1545 505 cum
1559 470 1593 503 in
1605 469 1674 504 An·

969 521 1065 554 aonio
1103 520 1298 564 reperisset,
1336 522 1501 556 ‘Virtute
1523 521 1675 565 probari,

971 572 1084 607 Quum
1100 573 1192 605 valet
1207 572 1380 615 ingenium
1393 573 1414 615 ;’
1434 574 1493 606 ille
1511 583 1576 616 pro
1602 573 1676 607 Vir-

970 626 1038 657 tute
1049 624 1164 666 posuit
1175 623 1248 656 Hac
1263 633 1318 662 re,·
1345 624 1530 666 respiciens
1546 623 1590 656 ad
1606 623 1676 666 pri-

970 685 1060 709 mam
1090 676 1125 708 in
1165 675 1302 709 Phaedri
1331 675 1478 718 genuino
1506 676 1675 710 versiculo

970 738 1090 761 vocem
1116 727 1249 768 Virtuti,
1266 737 1368 770 qnam
1380 728 1431 761 ita
1444 727 1555 761 voluit
1567 727 1677 770 expli·

969 788 1063 821 care,
1077 783 1216 812 secutus
1231 778 1435 820 Ausonium,
1450 778 1602 822 quamvis
1617 788 1678 822 pa·

969 840 1044 863 rum
1059 834 1164 872 apte;
1195 829 1320 862 deinde
1347 839 1440 871 quum
1468 827 1554 862 fecit
1574 829 1677 864 metri

969 891 1092 914 caussa
1119 884 1280 923 quantam,
1301 890 1370 914 non
1400 879 1676 916 animadvertens

969 932 1092 966 Latine
1127 942 1197 965 non
1223 932 1294 965 dici
1323 934 1473 975 quantum
1498 927 1592 974 valet,
1615 931 1677 967 md

969 988 1118 1026 quantum
1143 985 1259 1018 valeat.
1296 983 1435 1017 Deinde
1464 983 1617 1026 spurium
1641 986 1679 1016 et

969 1034 1104 1076 ἄμουσον
1117 1035 1208 1069 hunc
1223 1045 1298 1068 esse
1311 1034 1515 1069 versiculum
1533 1043 1578 1067 ex
1589 1033 1678 1068 anti-

969 1086 1132 1128 quissimo
1159 1085 1280 1119 codice
1305 1086 1499 1119 fabularum
1522 1084 1678 1128 IEsopia-

968 1147 1042 1171 rum
1070 1137 1374 1180 wissenburgensi
1398 1139 1513 1179 patet,
1541 1136 1578 1171 in
1608 1145 1677 1180 qno

967 1189 1106 1222 Phaedri
1119 1190 1295 1232 pleraeque
1315 1189 1443 1222 fabulae
1466 1185 1551 1222 satis
1561 1189 1679 1231 ampla

967 1241 1170 1284 paraphrasi
1199 1241 1429 1283 explicantur,
1451 1239 1487 1273 in
1517 1249 1587 1283 qno
1610 1248 1677 1273 nec

968 1292 1046 1325 vola
1080 1301 1192 1335 neque
1223 1291 1409 1334 vestigium
1435 1291 1535 1333 hujus
1567 1290 1678 1333 inepti

967 1352 1086 1376 versus
1104 1346 1219 1376 exstat
1232 1354 1242 1383 ;
1259 1343 1307 1376 sic
1322 1343 1413 1376 enim
1428 1341 1586 1376 redditur
1600 1341 1680 1375 nlti-

967 1403 1024 1426 ma
1038 1404 1119 1437 pars
1136 1393 1287 1427 fabulae:
1320 1394 1331 1413 ‘
1346 1395 1441 1427 Tunc
1457 1403 1540 1427 vero
1553 1402 1678 1429 corvus

965 1445 1136 1487 ingemuit
1169 1450 1312 1487 stupore
1348 1445 1536 1488 deceptus;
1568 1445 1680 1487 multi,

969 1496 1061 1539 quod
1087 1496 1217 1529 viribus
1243 1505 1312 1529 non
1333 1499 1488 1538 possunt,
1509 1495 1682 1538 sapientia

1216 1547 1287 1580 Ubi
1310 1551 1406 1581 recte
1434 1551 1470 1580 et
1499 1546 1681 1588 eruditius,

968 1608 1070 1641 quam
1086 1609 1107 1631 a
1121 1598 1294 1631 Monacho
1311 1597 1388 1630 fieri
1409 1596 1600 1640 potuissetr
1621 1606 1680 1630 ex·

970 1650 1121 1692 plicatur
1145 1649 1231 1682 illud
1262 1648 1388 1683 Virtuti
1411 1647 1479 1692 (sie
1494 1648 1584 1681 enim
1598 1647 1682 1681 scri»

970 1700 1121 1734 bendum
1150 1705 1204 1733 est
1228 1700 1321 1742 apud
1343 1698 1544 1740 Phaedrum,
1560 1697 1682 1732 Virtuti

971 1760 1095 1793 semper
1106 1751 1260 1792 prevalet
1269 1750 1436 1792 sapientia,
1444 1753 1483 1783 nt
1493 1754 1530 1784 et
1538 1749 1682 1783 Salmas.

972 1802 1016 1834 ad
1044 1811 1137 1834 oram
1174 1801 1253 1834 libri
1286 1799 1437 1844 notavit)
1470 1801 1515 1834 de
1542 1801 1681 1842 viribus,

972 1851 1064 1885 unde
1079 1856 1236 1885 vetustas
1257 1852 1346 1884 illius
1360 1852 1608 1895 Paraphrastae
1624 1862 1684 1894 ap-

972 1906 1083 1945 paret.
1127 1902 1236 1935 Vides
1248 1906 1364 1935 autem
1373 1902 1510 1944 egregie
1522 1901 1680 1944 putidum

972 1954 1068 1986 illum
1089 1963 1223 1986 versum
1248 1953 1372 1996 omitti,
1395 1948 1486 1997 quod
1508 1963 1591 1986 sane
1612 1963 1681 1986 non

972 2004 1129 2046 fecisset,
1153 2005 1183 2037 si
1206 2014 1285 2037 eum
1302 2005 1338 2037 in
1353 2015 1414 2038 suo
1425 2005 1613 2048 exemplari
1628 2015 1682 2038 re-

974 2057 1134 2099 perisset,
1158 2067 1249 2098 cnm,
1261 2056 1402 2089 Phaedri
1415 2057 1563 2099 vestigia
1579 2065 1682 2100 prox-

973 2109 1041 2141 ime
1056 2118 1230 2150 premeus,
1256 2108 1386 2140 nullum
1410 2107 1553 2140 verbum
1575 2107 1680 2140 alicu-

968 2160 1027 2202 jus
1043 2160 1208 2193 momenti
1225 2160 1393 2192 intactum
1409 2159 1600 2202 relinquat3
1621 2158 1679 2191 de-

973 2211 1056 2244 inde
1072 2212 1192 2252 etiam,
1213 2217 1252 2243 ut
1267 2210 1607 2255 monet—Priscianus,
1621 2209 1680 2243 ad-

973 2262 1152 2303 fabulafio,
1178 2263 1250 2295 sive
1266 2262 1390 2302 oratio,
1409 2271 1477 2304 qna
1491 2261 1620 2294 utilitas
1631 2260 1680 2294 fa·

971 2314 1062 2347 bulae
1071 2313 1215 2346 docetur
1225 2318 1262 2345 et
1275 2313 1453 2354 retegitur,
1464 2321 1565 2355 quam
1580 2312 1679 2346 Grae-

971 2366 1003 2399 ci
1019 2363 1175 2406 ἐπιμύθιον
1192 2368 1328 2405 vocant,
1351 2373 1373 2396 a
1391 2363 1593 2406 quibusdam
1609 2364 1678 2406 pri-

970 2427 1039 2458 ma,
1070 2427 1090 2449 a
1120 2416 1296 2459 plerisque
1319 2419 1492 2458 postrema
1515 2415 1676 2457 ponitur;

970 2468 1062 2511 apud
1090 2467 1290 2509 Phaedrum,
1315 2467 1440 2509 saepius
1457 2466 1580 2508 primo,
1593 2475 1676 2499 non-

968 2529 1142 2563 nunquam
1169 2519 1273 2551 etiam
1301 2522 1468 2559 extremo,
1501 2517 1562 2550 sed
1591 2527 1675 2551 nun-

969 2580 1072 2613 quam
1087 2570 1122 2601 in
1138 2579 1206 2602 una
1220 2573 1256 2601 et
1276 2568 1398 2600 eadem
1412 2567 1530 2600 fabula
1545 2569 1675 2601 utrobi-

968 2631 1035 2664 que
1050 2625 1087 2654 et
1102 2621 1213 2662 primo
1227 2624 1264 2652 et
1274 2619 1394 2652 ultimo
1405 2619 1479 2652 loco
1489 2620 1675 2662 reperitur,

967 2676 1008 2705 ut
1036 2671 1093 2704 hic
1116 2671 1245 2703 factum
1273 2673 1338 2703 est,
1382 2670 1472 2702 Nam
1489 2679 1567 2703 cum
1585 2670 1676 2704 adsit

967 2724 1104 2765 elegans
1128 2720 1304 2764 προμύθιον,
1327 2724 1363 2753 et
1377 2720 1489 2754 Poeta
1502 2731 1598 2754 more
1613 2731 1674 2754 suo

966 2774 1094 2807 fabulae
1109 2782 1274 2806 summam
1287 2772 1370 2804 satis
1386 2771 1461 2814 jam
1478 2771 1674 2805 tradidisset

967 2826 1003 2858 in
1018 2825 1119 2863 initio
1130 2823 1254 2856 fabnlae
1265 2823 1396 2856 duobus
1407 2823 1473 2855 iliis
1485 2823 1672 2863 versiculis,

966 2877 1058 2912 ‘Qui
1073 2886 1110 2909 se
1129 2875 1281 2918 landari,’
1301 2876 1366 2907 &c.
1390 2874 1465 2918 quis
1481 2884 1549 2907 non
1564 2874 1670 2916 videt,
