1806 3236
357 212 561 246 PHAEDR!
596 213 704 246 FAB.
736 210 1042 246 AESOPIARUM
1076 211 1171 244 mn.
1205 211 1271 243 IV.
1302 200 1375 243 19.

132 310 323 357 ᾴηηίοο
337 310 477 353 plausus
500 310 622 352 edunt,
646 310 744 354 quasi
767 311 845 343 Vir-

130 361 235 408 lm·
263 362 539 406 pronuntiationi
567 362 634 395 vim
669 362 844 402 attulerit,

132 414 432 460 quater-itatem
453 414 666 457 intenderet,
692 420 730 448 et
754 415 847 448 subi-

132 470 207 500 ta
230 475 394 509 pavorem
417 465 751 509 admirationemque
773 475 845 498 me-

130 517 197 552 lin·
230 516 457 560 exprimeret,
501 517 631 550 frustra
676 517 845 559 ingeniosi

130 573 233 611 annu
267 569 329 602 nbi
342 568 426 602 nibil
442 569 574 610 impetu
587 573 647 602 aut
663 569 844 601 celeritate

74 654 78 660 ,
130 629 218 664 opus
241 619 320 654 fuit.
363 619 444 653 Alia
464 620 626 662 exempla
638 629 681 652 ex
697 619 740 652 P.
755 620 844 662 Syro

132 671 259 707 afferre
274 682 425 716 possum.
450 672 565 706 Faber.

130 745 134 749 ·
176 727 218 758 17
243 724 330 762 Quid
348 727 452 757 mente
463 733 546 756 σαι-α
560 722 709 756 miserum
719 726 846 765 torques

131 776 296 820 mutum]
339 776 489 809 Rutilius
513 776 629 818 Lupus
656 785 701 807 ex
725 775 845 817 Hype-

133 827 232 862 ride:
267 830 278 846 ‘
293 827 384 860 Nam
410 827 468 870 qui
494 836 622 870 parcus
645 831 711 868 est,
733 826 845 859 utitur

133 888 191 921 eo,
200 878 291 922 quod
308 879 392 912 satis
403 883 477 912 est:
502 883 540 912 tu
553 878 689 918 contra,
700 883 846 920 propter

132 931 322 974 avaritiam,
331 940 400 975 quo
414 931 493 973 plus
506 930 624 973 habes,
633 929 742 972 magis
753 939 844 972 eges.

128 982 193 1016 lta
206 992 275 1016 non
289 987 362 1016 tam
377 982 567 1025 diligentiae
581 981 728 1023 fructus,
742 992 844 1025 quam

114 1033 261 1078 ⁴inopiae
274 1034 424 1075 miseria,
438 1038 474 1066 te
489 1033 731 1077 consequitur.'
764 1033 844 1074 Rig.

176 1079 352 1128 spiritum]
373 1085 431 1119 Sic
445 1086 639 1129 eleganter,
655 1085 713 1118 ubi
730 1094 844 1118 sermo

133 1142 190 1172 est
213 1137 260 1171 de
285 1139 432 1171 molesta
463 1142 502 1172 et
536 1137 729 1171 miserabili
758 1138 843 1170 vita.

132 1189 255 1224 Livius
268 1197 392 1223 xxxu.
414 1190 424 1209 ‘
436 1189 561 1223 Perire
575 1189 661 1232 ipsis
673 1189 780 1222 semel
793 1199 845 1221 sa·

134 1241 216 1283 tius,
229 1250 332 1284 quam
353 1241 418 1274 snb
438 1241 648 1274 acerbissimi
672 1240 844 1274 carnificis

133 1292 452 1336 arbitriospiritum
463 1292 618 1326 ducere?
643 1293 760 1326 Tacit.
777 1292 845 1326 Au.

134 1354 162 1378 ι.
176 1347 232 1380 22.
253 1346 348 1379 ‘Vos
371 1346 512 1389 quidem
532 1346 586 1379 his
601 1346 846 1379 innocentibus
861 1341 869 1347 ‘

135 1399 174 1430 et
187 1396 390 1436 miserrimis
404 1397 518 1430 lucem
541 1401 579 1431 et
592 1397 750 1440 spiritum
765 1397 846 1431 red-

133 1447 293 1482 didistis?
312 1447 420 1488 Sebef.

133 1521 138 1527 -
180 1502 224 1533 18
247 1498 421 1542 wareo]
443 1500 531 1533 Cum
546 1499 784 1543 indignatione
799 1500 847 1533 lo·

136 1551 266 1595 quitur,
275 1557 311 1585 et
322 1551 497 1585 invehitur
508 1551 544 1584 in
557 1561 710 1584 avarum.
755 1552 847 1585 Nam

136 1602 225 1645 vult,
252 1612 291 1636 se
319 1601 474 1636 fabulam
497 1603 584 1636 hanc
610 1603 782 1645 attulisse,
809 1607 850 1636 ut

138 1654 352 1696 ostenderet,
383 1663 488 1698 qnam
519 1655 644 1688 misera
662 1655 849 1699 ‚stultaque

137 1705 235 1740 nari
261 1705 308 1738 sit
332 1705 427 1746 τίτας
469 1705 717 1749 continentque
744 1707 850 1749 plane

136 1755 249 1791 verba
260 1755 335 1789 boc
348 1766 447 1789 usum
466 1755 606 1791 fabulae.
649 1756 752 1790 Unde
768 1767 848 1790 con-

137 1812 221 1851 stat,
229 1807 474 1851 imprudenter
488 1806 624 1850 fecisse,
639 1807 698 1851 qui
711 1819 732 1840 a
746 1818 847 1851 supe-

137 1860 286 1900 rioribus
309 1859 536 1894 divulserant.
582 1860 716 1903 Aperte
729 1866 847 1894 autem

137 1912 294 1946 imitatus
315 1917 376 1946 est
401 1911 620 1954 Terentium,
646 1913 706 1956 qui
732 1913 782 1946 sic
811 1912 847 1945 in

138 1963 276 1997 Andria
289 1972 340 1997 xv.
359 1972 407 1997 sc.
422 1967 455 1996 6.
486 1963 496 1982 ⁸
509 1963 588 1996 Tibi
608 1973 673 2005 ego
697 1963 789 2005 dico,
803 1973 848 1996 an

139 2026 210 2050 non
221 2015 246 2049 ?'
267 2016 304 2049 in
324 2015 427 2050 Adel.
454 2025 481 2048 1.
509 2026 556 2049 sc.
573 2019 606 2049 2.
628 2017 639 2035 ‘
654 2016 743 2049 Haec
770 2025 849 2049 cum

139 2068 205 2112 illi,
221 2067 344 2110 Micio,
360 2068 462 2109 Dico,
489 2067 552 2100 tibi
575 2067 679 2101 dico.’
723 2068 851 2101 Similis

140 2125 194 2155 est
214 2121 311 2154 locus
335 2119 428 2153 infra
451 2119 514 2152 lib.
541 2128 577 2152 V.
600 2129 632 2152 c.
659 2122 713 2152 10.
745 2118 851 2159 Scluff.

139 2172 278 2206 Terent.
293 2171 405 2205 Andr.
422 2180 448 2203 1.
462 2173 493 2204 2.
516 2171 526 2190 ‘
542 2170 609 2203 Sed
626 2169 708 2203 dico
718 2170 794 2212 tibi,
808 2181 851 2203 ne

141 2228 275 2258 temere
289 2223 398 2256 facias
409 2222 430 2254 :’
452 2227 490 2255 et
503 2223 590 2255 Eun.
606 2231 648 2255 11.
674 2225 707 2255 3.
729 2223 739 2241 ⁸
754 2222 852 2255 Heus

139 2276 237 2315 heus,
259 2275 326 2309 tibi
353 2275 446 2316 dieo,
470 2273 647 2308 Chaerea?
684 2278 722 2306 et
745 2274 852 2306 alibi:

141 2328 152 2348 ‘
164 2327 244 2360 Tibi
257 2326 419 2370 equidem
442 2325 546 2359 dicae
592 2326 638 2359 Et
661 2325 766 2360 Ovid.
782 2325 853 2358 He-

143 2379 230 2412 roid.
243 2387 308 2411 xx.
323 2380 399 2411 163.
421 2379 431 2397 ‘
446 2377 603 2410 Alterius
614 2377 776 2418 thalamo,
787 2378 854 2410 tibi

144 2439 220 2471 nos,
234 2429 298 2462 tibi
313 2428 475 2470 dicimus,
489 2428 568 2462 exi!
613 2429 670 2461 Ita
690 2429 853 2462 minantis

143 2490 241 2514 more
249 2477 353 2522 οὗτος,
365 2478 404 2512 σὲ
414 2481 516 2522 φωνῶ,
525 2479 630 2522 Soph.
642 2478 742 2522 Ajac.
757 2483 853 2514 1058.

147 2604 155 2607 -
171 2627 174 2630 ἢ
190 2583 352 2621 Gaudium
381 2583 520 2625 heredis]
557 2583 660 2626 Quia,
686 2588 726 2617 ut
748 2584 857 2618 habet

147 2636 233 2669 alius
248 2635 370 2668 mimus
392 2635 531 2667 Publii:
554 2637 564 2654 ‘
579 2635 730 2668 Heredis
753 2635 855 2669 fletus

147 2686 212 2720 sub
226 2695 376 2729 persona
390 2686 477 2719 risus
491 2686 564 2720 est!
607 2687 798 2730 Eleganter
812 2689 858 2721 ri·

148 2749 224 2773 sum
251 2743 472 2782 personatum
499 2744 603 2773 vocat
625 2738 745 2773 fletum
761 2740 858 2774 bere·

149 2788 224 2833 dis3:
249 2799 317 2822 non
333 2789 425 2822 enim
439 2795 495 2824 est
509 2791 630 2832 serius,
645 2796 682 2824 et
692 2792 764 2824 cito
778 2801 859 2825 exa-

82 2863 84 2865 -
148 2846 288 2876 rescunt
308 2841 364 2874 bas
394 2841 566 2875 Crocodili
591 2842 758 2878 lacrimae.
799 2843 858 2878 Sic

1519 197 1608 242 633

895 310 1063 343 Germani
1089 317 1225 352 quoque
1247 307 1371 341 dieunt
1399 306 1444 340 de
1467 316 1523 348 eo,
1549 306 1609 350 qni

897 362 1056 403 moritur,
1079 360 1210 393 relictis
1233 359 1416 392 heredibus
1432 359 1607 392 extraneis

895 413 1043 457 (ποιμένα
1064 413 1200 447 ἐπακτὸν
1214 412 1384 457 ἀλλότριον
1405 417 1509 446 vocat
1524 412 1608 445 Pin·

897 466 1017 508 darus)
1033 467 1083 499 Er
1096 467 1153 499 hot
1167 475 1230 498 nur
1240 466 1387 499 lachende
1400 464 1505 497 orben.
1516 463 1606 496 Ritt.

941 521 983 551 19
1008 517 1130 559 Thure]
1147 518 1216 550 Lar
1226 518 1325 551 Deus
1338 514 1430 559 apud
1444 515 1608 548 Plautum

895 570 931 603 in
955 570 1097 611 prologo
1123 569 1236 602 Aulul.
1252 567 1411 612 queritur
1433 566 1477 599 de
1502 564 1610 598 infre·

895 621 1016 666 quenti
1053 620 1223 653 sacrificio
1252 618 1429 653 Euclionis
1463 617 1609 660 ejusque

897 674 1053 717 parentis
1091 672 1294 705 avarissimi.
1352 671 1516 713 Propert.
1549 677 1609 702 ιιι.

897 728 952 758 11.
976 727 1030 757 47.
1057 724 1102 757 de
1120 723 1274 757 “avaritia
1297 722 1514 765 puellarum:
1538 719 1610 753 ‘At

895 786 988 810 nunc
1012 776 1161 809 desertis
1192 778 1353 808 crescant
1381 772 1535 806 sacraria
1558 772 1610 804 lu-

896 828 972 861 cis:
1004 827 1137 861 Aurum
1160 837 1277 866 omnes
1300 826 1394 859 victa
1414 833 1507 857 nunc
1538 823 1611 866 pie-

898 884 972 913 tate
1015 880 1159 913 colnnt.'
1202 880 1284 913 Neo.
1353 878 1475 912 Euclio
1513 877 1605 921 apud

897 933 1014 966 Plaut.
1046 933 1162 965 Anlul.
1191 937 1262 965 act.
1293 941 1320 964 1.
1348 940 1397 964 sc.
1425 933 1456 963 8.
1484 929 1610 963 ‘Nunc

898 985 1094 1018 thusculum
1111 983 1200 1017 emi.'
1246 982 1350 1016 Adde
1375 981 1610 1023 Theophrast.

897 1036 1062 1069 Charact.
1083 1034 1279 1078 Praeparci,
1302 1038 1339 1067 et
1362 1033 1413 1066 ibi
1437 1032 1610 1066 Casaubo·

896 1098 989 1120 num.
1011 1087 1118 1128 Sohef.

943 1139 1065 1181 Thure]
1088 1139 1156 1172 Ms.
1170 1142 1250 1172 ture.
1275 1137 1370 1171 Gud.

941 1191 1050 1233 Ipsum
1063 1190 1243 1230 refraudas
1256 1190 1341 1232 cibo]
1364 1189 1466 1222 Tales
1478 1187 1502 1221 ii
1523 1187 1535 1207 ‘
1553 1187 1613 1231 qui

897 1252 975 1276 cnm
993 1243 1102 1285 geniis
1118 1243 1187 1275 snis
1205 1243 1331 1275 bellum
1346 1245 1484 1284 gerant,
1500 1239 1612 1283 parci-

897 1293 1032 1337 promi‚'
1054 1298 1094 1327 ut
1120 1294 1170 1326 ait
1185 1295 1303 1327 Plaut.
1317 1293 1457 1327 Trucul.
1474 1302 1499 1326 1.
1517 1294 1549 1325 2.
1564 1291 1612 1324 Α-

897 1345 1065 1379 varissimi
1082 1345 1228 1379 hominis
1255 1344 1359 1379 εἰκόνα
1373 1345 1472 1378 dabit
1488 1344 1523 1377 in
1540 1343 1611 1377 Au-

897 1397 1021 1429 lularia
1032 1397 1178 1430 Plautus
1188 1397 1251 1430 sub
1265 1406 1413 1440 persona
1424 1395 1614 1429 Euclionis.

899 1448 985 1480 Neo.

942 1498 1106 1540 fraudas]
1130 1498 1286 1542 Optime,
1306 1503 1471 1542 respectu
1495 1502 1537 1532 'et
1552 1498 1614 1531 de-

900 1550 966 1584 biti
978 1552 1146 1584 naturalis
1157 1556 1194 1584 et
1204 1552 1435 1594 persuasionis
1448 1552 1615 1595 propriae,

903 1602 999 1635 velut
1023 1602 1294 1636 circumveniret
1330 1608 1499 1645 ventrem,
1522 1613 1616 1636 com-

901 1653 997 1686 modi
1018 1654 1158 1696 majoris
1174 1655 1297 1696 gratia.
1339 1655 1399 1688 Sic
1420 1655 1532 1688 dictus
1548 1655 1616 1687 En·

902 1706 970 1739 clio
983 1707 1075 1749 apud
1089 1706 1206 1739 Plaut.
1220 1705 1300 1740 Aul.
1311 1715 1369 1739 ιιι.
1381 1717 1429 1740 sc.
1440 1709 1473 1740 9.
1491 1706 1615 1739 Lucia-

900 1767 962 1790 nus
975 1758 1010 1790 in
1025 1756 1195 1789 Timone:
1225 1757 1365 1790 Ridebus
1379 1757 1470 1799 istos,
1486 1758 1540 1800 qui
1552 1758 1616 1800 ipsi

897 1809 1023 1851 quidem
1046 1808 1110 1841 sibi
1131 1808 1363 1851 subtraherent,
1384 1810 1466 1852 quod
1489 1812 1535 1842 est
1561 1807 1617 1841 ab·

897 1860 1126 1893 surdissimum.
1154 1860 1271 1894 Schef.

941 1915 985 1944 20
1011 1911 1140 1953 Tristis]
1165 1912 1258 1944 Nam
1285 1916 1322 1944 et
1349 1916 1475 1945 natura
1488 1911 1617 1946 morosi

897 1967 991 2005 sunt,
1006 1966 1044 1995 et
1061 1972 1181 1995 sonum
1197 1973 1240 1995 ex
1261 1963 1438 1996 collisione
1456 1973 1611 1996 nummo-

900 2024 988 2056 rum,
1004 2015 1095 2047 sicut
1118 2014 1177 2046 ille
1192 2014 1362 2046 hinnitum
1378 2023 1558 2057 equorum,
1573 2014 1612 2046 li-

900 2065 1038 2099 bentius
1051 2075 1154 2108 quam
1162 2065 1329 2098 citharam
1342 2065 1499 2098 andiunt.
1508 2065 1616 2106 Schef.

945 2119 986 2149 21
1014 2116 1176 2158 Macer-at]
1200 2117 1386 2149 Salmasius
1399 2117 1444 2149 ad
1458 2127 1553 2150 oram
1567 2118 1617 2151 le-

903 2167 956 2210 git
979 2170 1148 2200 mar-cerat.
1193 2167 1324 2201 Cassio.
1346 2167 1356 2186 ‘
1369 2168 1436 2201 Pol
1453 2179 1508 2201 me
1524 2178 1615 2202 mar·

903 2225 1001 2252 cerat
1012 2220 1092 2262 hoc,
1102 2219 1201 2252 doleo
1213 2219 1278 2252 tibi
1292 2220 1429 2263 deesse,
1441 2221 1613 2256 Terenti:

904 2271 993 2304 Gud.

946 2325 989 2356 22
1017 2321 1227 2355 Obsoniorum
1251 2322 1375 2365 pretia]
1407 2322 1497 2355 Inde
1512 2327 1616 2357 natus

903 2379 958 2408 est
972 2375 1030 2408 ille
1053 2373 1280 2407 facetissimus
1307 2374 1401 2407 avari
1418 2375 1619 2417 aegrotantis

903 2436 982 2460 cum
1010 2425 1148 2458 medico
1177 2424 1410 2467 dialogismus,
1448 2426 1620 2459 suadente

902 2484 943 2513 ut
973 2479 1105 2523 aliquid
1129 2479 1197 2512 cibi
1227 2484 1381 2521 caperet.
1427 2478 1516 2512 Hor.
1543 2481 1621 2514 Sat.

903 2533 964 2566 lib.
977 2542 1020 2565 rr.
1036 2535 1068 2565 3.
1085 2532 1199 2565 Faber.
1240 2532 1346 2564 Velut
1357 2541 1438 2564 cara
1452 2532 1553 2565 nimis
1569 2542 1622 2566 es-

906 2589 996 2618 sent.
1016 2584 1106 2617 Vide
1122 2583 1277 2626 Theopli.
1293 2587 1329 2616 et
1347 2584 1509 2616 Plautum
1523 2585 1619 2619 dicto

905 2636 993 2668 loco.
1019 2633 1126 2673 Schef.

949 2689 992 2719 23
1019 2686 1109 2718 Dum
1137 2685 1326 2727 quadrantes
1347 2685 1499 2728 aggeras]
1536 2686 1620 2722 Non

907 2738 1046 2771 dubitas
1064 2737 1255 2779 perjurare,
1277 2736 1359 2769 dum
1376 2737 1620 2779 patrimonium

908 2788 1135 2831 conduplices
1151 2787 1267 2820 modo.
1290 2787 1409 2820 Plaut.
1427 2788 1532 2831 Epid.
1547 2795 1619 2824 act.

908 2850 966 2875 ιιι.
983 2850 1031 2874 sc.
1047 2842 1080 2873 2.
1105 2838 1229 2881 Schiop.
1255 2838 1337 2872 Sub.
1355 2838 1467 2875 modo.
1509 2841 1619 2874 Dum·
