1806 3236
200 234 288 278 3226

203 344 213 361 ‘
231 343 435 383 Decretum,
460 346 500 374 ut
521 342 562 374 C.
577 340 746 374 Hostilius
774 341 913 374 Praetor

203 393 319 426 Ludos
347 392 579 434 Apollinares,
609 391 701 425 sicut
732 391 785 424 his
817 391 913 424 annis

205 443 278 476 voti
295 441 450 485 factique
473 447 585 484 eraut,
597 446 742 475 voveret
767 441 915 476 faceret-

203 494 293 537 que!
318 494 521 529 Quinem-1.
533 497 564 525 3.
588 494 683 526 ‘dies
695 494 730 526 hi
743 493 919 536 longiores

159 565 163 570 -
204 545 306 578 sunt!
341 545 431 577 Vide
459 545 502 577 ad
524 545 669 578 Petron.
693 555 725 577 c.
749 548 804 578 38.
833 545 915 577 Bur—

206 606 311 629 mann.

248 647 334 689 Hos]
364 647 555 689 Eleganter
575 646 666 689 apud
682 647 822 680 Latinos
837 659 914 690 παρ·

206 697 292 730 έλκει
307 708 496 739 pronomen
512 698 579 731 hos.
617 698 791 740 Desiguat
802 703 917 732 autem

204 750 361 791 proxime
381 749 750 792 praecedens-tempus.
781 750 871 783 Rite.

248 799 298 832 At
318 800 514 832 maledixisti
540 800 636 842 mihi]
671 800 842 833 Convitiis
869 801 919 833 in·

199 851 327 892 juriam
353 850 479 884 fecisti.
517 852 662 884 Terent.
677 852 762 883 Eun.
798 853 808 870 ‘
824 851 918 885 Cave

205 902 262 943 sis,
284 902 396 934 nescis
423 902 479 934 cui
506 902 690 935 maledicas
714 912 804 935 nuuc
820 902 918 935 viro?

207 952 382 985 caeterum
403 953 536 995 egregii
561 953 639 995 viri,
654 953 822 995 cujusque
845 962 921 985 eru-

206 1003 293 1036 ditio
319 1003 501 1045 singnlaris
531 1004 663 1046 pridem
687 1003 814 1037 indicio
839 1004 919 1037 nob.

207 1057 254 1089 N.
271 1056 409 1088 Heinsii
433 1056 516 1088 mihi
545 1056 696 1099 cognita,
718 1055 921 1098 Marquardi

207 1106 316 1139 Gudii
331 1106 516 1139 lectionem
538 1117 559 1139 a
582 1107 636 1139 Cl.
651 1107 761 1139 Petro
782 1105 920 1139 Axenio

207 1157 397 1198 laudatam,
418 1167 486 1190 non
502 1167 639 1200 possum
655 1167 723 1191 non
740 1158 919 1200 amplecti,

210 1207 270 1250 qui
293 1208 344 1240 sic
368 1207 508 1240 scribit:
538 1210 626 1241 Ante
647 1208 704 1240 hos
723 1218 782 1240 sex
803 1218 921 1241 menses

208 1259 302 1299 male,
327 1259 388 1299 ait,
407 1258 524 1291 dixisti
541 1259 632 1291 mihi.
667 1258 783 1292 Schef.
826 1260 921 1292 Mar-

210 1309 310 1342 cilius
326 1310 367 1342 ad
387 1309 512 1343 Horat.
526 1310 639 1352 Epist.
655 1319 681 1343 1.
693 1313 727 1343 3.
749 1309 844 1342 delet
857 1310 919 1342 ait.

209 1360 258 1393 At
268 1361 366 1394 estin
377 1362 420 1395 V.
433 1362 472 1395 C.
488 1361 618 1404 Rigalt.
634 1362 750 1396 Heius.
778 1362 920 1396 Grande

210 1412 383 1454 piaculum
413 1416 450 1445 et
478 1417 590 1446 morte
619 1412 796 1455 piandum,
827 1413 919 1455 quod

210 1462 359 1504 Gudius,
381 1467 418 1496 et
439 1463 499 1506 qui
519 1473 645 1506 magna
665 1465 921 1506 conspiratione

210 1513 284 1555 ejus
300 1514 601 1556 transpositionem
616 1514 813 1556 laudarunt,
827 1524 921 1547 com-

209 1566 403 1607 miserunt;
430 1566 491 1599 sed
508 1566 600 1610 quod
614 1567 753 1609 egregie
768 1567 921 1600 vindica-

211 1617 262 1650 vit
277 1617 400 1650 doetus
419 1617 711 1660 Hoogstratanus,
729 1618 788 1661 qui
802 1618 920 1651 videu-

212 1667 298 1701 dus:
328 1678 423 1711 saepe
448 1678 531 1701 vero
552 1669 793 1712 animadverti,
822 1679 922 1712 quos·

213 1720 294 1752 dam
315 1721 524 1753 Mssctorum
551 1721 752 1763 religionem
775 1721 818 1754 ad
834 1722 920 1754 invi-

213 1770 304 1804 diam
335 1781 493 1813 crepare,
521 1772 582 1805 ubi
618 1772 703 1805 alius
737 1773 811 1815 quis
839 1783 920 1805 con-

208 1822 351 1864 jectura
374 1822 544 1864 probabili
559 1827 596 1856 et
609 1833 676 1856 nou
691 1824 836 1856 molesta
850 1833 921 1856 me-

214 1872 364 1906 dicinam
379 1871 506 1906 affecto
530 1874 606 1906 loco
621 1873 730 1915 facit3
752 1875 813 1907 sed
827 1875 922 1908 nulla

213 1925 439 1957 veneratione
453 1925 669 1967 antiquorum
682 1925 838 1959 codicum
853 1937 924 1960 mo-

213 1973 303 2015 veri,
316 1975 375 2007 ubi
385 1975 548 2008 ridiculas
565 1979 600 2008 et
607 1975 743 2018 ineptas
754 1976 923 2009 lectiones

214 2025 280 2067 ipsi
307 2025 495 2069 effingunt:
526 2026 589 2059 sed
618 2036 681 2060 cur
705 2027 779 2070 ipse
802 2037 925 2060 censor

213 2075 283 2109 fab.
313 2080 345 2110 3.
371 2080 404 2110 ’1.
442 2081 581 2110 secutus
618 2078 923 2120 transpositionem

216 2127 346 2161 Gudii?
375 2129 493 2161 Burm.

257 2180 307 2212 At
328 2179 523 2213 maledixisti
544 2178 640 2221 mihi]
666 2179 753 2213 Mss.
769 2179 869 2213 Rem.
887 2183 924 2212 et

216 2230 312 2263 Pith.
327 2232 387 2272 ait,
404 2231 495 2274 quod
512 2239 589 2263 cum
602 2239 721 2262 versus
733 2234 927 2273 respueret,

218 2281 371 2314 editores
394 2281 473 2314 inde
488 2281 650 2314 fecerunt
663 2284 720 2312 at.-
742 2291 924 2323 perperam

218 2331 294 2364 sine
323 2331 450 2364 dubio:
486 2331 556 2364 levi
582 2331 711 2374 quippe
739 2333 927 2374 transposi-

216 2382 312 2414 tione
342 2382 560 2414 scribendum
587 2391 725 2422 censeo,
749 2383 843 2424 male,
863 2382 926 2423 ait,

217 2433 332 2466 dixisti
343 2433 434 2466 mihi.
467 2433 602 2466 Tmesis
616 2433 870 2475 elegantissima
881 2433 925 2465 ad

218 2483 444 2517 imitationem
460 2484 600 2517 Catulli.
629 2483 804 2526 Epigram.
820 2493 925 2517 xcm.

217 2534 227 2552 ‘
241 2534 367 2567 Lesbia
387 2535 434 2567 mi
461 2534 550 2567 dicit
577 2544 716 2577 semper
736 2536 838 2576 male,
861 2545 926 2568 nec

219 2588 315 2617 tacet
330 2594 478 2627 unquam
500 2586 557 2617 De
579 2585 655 2617 me?
682 2585 925 2619 Quemadmo-

219 2635 300 2667 dum
316 2640 353 2667 et
377 2635 556 2668 benedicere
578 2636 678 2668 modo
700 2636 925 2678 conjunctim,

219 2687 321 2719 modo
346 2686 492 2720 divisim.
527 2687 644 2720 Plaut.
677 2687 688 2706 ‘
704 2687 793 2719 bene
809 2698 926 2730 quaeso

220 2737 312 2769 inter
324 2747 384 2771 ,eos
400 2737 518 2779 dicite,
529 2742 566 2770 et
581 2739 628 2770 mi
643 2738 776 2771 absenti
788 2738 928 2772 tamen!

219 2787 385 2819 Similiter
398 2789 609 2821 contradicere
631 2790 811 2832 eleganter
830 2799 928 2832 sepa-

222 2843 319 2870 ratur
352 2839 443 2880 apud
474 2840 677 2873 Ciceronem
715 2840 757 2873 de
787 2840 927 2875 Orator.

664 243 807 276 No'rAE
840 244 1106 278 VARloRUM
1143 247 1195 278 ΙΝ

963 342 1026 375 “Si
1050 348 1170 376 contra
1196 348 1232 377 te
1255 342 1397 385 dixeris,
1417 342 1500 377 mihi
1523 342 1612 377 male
1634 352 1672 378 es

964 393 1143 436 dicturus}
1171 398 1211 428 ut
1232 405 1276 428 ex
1298 394 1368 428 fide
1390 396 1476 429 Mss.
1491 391 1673 438 legendum

965 447 1031 477 est.
1064 445 1142 478 Nec
1163 446 1243 478 male
1263 446 1366 480 dicere
1389 447 1496 490 magis
1522 457 1591 480 uua
1604 455 1675 481 vox

966 499 1032 536 est,
1053 506 1154 538 quam
1178 497 1261 530 male
1283 498 1376 539 loqui,
1393 497 1484 541 qnod
1504 502 1558 531 est
1579 494 1675 541 apud

966 547 1130 582 Plautum
1147 551 1293 590 quatuor
1314 549 1411 583 locis.
1446 550 1583 584 Tmesis
1597 551 1673 584 haec

965 595 1246 639 frequentissima
1259 602 1312 632 est
1328 599 1420 642 apud
1436 600 1576 635 Potitus.
1607 601 1675 639 Te-

966 651 1052 680 rent.
1079 647 1190 682 Andr.
1214 658 1242 681 ι.
1268 650 1325 683 Sc.
1343 653 1374 684 1.
1409 651 1420 669 ‘
1441 660 1521 684 cum
1549 651 1674 696 quibus

967 703 1045 732 erat
1054 709 1191 743 cunque
1203 700 1293 734 una?
1313 702 1371 735 Sic
1383 702 1571 745 saepissime
1580 702 1675 748 apud

966 749 1145 792 Plautum,
1181 750 1192 769 ‘
1221 760 1284 793 per
1308 751 1390 784 mihi
1421 754 1578 794 gratum:
1627 752 1676 786 Et

965 800 1165 834 Truculent.
1180 804 1213 835 2.
1236 802 1378 836 Scen.'!.
1400 805 1516 838 vado.
1536 803 1549 823 ‘
1563 803 1676 839 Quem

968 863 1032 895 per
1046 863 1122 886 uam
1138 854 1217 886 novi
1232 854 1400 887 hominem
1414 854 1538 896 nihili:
1558 853 1618 889 ubi
1632 863 1678 888 ex

968 904 1142 937 sententia
1188 904 1400 938 'I'aubmanni
1437 909 1475 939 et
1510 905 1678 939 Gronovii

968 954 1099 997 duplex
1109 956 1243 989 Tmesis
1256 959 1322 996 est,
1335 966 1399 1000 pro
1411 965 1591 1000 quemnam
1600 950 1678 1000 per-

968 1005 1058 1038 novi.
1103 1006 1234 1039 Crebro
1256 1007 1361 1041 etiam
1376 1007 1542 1051 Virgilius
1563 1005 1680 1042 mesi

969 1056 1091 1089 utitur.
1129 1057 1187 1089 Sic
1195 1057 1271 1090 AEn.
1283 1057 1343 1091 lib.
1356 1066 1396 1091 1.¹
1406 1058 1418 1077 ‘
1431 1056 1539 1091 Arida
1547 1057 1677 1092 circum

969 1105 1195 1139 Nutrimenta
1210 1106 1334 1140 dedit.'
1377 1107 1489 1142 Quem
1506 1102 1678 1142 'locum‘in

968 1156 1081 1189 animo
1105 1156 1227 1189 habuit
1246 1157 1388 1190 Gratius
1413 1158 1523 1200 princ.
1545 1159 1678 1201 Cyn-eg.

967 1208 977 1226 ‘
993 1207 1143 1250 Altaque
1159 1209 1288 1241 circum
1309 1209 1543 1243 Firmamenta
1556 1208 1680 1251 dedit?

968 1258 1059 1300 quod
1084 1258 1381 1301 diligentissimum
1410 1259 1557 1293 Vlitium
1579 1258 1679 1302 fugit,

968 1309 1067 1342 Idem
1090 1310 1164 1343 AEn.
1180 1319 1223 1343 n.
1264 1311 1274 1329 ‘
1289 1311 1439 1354 Jamque
1463 1311 1549 1344 adeo
1575 1320 1680 1353 super

968 1369 1054 1392 unus
1083 1360 1203 1393 eram.¹
1240 1362 1287 1394 Et
1311 1362 1386 1395 Eel.
1408 1370 1460 1394 vr.
1495 1362 1507 1380 ⁸
1523 1361 1681 1405 Namque

968 1421 1073 1453 super
1088 1412 1153 1445 tibi
1169 1412 1294 1446 eruut!
1331 1413 1391 1446 Sic
1406 1413 1512 1446 etiam
1526 1413 1563 1446 in
1578 1419 1681 1456 prosa

969 1463 1124 1496 oratione
1145 1473 1240 1506 saepe
1261 1464 1404 1496 'l'mesin
1426 1463 1681 1506 deprehendas.

969 1515 1080 1549 Tacit.
1090 1515 1184 1550 Hist.
1196 1525 1222 1549 1.
1244 1516 1255 1535 ‘
1269 1515 1344 1549 Illis
1355 1515 1413 1548 vix
1420 1515 1566 1549 decimas
1577 1520 1683 1559 super·

971 1567 1148 1609 portiones
1183 1566 1307 1600 erant!
1365 1566 1540 1610 Imprimis
1565 1571 1681 1600 autem

971 1617 1140 1651 Phaedrus
1154 1618 1295 1651 videtur
1315 1618 1470 1651 imitatu·
1484 1617 1615 1652 Catulli
1635 1617 1683 1650 lo·'

970 1678 1060 1711 cum,
1076 1680 1179 1712 quem
1191 1674 1271 1703 aute
1285 1669 1503 1714 adduximus,
1514 1680 1630 1714 quem,
1643 1673 1683 1703 ut

970 1725 1137 1762 meretur,
1163 1721 1200 1753 in
1217 1721 1351 1754 deliciis
1373 1721 1507 1763 habuit,
1529 1720 1620 1754 unde
1645 1724 1683 1753 et

971 1770 1044 1812 illa,
1060 1780 1136 1813 quae
1159 1771 1317 1813 proxime
1337 1771 1562 1813 antecedunt,
1587 1779 1682 1804 mere

972 1826 1053 1854 sunt
1070 1822 1258 1855 Catulliani
1273 1822 1417 1864 saporis,
1434 1823 1446 1840 ⁸
1459 1822 1527 1856 Qui
1545 1831 1682 1864 possum

973 1882 1092 1915 quaeso
1113 1872 1244 1915 facere,
1264 1873 1358 1915 quod
1372 1872 1540 1916 quereris,
1562 1871 1685 1915 Lupe:-

973 1933 1051 1966 quae
1068 1923 1262 1966 respiciunt
1275 1924 1335 1956 illa
1359 1923 1487 1957 Catulli
1501 1932 1607 1956 carm.
1628 1925 1685 1956 6&

973 1975 983 1994 ‘
1000 1974 1070 2007 Sed
1085 1974 1264 2017 faeere,ut
1275 1975 1384 2018 quivis
1397 1974 1524 2008 sentiat
1534 1977 1573 2007 et
1588 1973 1683 2008 vide⁴

974 2030 1022 2067 at,
1048 2027 1118 2061 Qui
1143 2037 1280 2070 possum
1293 2027 1317 2059 ?'
1346 2027 1557 2060 Delectatur
1577 2025 1683 2059 etiam

974 2078 1143 2111 Phaedrus
1159 2089 1253 2121 saepe
1267 2079 1390 2111 Tmesi.
1426 2078 1485 2111 Sic
1497 2077 1558 2112 lib.
1570 2086 1599 2111 ι.
1612 2076 1682 2110 fab.

974 2131 1031 2161 28.
1063 2130 1073 2147 ‘
1091 2139 1194 2172 quem
1224 2133 1319 2162 stans
1346 2129 1524 2162 Voltur-ius
1551 2128 1685 2172 super,'
1709 2127 1711 2131 ’

975 2189 1050 2221 pro,
1074 2180 1129 2212 cui
1151 2185 1362 2223 superstans.
1403 2180 1520 2214 ‘Galli
1536 2179 1684 2223 cybeles

975 2229 1105 2263 circum
1124 2231 1160 2263 iu
1181 2235 1334 2274 quaestus
1349 2231 1501 2274 ducere,'
1527 2231 1578 2264 sic
1594 2231 1686 2264 enim

975 2281 1022 2314 ibi
1036 2282 1233 2324 legendum.
1271 2283 1358 2316 Gud-

1019 2335 1059 2365 11
1077 2333 1232 2375 Equidem
1246 2337 1339 2367 natus
1359 2344 1420 2367 mm
1441 2333 1542 2377 eram]
1578 2334 1686 2376 Lego,

975 2392 1014 2415 ne
1047 2383 1171 2425 quidem
1195 2388 1288 2416 natus
1316 2387 1384 2417 tam
1410 2394 1509 2418 erum.
1559 2384 1684 2418 Heius.

976 2433 1056 2465 Hoc
1082 2437 1322 2475 argumentum
1347 2434 1439 2467 inter
1465 2433 1684 2476 probationes

976 2484 1263 2527 inexpugnabiles
1276 2483 1386 2517 refert
1393 2483 1559 2518 Quinctil.
1567 2483 1684 2517 Iustit.

977 2544 1014 2569 v.
1029 2539 1082 2568 10.

1020 2588 1061 2617 12
1084 2585 1202 2627 Pater]
1238 2585 1293 2618 Ita
1314 2585 1426 2618 solent
1447 2587 1595 2627 peccata
1624 2594 1684 2627 pa-

977 2643 1124 2678 reutum,
1146 2648 1221 2680 quae
1243 2638 1368 2679 saepius
1389 2636 1481 2668 nulla
1497 2641 1589 2678 sunt,
1606 2636 1684 2669 filiis

976 2687 1152 2729 imputari.
1207 2688 1218 2706 ‘
1248 2687 1298 2720 At
1328 2687 1412 2719 nihil
1445 2687 1593 2730 iniquius
1616 2692 1684 2730 est,

976 2748 1077 2781 quam
1099 2738 1246 2781 aliquem
1262 2737 1433 2770 haeredem
1456 2738 1591 2780 paterni
1614 2737 1684 2770 odii

978 2788 1078 2830 fieri‚'
1100 2789 1148 2821 ait
1163 2789 1295 2821 Seneca
1318 2788 1376 2820 lib.
1394 2798 1434 2821 11.
1446 2788 1488 2820 de
1505 2787 1576 2820 Ira.
1600 2789 1682 2821 Nev.

1023 2840 1124 2873 Pater
1138 2840 1239 2873 hercle
1259 2839 1344 2881 tuus]
1378 2838 1487 2873 Auon.
1505 2849 1599 2873 meus
1616 2841 1683 2882 leg.
