1806 3236
205 212 297 257 286¹
466 223 729 256 APPBme
763 223 1074 257 FABULARUM
1107 224 1427 257 AESOPIARUM.

755 521 968 562 FABULA
1013 521 1124 560 vm.

586 662 886 706 COCHLEA
929 662 1011 705 ΕΤ
1055 660 1292 705 SIMIUS.

206 819 393 862 AMORE
414 821 536 861 tacta
556 816 724 873 speculi
745 816 914 859 inventi
930 815 1130 859 Cochlea

209 887 436 940 Fulgentis
457 886 613 927 orbem
633 884 866 936 scandens,
888 885 1030 940 coepit
1048 883 1225 940 lingere,
1272 927 1274 930 ,

208 955 290 998 Nil
310 955 371 997 illi
392 954 549 996 melius
567 952 806 996 contulisse
825 966 876 995 se
896 956 1072 1007 putans,
1151 987 1153 990 .

209 1022 356 1074 Quam
378 1023 416 1064 si
436 1021 718 1076 splendorem
739 1021 1077 1064 commacularet
1093 1014 1315 1065 sordibus.
1663 1070 1676 1079 Q

208 1090 274 1134 Ut
291 1091 567 1145 inquinatum
586 1089 698 1132 vidit
716 1089 950 1144 speculum
971 1090 1127 1134 simius
1138 1105 1152 1134 ς
1641 1089 1675 1131 5-

210 1157 302 1211 Qui
323 1172 372 1201 se
395 1158 559 1201 calcari
578 1158 744 1200 talibus
764 1157 1034 1212 permiserit,

209 1225 425 1278 Meretur,
445 1226 605 1281 inquit,
627 1224 714 1267 tale
732 1224 926 1267 dedecus
945 1225 1053 1280 pati.

267 1294 387 1337 Haec
407 1295 497 1337 illis
514 1297 580 1336 est
597 1292 765 1335 fabella
783 1293 953 1347 scripta
970 1292 1183 1344 foeminis,

212 1360 390 1418 Ineptis
409 1375 510 1417 quae
532 1374 579 1404 se
593 1362 783 1417 jungunt
801 1364 844 1404 et
866 1360 1014 1404 stultis
1034 1360 1154 1404 viris.

867 1492 1015 1527 NOTAE

252 1576 300 1609 Et
312 1574 401 1607 hanc
415 1572 526 1607 Anou.
539 1572 646 1606 habet
659 1581 694 1606 n.
710 1581 791 1607 vm.
969 1573 1042 1607 Nil.
1058 1571 1172 1608 Anon.
1184 1569 1445 1607 rescribendum
1460 1544 1632 1616 putamus.-
1655 1584 1659 1588 ’

254 1631 272 1660 1
295 1625 435 1670 Speculi]
466 1625 523 1659 Ita
537 1635 601 1668 pro
613 1625 745 1668 epemczo,
758 1628 799 1658 ut
809 1624 915 1658 habet
1559 1623 1561 1626 ’

786 1823 1096 1848 3

775 1997 989 2039 FABULA
1043 1997 1116 2038 IX.

454 2147 587 2193 MUS
633 2146 946 2192 URBANUS
990 2141 1071 2190 ΕΤ
1115 2144 1446 2191 RUSTICUS.

219 2304 465 2347 Hosmmo
488 2302 713 2359 quondam
733 2315 832 2345 mus
853 2303 1048 2345 urbanus
1066 2303 1222 2346 rustici

218 2371 458 2428 ExceptuS‚
479 2372 558 2415 vili
579 2371 737 2426 glande
757 2375 907 2413 coenat
926 2372 971 2413 in
983 2375 1117 2414 cavo.

219 2440 404 2483 Induxit
423 2440 629 2496 precibus
647 2443 766 2495 post,
785 2442 833 2482 ut
850 2440 1002 2482 urbem
1018 2439 1210 2483 rusticus

879 2565 1020 2619 Nngss

263 2652 354 2686 Haec
367 2651 486 2686 fabula
498 2653 627 2696 legitur
640 2657 676 2686 et
690 2652 780 2695 apud
797 2652 923 2686 Rimic.
975 2651 1110 2684 Romul.
1131 2651 1298 2693 &sceptus
1312 2650 1434 2684 Rimic.
1448 2659 1563 2682 omnes
1578 2649 1678 2683 bene.

222 2711 249 2735 1.
272 2705 326 2735 12.
350 2707 387 2734 et
412 2702 522 2736 Anon.
550 2712 634 2737 xm.
660 2703 796 2737 Romul.
823 2711 861 2736 x.
887 2706 924 2735 et
975 2703 1056 2736 Vid.
1072 2702 1116 2735 ad
1129 2704 1197 2738 Ov.
1211 2703 1277 2746 Ep.
1290 2710 1362 2736 xu.
1376 2704 1430 2736 2⁷.
1443 2700 1501 2735 ubi
1515 2701 1615 2744 plura
1629 2700 1679 2734 di-

222 2752 348 2786 Horat.
358 2753 431 2786 Sat.
447 2764 491 2786 u.
503 2758 536 2787 6,
552 2757 605 2787 80.
975 2763 1103 2788 cemus.

265 2806 286 2837 2
318 2804 494 2847 Exceptus]
530 2805 586 2839 lta
612 2803 725 2839 Anon.
772 2805 929 2848 Receptus
