1806 3236
231 257 319 300 540

276 362 357 400 Quae
375 360 506 395 ardebat
527 361 598 403 siti]
629 361 770 394 Ardebat
789 361 863 394 sitis
877 371 936 395 no-

231 417 285 446 tat
306 412 579 455 magnitudinem
609 421 653 444 ex
682 411 842 445 cantione
863 412 936 444 diu-

231 468 345 504 turna,
382 467 636 506 usurpaturque
678 462 722 495 de
767 472 935 506 persona3

230 515 321 558 quod
343 514 607 547 observandum.
651 514 860 547 Claudianus
874 524 935 556 pa-

228 567 317 599 riter
329 566 387 599 lib.
400 575 426 598 1.
437 575 470 598 v.
486 567 561 598 104.
574 565 618 597 de
629 564 754 597 Rufino
768 565 910 607 loquens
923 575 933 597 :

228 619 238 636 ‘
252 617 451 659 Totumque
461 615 659 648 exhauserit
671 615 852 652 Hermum,
868 615 934 648 Ar-

228 667 326 700 debit
345 667 478 708 majore
504 665 587 699 siti!
614 665 719 705 Schef.
772 664 865 698 Vide
888 665 932 698 ad

229 718 333 751 Ovid.
349 718 460 759 Epist.
471 726 522 749 ιν.
537 719 612 749 173.

270 771 312 801 17
336 769 476 808 Egressa
502 766 592 808 cavo]
641 765 774 807 Scribo,
804 766 931 798 Noctua

225 830 351 861 egressa
362 829 379 851 e
389 829 473 852 cavo.
509 819 634 850 Posset
645 821 682 850 et
692 816 761 859 legi
775 827 784 849 ι
811 817 932 860 Cupide

225 871 384 904 advolavit
411 879 537 910 egressa
563 879 638 901 cavo
666 872 789 901 noctua.
812 869 931 902 Guiet.

226 923 321 963 Lego
337 920 380 953 ad
396 920 561 953 fulturam
582 919 756 961 carminis,
775 929 900 960 egressa
914 928 931 951 e

225 984 310 1006 cavo.
334 973 457 1006 Faber.

269 1025 410 1065 Egressa
421 1023 510 1066 cavo]
533 1022 662 1057 Nescio
676 1032 720 1055 an
735 1031 779 1055 ex
789 1022 856 1055 Ms.
866 1031 928 1055 suo

690 267 835 299 No'rAE
870 267 1134 301 vARlORUM
1169 269 1222 301 IN

986 361 1143 396 Pithoeus
1157 362 1290 397 edidit·
1315 374 1439 406 egressa
1449 375 1466 399 e
1475 375 1562 399 cavo.
1604 366 1690 409 Leg-

986 423 1154 455 egressum,
1190 415 1246 447 vel
1272 416 1448 457 ingressam
1472 426 1606 456 σοοαπις
1640 416 1700 450 itax

986 464 1170 497 Salmasius
1200 465 1244 498 ad
1270 476 1365 499 oram
1390 467 1483 509 libri,
1510 470 1548 500 et
1571 471 1690 508 recte3

988 525 1066 548 nam
1081 520 1210 550 noctua
1232 526 1300 550 non
1324 517 1458 552 latebat
1471 528 1582 560 cavo;
1604 528 1692 551 som-

986 576 1068 599 num
1101 567 1238 610 quidem
1267 568 1429 610 capiebat
1455 579 1540 602 cavo
1570 578 1690 610 ramo;

986 617 1064 650 hinc
1080 617 1239 650 librarius
1253 619 1392 660 putavit
1405 623 1565 652 noctuam
1581 619 1616 652 iu
1631 629 1688 652 ca·

985 679 1029 702 vo
1044 668 1159 711 fuisse,
1172 669 1233 702 sed
1249 669 1363 711 potius
1375 669 1419 703 de
1428 670 1548 703 cicada
1559 670 1648 704 hoc
1638 679 1689 703 ιιι-

986 720 1214 762 telligendum
1229 724 1295 753 est.
1321 720 1409 753 θεαὶ.

1028 774 1069 803 18
1088 770 1321 813 Ἠερίάοηΐεηι]
1336 771 1441 804 Forte
1453 771 1689 815 crepitantem:

984 830 1063 853 nam
1106 830 1212 862 supra
1254 821 1265 839 ‘
1289 820 1470 853 Garrulam
1488 819 1499 836 ’
1539 820 1689 855 dixerat.

984 871 1099 904 Heius.
1140 871 1256 904 Male:
1281 882 1312 904 v.
1327 868 1386 904 inf.
1399 880 1454 904 lv,
1468 875 1501 904 5.
1627 879 1629 881 '

1028 926 1071 955 19
1107 921 1247 964 Tn'buit]
1282 922 1418 965 Nempe
1447 923 1620 956 silentium
1648 927 1686 957 et

982 971 1130 1005 canendi
1143 982 1285 1015 pausam
1297 976 1337 1007 ut
1348 971 1491 1006 faceret.
1512 972 1600 1006 Rite.

714 1282 973 1326 FABULA
1027 1282 1196 1327 XVII.

265 1426 365 1459 Hanc
377 1425 526 1460 fabulam
539 1438 601 1470 pro
612 1437 674 1461 sua
684 1428 832 1461 obtrusit
842 1429 923 1462 olim

220 1475 296 1508 orbi
316 1477 451 1510 erudito
476 1478 642 1511 Nicolaus
669 1480 849 1520 Perottus,
875 1479 925 1511 Si-

221 1526 386 1567 pontinus
401 1528 578 1570 Pontifex,
589 1530 625 1561 in
645 1530 861 1572 Cornucopia
871 1530 924 1562 'ad

221 1576 394 1609 Martialis
416 1588 471 1620 ep.
497 1579 558 1611 lib.
574 1588 601 1612 1.
617 1582 671 1612 77.
686 1580 817 1622 dicens,
830 1580 924 1612 illam

221 1624 374 1658 fabulam
384 1637 421 1659 se
436 1637 479 1660 ex
494 1627 628 1661 Avieno
641 1630 677 1661 iu
690 1629 833 1662 fabellas
848 1639 925 1662 suas

220 1675 475 1710 adolescentem
489 1678 643 1712 Iambico
654 1680 804 1713 carmine
816 1685 927 1713 trans-

222 1727 356 1759 tulisse.
401 1728 491 1760 Vide
516 1729 666 1762 Scriver.
698 1730 743 1762 ad
774 1730 927 1763 Martial.

221 1777 341 1819 Epigr.
354 1778 416 1810 lib.
428 1787 486 1811 111.
498 1782 552 1812 20.
568 1780 685 1812 Heius.
718 1780 782 1812 Vir
793 1780 928 1822 doctus,

220 1828 279 1869 qui
305 1828 401 1860 auxit
427 1833 465 1860 et
493 1829 680 1862 illustravit
707 1830 924 1872 Menagiana,

223 1883 307 1910 tom·
329 1888 381 1912 lv.
401 1890 437 1921 p.
454 1883 529 1913 118.
545 1890 613 1913 uon
631 1880 770 1913 videtur
784 1882 923 1923 legisse,

220 1939 298 1971 quae
314 1929 451 1962 Gudius
467 1936 503 1963 et
517 1931 575 1962 alii
587 1931 631 1963 de
643 1931 788 1964 Perotto
799 1932 856 1964 hic
863 1942 923 1965 no-

218 1984 336 2013 tarunt
350 1991 358 2013 ε
381 1991 462 2013 nam
477 1987 514 2014 et
531 1981 656 2024 Cybeloe
669 1982 812 2015 retineri
823 1993 923 2024 posse

218 2031 345 2071 credit,
360 2037 396 2064 et
410 2041 514 2064 versu
529 2032 646 2074 tertio,
656 2032 714 2064 ubi
726 2033 842 2065 Phoebo
855 2032 920 2065 lau-

218 2091 274 2113 rus
298 2081 462 2114 Perottus
489 2082 642 2123 exhibet,
666 2083 724 2114 ille
750 2084 922 2116 succurrit

217 2131 331 2164 versui
339 2132 533 2174 adjiciendo
545 2133 715 2174 copulam,
727 2133 843 2165 Phoebo
857 2135 922 2166 law-

218 2192 285 2224 πω,
305 2186 339 2215 et
355 2183 469 2223 Pinus,
482 2185 537 2225 85c.
553 2183 675 2225 quibus
691 2184 845 2217 omuibus
861 2195 922 2227 po-

218 2233 340 2265 tuisset
354 2233 593 2274 supersedere.
616 2233 718 2266 Adde
733 2235 788 2267 hic
804 2235 921 2277 Hoog-

219 2284 367 2316 stratani
381 2288 493 2317 notas.
516 2284 632 2316 Burm.

263 2337 281 2366 1
308 2334 394 2366 Olim
418 2344 494 2376 quas
516 2334 647 2375 vellent]
683 2335 824 2368 Lucian.
852 2335 920 2378 περὶ

218 2385 337 2417 θωιῶν·
362 2385 530 2427 Τοιγαροῦν
548 2383 600 2416 καὶ
620 2384 650 2416 οἱ
659 2384 811 2426 ἅνθρωποι
822 2396 919 2419 συνω-

217 2435 256 2467 δὰ
275 2433 399 2468 τούτοις
420 2435 473 2468 καὶ
483 2434 649 2468 ’ἀκόλουθα
673 2435 742 2476 περὶ
767 2436 826 2468 τὰς
849 2440 918 2478 θρη·

219 2488 327 2521 arnelas
342 2487 565 2526 ἐπιτηδεύουσι.
590 2487 643 2520 καὶ
661 2489 781 2529 πρῶτον
803 2486 861 2527 μὲν
886 2488 918 2520 ὕ-

217 2546 277 2573 λας
299 2539 491 2580 ἀπετέμοντο
519 2538 572 2572 καὶ
599 2539 655 2582 ὄρη
683 2538 841 2579 ἀνέθεσαν,
867 2540 918 2572 καὶ

221 2591 312 2633 ὄρνεα
330 2589 529 2633 καθιέρωσαν,
545 2589 597 2624 καὶ
609 2590 652 2622 τὰ
665 2589 749 2632 φυτὰ
762 2588 917 2631 ἐπεφήμη-

217 2652 278 2674 σαν
300 2640 423 2682 ἑκάστῳ
446 2643 516 2682 θεῷ’.
561 2640 711 2673 Arbores
736 2650 817 2672 vero
842 2641 917 2673 Diis

216 2692 351 2725 dicatas
366 2693 481 2734 plures
493 2691 608 2724 adfert
620 2690 783 2733 Virgilius
795 2691 917 2732 Eclog.

219 2751 284 2777 vn.
297 2746 352 2776 60.
374 2743 385 2761 ‘
397 2744 553 2785 Populus
564 2741 697 2775 Alcidae
713 2741 917 2783 gratissima,

217 2794 300 2826 vitis
316 2794 457 2833 Iaccho,
474 2795 648 2826 Formosae
664 2796 795 2834 myrtus
806 2793 918 2826 vene-

218 2844 259 2882 ri,
274 2854 333 2877 sua
347 2844 464 2878 laurea
480 2842 634 2878 Phoebo.’
657 2843 736 2876 Neo.

1025 1429 1112 1461 Olim
1138 1438 1215 1470 quas
1239 1426 1368 1468 vellent]
1409 1426 1510 1460 Hanc
1538 1424 1681 1459 Phaedri

979 1479 1144 1511 Fabulam
1180 1488 1320 1520 prorsus
1353 1477 1509 1510 imitatus
1541 1481 1596 1509 est
1634 1476 1683 1509 G.

981 1527 1148 1570 Faernus,
1165 1528 1245 1560 Fab.
1267 1527 1311 1559 de
1335 1527 1424 1561 Jove
1448 1531 1485 1559 et
1510 1526 1683 1559 Minerva.

981 1579 1170 1620 Eleganter
1198 1577 1302 1610 etiam
1327 1576 1481 1609 imitatur
1502 1575 1681 1610 Martialis

980 1628 1081 1670 Epig.
1092 1627 1154 1660 lib.
1166 1636 1192 1659 1.
1202 1629 1255 1659 77.
1268 1625 1384 1658 Οηιϋιί
1391 1625 1681 1667 curarumpretim

978 1688 1039 1710 non
1052 1678 1114 1710 vile
1123 1686 1273 1716 mearum,
1291 1676 1415 1716 Flacce,
1429 1675 1602 1708 Antenorei
1610 1684 1680 1717 spes

978 1730 1010 1759 et
1022 1728 1144 1760 alumne
1157 1726 1263 1759 Laris.
1304 1726 1430 1758 Pierios
1448 1724 1545 1768 differ
1557 1727 1682 1757 eantur-

978 1788 1037 1819 (με
1065 1778 1230 1818 chorosque
1252 1786 1415 1809 sororum.-
1440 1778 1500 1809 AEs
1523 1776 1613 1809 dabit
1639 1785 1681 1811 a

976 1827 1048 1859 istis
1075 1828 1162 1860 nulla
1187 1828 1292 1869 puella
1317 1827 1386 1859 tibi.
1439 1827 1526 1863 Quid
1548 1827 1632 1868 petis
1659 1837 1680 1860 a

976 1876 1120 1911 Phoebo?
1141 1888 1280 1911 nummos
1303 1878 1397 1910 habet
1414 1887 1490 1910 arca
1510 1877 1679 1911 Minerva.

977 1930 1062 1963 Haec
1076 1930 1173 1971 sapit,
1187 1930 1253 1961 haec
1265 1929 1365 1961 omnis
1369 1927 1499 1968 fenerat
1507 1938 1569 1974 ana
1582 1927 1680 1974 Dm,

978 1980 1064 2016 Quid
1076 1983 1198 2023 possent
1213 1981 1335 2012 hederoe
1348 1973 1470 2011 Bucam
1481 1977 1583 2012 aare?
1602 1978 1680 2011 Pal-

975 2034 1056 2066 ladis
1067 2033 1160 2066 arbor
1172 2033 1311 2065 Inclinat
1323 2031 1430 2063 varias
1438 2031 1572 2073 pondere
1583 2030 1680 2072 nigra

972 2094 1085 2126 comus,
1097 2087 1152 2126 ὅτ.
1193 2083 1364 2116 AEdesium
1377 2081 1619 2129 Cappadocem
1632 2090 1680 2114 ex

974 2135 997 2168 J
1001 2135 1158 2167 amblichi
1174 2135 1291 2167 schola
1306 2142 1480 2167 reversum
1496 2137 1595 2175 pater
1616 2132 1677 2165 ob-

969 2185 1151 2227 jurgabat,
1189 2184 1283 2228 quod
1317 2183 1575 2226 Philosophiam
1606 2192 1675 2215 non

973 2238 1185 2279 saginantem
1209 2242 1318 2269 artem
1342 2235 1543 2268 didicisset:
1573 2236 1675 2267 Πλοῦ-

971 2299 1026 2320 τος
1051 2286 1085 2319 δὲ
1110 2287 1171 2328 οὐχ
1198 2287 1277 2325 ὑπῆν
1303 2287 1349 2327 τῷ
1376 2284 1459 2326 γένει
1485 2284 1594 2319 πολύς.
1621 2284 1676 2318 καὶ

973 2337 1030 2378 ὅγε
1053 2337 1157 2379 πατὴρ
1183 2337 1275 2369 αὐτὸν
1294 2334 1451 2377 ἐκπέμψας
1466 2335 1518 2367 ἐπὶ
1538 2335 1677 2370 παιδείαν

971 2387 1165 2430 χρηματικὴν
1177 2387 1212 2419 ἐκ
1223 2385 1443 2419 Καππαδοκίας
1462 2385 1512 2418 ἐπὶ
1533 2386 1593 2424 τὴν
1604 2386 1675 2418 Ἑλ·

972 2437 1068 2470 λάδα.
1085 2436 1153 2470 εἶτα
1169 2436 1382 2478 ἐκδεχόμενος,
1404 2436 1444 2469 ὣς
1458 2435 1608 2479 Θησαυρὸν
1622 2434 1673 2467 ἐπὶ

970 2490 1017 2530 τῷ
1026 2487 1112 2522 παιδὶ
1125 2487 1261 2530 εὑρήσων
1280 2486 1383 2526 ἐπειδή
1395 2499 1472 2519 ποτε
1491 2485 1674 2519 ἂπανελθόν-

970 2555 1037 2583 τος,
1051 2542 1284 2583 φιλοσοφοῦντα
1295 2540 1419 2584 ᾔσθετο,
1442 2542 1499 2578 τῆς
1512 2539 1620 2582 οἰκίας,
1631 2541 1672 2574 ὡς

970 2593 1110 2635 ἀχρεῖον,
1124 2591 1296 2633 ἀπήλαυνε,
1308 2590 1360 2623 καὶ
1379 2591 1538 2632 ἐκδιώκων,
1551 2590 1588 2623 Τί
1596 2590 1669 2633 γὰρ,

970 2642 1042 2684 ἔφη,
1054 2648 1224 2683 φιλοσοφια
1231 2641 1364 2683 ὦφελεΐ;
1379 2643 1444 2673 διο.
1482 2642 1671 2684 Eunapius‚

968 2693 1083 2726 AEdes.
1109 2693 1186 2733 Rig.

1014 2744 1035 2775 2
1057 2743 1139 2787 Divi
1152 2743 1294 2783 legerunt
1319 2741 1461 2783 arbores]
1483 2740 1567 2783 Adi,
1577 2741 1606 2774 si
1620 2742 1671 2773 lu-

969 2793 1043 2835 bet,
1067 2792 1165 2825 Voss.
1190 2793 1319 2824 Comm.
1338 2792 1438 2824 Rhet.
1454 2801 1480 2824 1.
1496 2795 1529 2824 5.
1543 2794 1597 2824 37.
1612 2791 1670 2824 ubi

969 2844 1062 2877 inter
1088 2843 1155 2876 alia
1182 2842 1360 2885 redarguit
1386 2842 1580 2883 Perottum,
1609 2840 1667 2884 qui
