1806 3236
224 220 310 266 &w

757 481 1013 528 FABULA

270 630 440 671 Graculus]
467 629 741 672 Theophylactus
762 629 925 662 Simoent-

225 686 278 714 tus
295 682 406 723 Epist.
425 681 587 713 Themist.
603 680 646 712 ad
663 679 819 722 Chrysip.
835 678 925 710 hunc

224 732 410 764 Graculum
431 731 474 763 ad
506 740 640 763 sensum
668 730 924 771 perelegantem

224 781 415 822 transtulit,
437 790 536 823 quem
555 781 646 821 vide,
661 785 696 812 et
712 779 838 812 Achill.
859 780 924 812 Ta·

223 832 308 864 tium
323 841 457 874 quoque
474 831 531 864 lib.
547 839 588 864 ιι.
613 831 700 863 ΟΜ.

267 883 426 915 Graculus
448 881 611 923 superbus]
633 879 752 913 Simile
775 881 856 923 quid
881 880 925 912 de

224 933 406 966 Cornicula
421 931 620 965 fabulantur
630 932 796 965 Horatius
808 938 844 964 et
858 932 927 964 Ba-

223 984 327 1025 brius,
354 982 572 1025 Aphthonius
595 981 666 1015 fab.
691 986 744 1016 31.
768 982 926 1024 AEsopus,

222 1036 342 1067 Theon
364 1035 524 1076 Sophista
548 1034 619 1066 fab.
637 1037 668 1067 3.
694 1034 731 1067 e't
750 1035 925 1068 Camerar.

223 1085 266 1117 de
282 1085 468 1118 Monedula
483 1089 519 1117 et
540 1085 715 1118 Columba.
761 1085 818 1118 De
838 1085 926 1118 Gra·

223 1138 300 1169 culo
328 1146 409 1168 vero
434 1136 620 1177 expressim
645 1136 925 1178 Theophylactus

223 1187 397 1219 Simos-ata
412 1186 445 1217 in
462 1186 573 1228 Epist.
615 1186 654 1218 ‘0
667 1185 791 1219 κολοιὸς
804 1185 864 1224 τὴν
883 1185 925 1217 οἱ·

220 1237 306 1269 κείαν
317 1236 419 1269 δεδιως
429 1236 594 1280 ἀμορφίαν,
604 1235 664 1275 τὴν
674 1238 731 1275 τῆς
741 1235 862 1278 φύσεως
874 1238 925 1275 δη·

220 1286 378 1330 μιονργίαν
392 1286 563 1330 ἐνόθευσεν,
577 1286 735 1329 ἀλλοτρίῳ
748 1285 852 1327 κόσμῳ
864 1286 925 1325 τὴν

221 1339 332 1370 ἑαυτου
354 1338 561 1380 καλλωπίζων
588 1336 780 1380 εὐπρέπειαν.
832 1337 925 1369 Ἀλλ’

219 1390 335 1430 ἤλεγξε
345 1387 405 1427 τὴν
414 1389 588 1432 ἂμορφίαν“
574 1403 593 1428 η
603 1387 715 1430 γλαυξ,
726 1387 777 1422 καὶ
786 1387 844 1421 τὸν
857 1387 923 1420 ἐπί-

219 1446 365 1472 πλαστον
380 1440 496 1481 κόσμον
514 1439 656 1472 ἐδείκνυε·
678 1439 717 1471 τὸ
730 1439 793 1481 ’γὰρ
812 1438 923 1471 οἰκεῖον

220 1492 391 1532 ἐπιγνοῦσα
409 1490 532 1533 πτερὸν,
545 1491 585 1523 ὡς
597 1490 675 1522 ἴδιον
687 1489 848 1531 ἀφείλετο,
872 1490 923 1522 καὶ

218 1543 285 1574 τοῖς
310 1541 420 1575 ἄλλοις
447 1540 560 1584 ὀρνέοις
588 1541 688 1573 ἐδίδου
720 1539 923 1582 παράδειγμα,

220 1592 353 1626 ἕκαστον
367 1594 559 1636 ἀφαιρεῖσθαι
571 1591 611 1624 τὸ
619 1592 712 1634 ἴδιον,
728 1592 779 1624 καὶ
791 1591 923 1633 ’γέγονεν

220 1642 303 1677 αὖθις
315 1646 332 1676 ὁ
342 1644 462 1677 κολοιὸς
474 1643 604 1677 κολοιός.
629 1645 815 1677 Diversum
828 1644 923 1676 dein-

219 1705 302 1737 ceps
318 1706 338 1727 a
353 1696 493 1728 Phaedri
509 1695 706 1734 mente,sed
723 1699 837 1726 tamen
854 1695 922 1727 ele-

221 1756 304 1786 gans
332 1747 505 1779 subnectit
532 1744 695 1785 ἐπιμύθιον.
740 1745 818 1776 vid.
834 1745 920 1776 Ter-

221 1798 283 1829 tul.
302 1797 358 1829 lib.
375 1798 507 1830 advers.
519 1797 691 1829 valentin.
709 1806 740 1828 c.
754 1799 806 1828 12.
831 1797 909 1836 Rig.

264 1851 279 1879 1
309 1848 359 1880 Ne
377 1847 529 1888 gloriari]
553 1847 668 1879 Simile
690 1846 770 1889 quid
788 1847 921 1879 monuit

220 1897 430 1940 Aristippus,
444 1898 502 1940 qui
516 1896 693 1937 Αὗχοῦντός
714 1909 798 1929 τινος
813 1896 862 1928 ἐπὶ
877 1899 921 1937 τῷ

220 1949 393 1991 κολυμβᾷν,
407 1948 463 1980 οὐκ
478 1946 624 1988 αἰσχύνη,
638 1946 733 1987 εἶπεν,
750 1946 799 1978 ἐπὶ
815 1949 920 1988 δελφῖ-

218 2011 268 2031 νος
285 1998 384 2040 ἔργοις
399 1997 670 2040 ἀλαζονευόμενος.
698 1998 781 2030 Nev-

264 2048 405 2080 Glorz‘ari
422 2049 534 2081 alienis
548 2049 649 2089 bonis]
671 2049 791 2081 senec.
809 2048 918 2089 Epist.

217 2102 269 2131 41.
292 2102 300 2117 ⁸
320 2100 431 2132 Nemo
459 2099 595 2141 gloriari
612 2098 678 2130 nisi
706 2107 766 2130 suo
789 2098 919 2130 debet!

222 2150 308 2181 Gud.

262 2199 390 2241 Libeat]
414 2198 602 2238 Absolute3
626 2208 699 2239 pro,
713 2208 756 2230 ne
773 2198 846 2241 quis
861 2199 919 2239 sit,

220 2250 274 2282 cui
291 2250 435 2282 lubitum
451 2250 507 2290 sit,
530 2249 587 2292 qui
614 2249 697 2281 velit
711 2249 774 2280 hoe
790 2247 918 2281 facere.

218 2301 341 2340 Virgil.
363 2301 439 2332 AEn.
454 2309 506 2333 tx.
529 2304 539 2318 ‘
556 2299 642 2331 Cum
666 2302 780 2330 tamen
804 2308 919 2330 omnes

218 2352 324 2383 Ferre
352 2351 439 2383 libet
468 2350 586 2383 subter
609 2349 716 2382 densa
745 2350 918 2382 testudine

220 2401 341 2433 casus!
365 2402 470 2441 Sches.

261 2454 281 2483 4
308 2452 454 2494 Tumens]
468 2451 559 2483 Hinc
572 2453 689 2482 natum
701 2450 917 2490 proverbium

217 2502 338 2534 notiss.
362 2504 372 2520 ‘
390 2501 518 2533 Alienis
533 2500 654 2543 plumis
669 2509 704 2531 se
720 2499 917 2532 exornare?

218 2552 260 2583 de
291 2553 447 2584 vanitate
477 2556 513 2584 et
540 2549 717 2592 ἀλαζονείᾳ,
747 2559 813 2591 qua
843 2550 917 2591 quis

217 2603 336 2634 alienis
348 2602 444 2634 bonis
457 2612 531 2634 sese
537 2603 651 2644 jactat
660 2605 696 2634 et
705 2599 816 2633 effert.
833 2600 917 2632 Ritt.

265 2652 436 2693 Graculus]
460 2653 560 2684 Hanc
582 2651 732 2684 fabulam
745 2651 917 2692 Nicepho-

218 2712 275 2734 rus
291 2703 464 2734 Basilaces
481 2703 584 2734 habet
601 2711 691 2734 num.
706 2704 737 2734 3.
761 2700 915 2737 abAlla-

217 2754 265 2784 tio
291 2754 324 2785 in
350 2754 533 2795 Exemptis
548 2754 660 2786 Variis
684 2753 915 2794 Sophistarum

219 2804 343 2843 editus,
377 2804 437 2836 sed
469 2805 525 2846 qui
562 2804 746 2836 ambitione
775 2803 915 2835 ductum

686 231 830 264 NOTAE
860 223 1127 265 vAmoin
1164 231 1212 263 m

1050 476 1156 524 ΙΙΙ.

974 627 1175 667 Graculum,
1203 629 1242 659 ut
1269 634 1411 667 regnum
1441 623 1613 658 obtineret
1641 622 1676 654 in

973 677 1079 718 Aves,
1100 686 1138 709 se
1168 684 1355 708 exornasse
1382 674 1493 717 tingit,
1523 678 1572 715 et,
1599 682 1677 706 cum

973 733 1111 760 creatus
1128 731 1220 759 esset
1236 735 1310 769 rex,
1325 726 1460 758 demnni
1476 723 1583 758 fuisse
1596 727 1678 767 spo-

973 780 1104 811 liatum.
1127 779 1243 811 Burm.
1526 775 1529 778 ’

1016 829 1187 871 Superbia]
1217 829 1285 871 Spe
1309 827 1425 870 regni:
1450 827 1478 860 si
1503 826 1678 869 explicate

974 879 1024 913 fas
1037 885 1091 912 est
1105 889 1149 912 ex
1169 879 1285 921 AEsopi
1306 877 1544 911 fab.191.vet
1568 872 1676 910 &icto-

975 931 1035 962 riae
1052 930 1085 962 ἐν
1098 930 1191 970 ἀγῶνι
1206 927 1342 962 κάλλους
1353 939 1398 962 ex
1408 926 1596 971 Aphtbouii
1608 925 1677 960 fab.

975 979 1350 1013 31.etGab1-.fab.26.
1375 978 1506 1012 Prason.

1017 1034 1039 1063 6
1064 1030 1164 1073 Seque
1178 1030 1358 1072 exornavit]
1374 1029 1440 1062 His
1451 1038 1518 1061 sese
1529 1030 1678 1061 exornat.

975 1083 1028 1114 vel
1043 1082 1143 1124 Seque
1155 1082 1205 1113 his
1214 1081 1349 1114 ornavit.
1372 1080 1495 1113 Heius.
1518 1076 1520 1079 ’
1541 1076 1679 1120 Anony-

975 1142 1048 1164 mus
1064 1133 1166 1165 habet
1179 1142 1270 1174 seque
1284 1132 1397 1164 exinde
1415 1130 1540 1163 ommis
1549 1139 1563 1168 ‚·
1585 1129 1677 1162 undo

974 1182 1064 1216 forte
1080 1183 1204 1225 conjici
1220 1187 1349 1225 posset,
1372 1181 1557 1214 Phaedrum
1570 1179 1679 1222 scrip·-

974 1233 1058 1266 sisse
1074 1233 1174 1275 Seque
1188 1234 1259 1266 inde
1278 1232 1422 1265 ormvie:
1445 1235 1564 1264 notum
1583 1229 1676 1262 enim

973 1288 1040 1324 est,
1062 1283 1120 1315 illa
1140 1283 1300 1316 adverbia
1321 1282 1405 1323 hinc,
1417 1281 1502 1322 inde,
1519 1289 1582 1322 pro
1597 1288 1676 1321 pro*-

972 1334 1161 1367 nominibus
1175 1334 1268 1375 poni.
1313 1333 1370 1366 Ita
1379 1333 1452 1365 inde
1466 1330 1558 1374 apud
1572 1329 1677 1364 ovid.

972 1385 1059 1417 Met.
1071 1393 1120 1417 vr.
1132 1387 1207 1417 650.
1221 1393 1287 1416 vu.
1302 1386 1377 1416 515.
1392 1386 1429 1415 et
1444 1381 1536 1414 alios.
1559 1381 1676 1413 Bam.

1015 1439 1033 1468 7
1068 1436 1241 1468 Immiscuit
1268 1445 1302 1468 se
1326 1433 1494 1478 pavonum]
1522 1434 1675 1466 Meta-um

972 1487 1057 1526 vult,
1088 1491 1128 1518 ut
1154 1487 1318 1527 legamus,
1351 1484 1488 1527 pavant}
1515 1491 1614 1525 pavus
1637 1486 1675 1516 et

970 1546 1059 1577 pavo,
1082 1540 1212 1568 notum.
1233 1531 1378 1577 Schiaeipp.
1419 1533 1612 1567 statuendis
1621 1536 1676 1566 est

971 1585 1131 1628 συνίζησις
1157 1587 1192 1618 in
1207 1595 1291 1619 voce
1305 1584 1488 1623 immiscuit,
1511 1593 1589 1626 quoe
1607 1583 1673 1616 hoc

971 1639 1048 1671 loco
1062 1636 1272 1680 τρισύλλαβος
1296 1641 1367 1676 est;
1392 1635 1444 1668 ita
1456 1634 1621 1677 Virgilius
1633 1630 1674 1666 τδ

970 1690 980 1708 ‘
996 1688 1216 1722 miscuerunt’
1239 1689 1343 1721 trium
1357 1684 1564 1728 syllabarum
1578 1683 1674 1718 feeit.

971 1740 1028 1773 Ita
1043 1745 1079 1772 et
1094 1741 1149 1772 hic
1161 1744 1276 1772 noster
1289 1739 1349 1771 lib.
1365 1747 1406 1770 11.
1420 1736 1494 1769 fab.
1507 1739 1544 1768 ⁶.
1563 1735 1574 1754 ⁴
1588 1745 1676 1778 prae·

973 1790 1142 1831 buerunt,’
1170 1790 1205 1822 in
1235 1790 1339 1822 trium
1368 1787 1574 1830 syllabarum
1600 1796 1672 1819 mo-

971 1840 1052 1872 dum
1075 1840 1210 1882 coegit:
1240 1842 1250 1858 ‘
1275 1839 1434 1881 Felisque
1459 1838 1583 1871 catulis
1605 1836 1672 1870 lsr-

971 1900 1048 1932 gam
1065 1890 1303 1932 ‘praebuerunt
1341 1888 1490 1931 dapem!
1546 1889 1671 1931 Neque

971 1949 1053 1973 vero
1067 1941 1141 1973 haec
1156 1940 1355 1980 scriberem,
1366 1939 1432 1972 nisi
1446 1939 1668 1981 Schoppium,

970 1991 1027 2033 qui
1058 1991 1124 2023 sibi
1153 1990 1387 2032 argutissimus
1414 1994 1480 2030 est,
1509 1989 1671 2022 'vidissem

968 2043 1093 2084 legere,
1112 2042 1228 2084 pavum
1255 2052 1318 2084 pro
1340 2051 1491 2083 pavonum
1514 2040 1609 2084 (nan
1635 2044 1673 2073 et

966 2103 1063 2134 pavus
1078 2098 1115 2125 et
1134 2103 1213 2135 pavo
1224 2091 1368 2134 dicitur)
1383 2095 1421 2125 ut
1435 2092 1557 2131 versui.
1569 2101 1669 2135 quem

968 2143 1123 2175 laborare
1138 2143 1324 2183 existimat,
1337 2141 1521 2175 remedium
1534 2137 1671 2183 aliquod

968 2193 1100 2227 afferat.
1124 2193 1203 2225 Fab.
1246 2193 1447 2225 Buchnerus
1463 2196 1541 2232 post
1551 2192 1669 2224 ἱιιιιιιίο-

967 2246 1032 2277 cuit
1048 2244 1232 2277 tollendum
1249 2247 1349 2285 putat
1363 2253 1407 2283 se,
1430 2246 1468 2275 ut
1487 2251 1531 2274 ex
1555 2243 1669 2283 glossa

969 2300 1097 2335 natum,
1120 2305 1183 2327 nec
1199 2304 1275 2327 cum
1291 2293 1464 2335 Schoppio
1480 2292 1596 2335 pavum
1620 2293 1668 2325 le·

969 2347 1128 2389 gendum.
1183 2344 1231 2377 At
1264 2346 1347 2376 vero
1376 2343 1484 2376 tribus
1511 2342 1666 2384 syllabis,

968 2396 1161 2438 conjunctis
1185 2394 1318 2427 duobus
1340 2393 1518 2436 postremis
1541 2393 1666 2426 vocali-

969 2447 1044 2488 bus,
1066 2445 1277 2479 efferendum
1304 2454 1392 2485 esse,
1413 2443 1524 2476 Faber
1543 2447 1667 2476 contra

966 2498 1128 2539 Schoppii
1144 2495 1416 2529 emendationem
1429 2498 1564 2533 monet;
1579 2494 1668 2536 jam·

967 2557 1032 2590 que
1049 2551 1128 2579 ante
1142 2547 1303 2579 Barthius
1318 2545 1408 2578 Adv.
1424 2554 1541 2579 xun-
1557 2549 1608 2578 1⁰.
1630 2545 1666 2577 id

966 2597 1105 2630 fecerat.
1148 2599 1277 2629 Verum
1303 2596 1431 2629 rectius
1458 2594 1666 2628 nobi-lein-

966 2650 1034 2681 sins
1058 2649 1191 2687 statuit,
1213 2647 1431 2689 trajicit—udas
1454 2657 1527 2679 esse
1551 2655 1664 2686 voces,

965 2699 1030 2731 isto
1043 2700 1163 2731 modo:
1187 2698 1409 2730 &immiscuit
1427 2707 1578 2738 pavonum
1591 2697 1662 2735 sor-

965 2760 1046 2783 moso
1065 2751 1175 2791 gregi:
1200 2759 1274 2781 cum
1298 2748 1382 2780 illud
1397 2748 1594 2787 miscuerunt,
1619 2757 1662 2780 ex

965 2800 1109 2842 Virgilio
1125 2799 1214 2842 quod
1230 2799 1356 2841 allegat
1371 2798 1495 2839 Faber,
1520 2798 1565 2831 sit
1585 2798 1662 2831 dac-
