<?xml version="1.0" encoding="UTF-8"?>
<!DOCTYPE html PUBLIC "-//W3C//DTD XHTML 1.0 Transitional//EN"
    "http://www.w3.org/TR/xhtml1/DTD/xhtml1-transitional.dtd">
<html xmlns="http://www.w3.org/1999/xhtml" xml:lang="en" lang="en">
 <head>
  <title>
</title>
<meta http-equiv="Content-Type" content="text/html;charset=utf-8" />
  <meta name='ocr-system' content='tesseract 3.04.00' />
  <meta name='ocr-capabilities' content='ocr_page ocr_carea ocr_par ocr_line ocrx_word'/>
</head>
<body>
  <div class='ocr_page' id='page_1' title='image "./fabualeaesopiae00phaeuoft_0553.png"; bbox 0 0 1806 3236; ppageno 0'>
   <div class='ocr_carea' id='block_1_1' title="bbox 356 184 1387 251">
    <p class='ocr_par' dir='ltr' id='par_1_1' title="bbox 356 184 1387 251">
     <span class='ocr_line' id='line_1_1' title="bbox 356 184 1387 251; baseline -0.011 -1"><span class='ocrx_word' id='word_1_1' title='bbox 356 215 558 251; x_wconf 68' lang='lat' dir='ltr'><strong>rmum</strong></span> <span class='ocrx_word' id='word_1_2' title='bbox 593 214 702 247; x_wconf 69' lang='lat' dir='ltr'><strong>un.</strong></span> <span class='ocrx_word' id='word_1_3' title='bbox 734 184 1175 246; x_wconf 49' lang='lat' dir='ltr'><strong>AEsomARuM&#39;mB.</strong></span> <span class='ocrx_word' id='word_1_4' title='bbox 1207 208 1282 240; x_wconf 84' lang='grc' dir='ltr'><strong>ιιι.</strong></span> <span class='ocrx_word' id='word_1_5' title='bbox 1313 196 1387 240; x_wconf 83' lang='grc'><strong>17.</strong></span> 
     </span>
    </p>
   </div>
   <div class='ocr_carea' id='block_1_2' title="bbox 106 309 841 2863">
    <p class='ocr_par' dir='ltr' id='par_1_2' title="bbox 128 309 841 505">
     <span class='ocr_line' id='line_1_2' title="bbox 134 309 841 356; baseline -0.014 -4"><span class='ocrx_word' id='word_1_6' title='bbox 134 323 272 352; x_wconf 67' lang='lat' dir='ltr'><strong>camon</strong></span> <span class='ocrx_word' id='word_1_7' title='bbox 285 312 353 348; x_wconf 79' lang='lat' dir='ltr'><strong>hoc</strong></span> <span class='ocrx_word' id='word_1_8' title='bbox 365 313 527 356; x_wconf 77' lang='lat' dir='ltr'><strong>adsignat</strong></span> <span class='ocrx_word' id='word_1_9' title='bbox 542 311 688 345; x_wconf 80' lang='lat' dir='ltr'><strong>Avieno.</strong></span> <span class='ocrx_word' id='word_1_10' title='bbox 703 309 841 344; x_wconf 70' lang='lat' dir='ltr'><strong>Prosch-</strong></span> 
     </span>
     <span class='ocr_line' id='line_1_3' title="bbox 143 361 840 408; baseline -0.011 -6"><span class='ocrx_word' id='word_1_11' title='bbox 143 389 145 393; x_wconf 92' lang='lat'>·</span> <span class='ocrx_word' id='word_1_12' title='bbox 177 366 320 406; x_wconf 69' lang='lat' dir='ltr'><strong>Quem</strong></span> <span class='ocrx_word' id='word_1_13' title='bbox 332 364 424 408; x_wconf 76' lang='lat' dir='ltr'><strong>Joos‘]</strong></span> <span class='ocrx_word' id='word_1_14' title='bbox 453 364 544 397; x_wconf 87' lang='lat' dir='ltr'><strong>Vide</strong></span> <span class='ocrx_word' id='word_1_15' title='bbox 559 362 787 396; x_wconf 82' lang='lat' dir='ltr'><strong>Plutarchum</strong></span> <span class='ocrx_word' id='word_1_16' title='bbox 804 361 840 394; x_wconf 92' lang='lat' dir='ltr'><strong>in</strong></span> 
     </span>
     <span class='ocr_line' id='line_1_4' title="bbox 132 413 840 457; baseline -0.01 -5"><span class='ocrx_word' id='word_1_17' title='bbox 132 417 327 453; x_wconf 67' lang='lat' dir='ltr'><strong>Coriolano.</strong></span> <span class='ocrx_word' id='word_1_18' title='bbox 372 416 511 449; x_wconf 77' lang='lat' dir='ltr'><strong>servius</strong></span> <span class='ocrx_word' id='word_1_19' title='bbox 538 414 581 447; x_wconf 85' lang='lat' dir='ltr'><strong>ad</strong></span> <span class='ocrx_word' id='word_1_20' title='bbox 609 414 734 457; x_wconf 86' lang='lat' dir='ltr'><strong>Virgil.</strong></span> <span class='ocrx_word' id='word_1_21' title='bbox 764 413 840 446; x_wconf 77' lang='lat' dir='ltr'><strong>Ecl-</strong></span> 
     </span>
     <span class='ocr_line' id='line_1_5' title="bbox 128 461 840 505; baseline -0.013 -1"><span class='ocrx_word' id='word_1_22' title='bbox 128 469 307 505; x_wconf 67' lang='lat' dir='ltr'><strong>‘Quercus</strong></span> <span class='ocrx_word' id='word_1_23' title='bbox 321 468 358 500; x_wconf 80' lang='lat' dir='ltr'><strong>in</strong></span> <span class='ocrx_word' id='word_1_24' title='bbox 379 467 491 500; x_wconf 87' lang='lat' dir='ltr'><strong>tutela</strong></span> <span class='ocrx_word' id='word_1_25' title='bbox 512 465 613 499; x_wconf 81' lang='lat' dir='ltr'><strong>Jovis</strong></span> <span class='ocrx_word' id='word_1_26' title='bbox 634 463 712 497; x_wconf 64' lang='lat' dir='ltr'><strong>est.5</strong></span> <span class='ocrx_word' id='word_1_27' title='bbox 735 461 840 502; x_wconf 74' lang='lat' dir='ltr'><strong>Schef.</strong></span> 
     </span>
    </p>

    <p class='ocr_par' dir='ltr' id='par_1_3' title="bbox 125 515 841 860">
     <span class='ocr_line' id='line_1_6' title="bbox 174 515 840 560; baseline -0.011 -6"><span class='ocrx_word' id='word_1_28' title='bbox 174 519 314 558; x_wconf 66' lang='lat' dir='ltr'><strong>Quercus</strong></span> <span class='ocrx_word' id='word_1_29' title='bbox 325 517 418 560; x_wconf 58' lang='grc' dir='ltr'><strong><em>θοοὶ]</em></strong></span> <span class='ocrx_word' id='word_1_30' title='bbox 439 517 574 551; x_wconf 80' lang='lat' dir='ltr'>Plinius</span> <span class='ocrx_word' id='word_1_31' title='bbox 589 516 671 551; x_wconf 84' lang='lat' dir='ltr'><strong>Jovi</strong></span> <span class='ocrx_word' id='word_1_32' title='bbox 686 515 840 549; x_wconf 87' lang='lat' dir='ltr'><strong>esculum</strong></span> 
     </span>
     <span class='ocr_line' id='line_1_7' title="bbox 130 565 841 612; baseline -0.01 -7"><span class='ocrx_word' id='word_1_33' title='bbox 130 570 268 612; x_wconf 83' lang='lat' dir='ltr'><strong>tribuit,</strong></span> <span class='ocrx_word' id='word_1_34' title='bbox 280 570 341 604; x_wconf 87' lang='lat' dir='ltr'><strong>lib.</strong></span> <span class='ocrx_word' id='word_1_35' title='bbox 356 578 428 602; x_wconf 68' lang='grc' dir='ltr'><strong>ιιι.</strong></span> <span class='ocrx_word' id='word_1_36' title='bbox 453 579 485 602; x_wconf 92' lang='lat' dir='ltr'><strong>c.</strong></span> <span class='ocrx_word' id='word_1_37' title='bbox 498 571 530 601; x_wconf 87' lang='lat'><strong>1.</strong></span> <span class='ocrx_word' id='word_1_38' title='bbox 553 568 565 587; x_wconf 90' lang='lat'>‘</span> <span class='ocrx_word' id='word_1_39' title='bbox 576 566 777 607; x_wconf 91' lang='lat' dir='ltr'><strong>Arborum,&#39;</strong></span> <span class='ocrx_word' id='word_1_40' title='bbox 788 565 841 598; x_wconf 88' lang='lat' dir='ltr'><strong>in-</strong></span> 
     </span>
     <span class='ocr_line' id='line_1_8' title="bbox 129 617 841 666; baseline -0.008 -11"><span class='ocrx_word' id='word_1_41' title='bbox 129 621 218 666; x_wconf 80' lang='lat' dir='ltr'><strong>quit,</strong></span> <span class='ocrx_word' id='word_1_42' title='bbox 238 622 388 665; x_wconf 77' lang='lat' dir='ltr'><strong>‘genera</strong></span> <span class='ocrx_word' id='word_1_43' title='bbox 403 618 614 654; x_wconf 81' lang='lat' dir='ltr'>Numinibus</span> <span class='ocrx_word' id='word_1_44' title='bbox 636 619 708 651; x_wconf 86' lang='lat' dir='ltr'><strong>suis</strong></span> <span class='ocrx_word' id='word_1_45' title='bbox 723 617 841 650; x_wconf 80' lang='lat' dir='ltr'><strong>dicata</strong></span> 
     </span>
     <span class='ocr_line' id='line_1_9' title="bbox 125 670 839 717; baseline -0.008 -10"><span class='ocrx_word' id='word_1_46' title='bbox 125 679 297 717; x_wconf 85' lang='lat' dir='ltr'><strong>perpetuo</strong></span> <span class='ocrx_word' id='word_1_47' title='bbox 310 675 511 706; x_wconf 85' lang='lat' dir='ltr'><strong>servantur:</strong></span> <span class='ocrx_word' id='word_1_48' title='bbox 533 674 574 704; x_wconf 91' lang='lat' dir='ltr'><strong>nt</strong></span> <span class='ocrx_word' id='word_1_49' title='bbox 587 670 668 704; x_wconf 84' lang='lat' dir='ltr'><strong>Jovi</strong></span> <span class='ocrx_word' id='word_1_50' title='bbox 682 670 839 703; x_wconf 86' lang='lat' dir='ltr'><strong>esculus:</strong></span> 
     </span>
     <span class='ocr_line' id='line_1_10' title="bbox 128 721 839 768; baseline -0.007 -10"><span class='ocrx_word' id='word_1_51' title='bbox 128 724 284 768; x_wconf 77' lang='lat' dir='ltr'><strong>Apollini</strong></span> <span class='ocrx_word' id='word_1_52' title='bbox 298 725 436 756; x_wconf 78' lang='lat' dir='ltr'><strong>laurus:</strong></span> <span class='ocrx_word' id='word_1_53' title='bbox 462 722 634 754; x_wconf 57' lang='lat' dir='ltr'><strong>Minervas</strong></span> <span class='ocrx_word' id='word_1_54' title='bbox 649 722 748 760; x_wconf 86' lang='lat' dir='ltr'><strong>olea:</strong></span> <span class='ocrx_word' id='word_1_55' title='bbox 770 721 839 753; x_wconf 90' lang='lat' dir='ltr'><strong>Ve-</strong></span> 
     </span>
     <span class='ocr_line' id='line_1_11' title="bbox 126 771 838 818; baseline -0.007 -9"><span class='ocrx_word' id='word_1_56' title='bbox 126 775 205 809; x_wconf 86' lang='lat' dir='ltr'><strong>neri</strong></span> <span class='ocrx_word' id='word_1_57' title='bbox 224 779 382 818; x_wconf 77' lang='lat' dir='ltr'><strong>myrtus:</strong></span> <span class='ocrx_word' id='word_1_58' title='bbox 415 772 561 806; x_wconf 83' lang='lat' dir='ltr'>Herculi</span> <span class='ocrx_word' id='word_1_59' title='bbox 580 771 754 815; x_wconf 88' lang='lat' dir='ltr'><strong>populus‚&#39;</strong></span> <span class='ocrx_word' id='word_1_60' title='bbox 770 773 838 805; x_wconf 74' lang='grc' dir='ltr'><strong>ὅτε.</strong></span> 
     </span>
     <span class='ocr_line' id='line_1_12' title="bbox 127 827 219 860; baseline 0 0"><span class='ocrx_word' id='word_1_61' title='bbox 127 827 219 860; x_wconf 70' lang='lat' dir='ltr'><strong>Rite.</strong></span> 
     </span>
    </p>

    <p class='ocr_par' dir='ltr' id='par_1_4' title="bbox 169 875 678 921">
     <span class='ocr_line' id='line_1_13' title="bbox 169 875 678 921; baseline -0.006 -10"><span class='ocrx_word' id='word_1_62' title='bbox 169 877 319 921; x_wconf 72' lang='lat' dir='ltr'><strong>Myrtus]</strong></span> <span class='ocrx_word' id='word_1_63' title='bbox 339 877 410 910; x_wconf 83' lang='lat' dir='ltr'><strong>Ms.</strong></span> <span class='ocrx_word' id='word_1_64' title='bbox 423 880 554 920; x_wconf 73' lang='lat' dir='ltr'><strong>myrtos.</strong></span> <span class='ocrx_word' id='word_1_65' title='bbox 579 875 678 910; x_wconf 83' lang='lat' dir='ltr'><strong>Gud.</strong></span> 
     </span>
    </p>

    <p class='ocr_par' dir='ltr' id='par_1_5' title="bbox 106 924 837 2863">
     <span class='ocr_line' id='line_1_14' title="bbox 167 924 837 971; baseline -0.009 -8"><span class='ocrx_word' id='word_1_66' title='bbox 167 928 309 971; x_wconf 67' lang='lat' dir='ltr'><strong>Lau-ea]</strong></span> <span class='ocrx_word' id='word_1_67' title='bbox 331 928 403 962; x_wconf 88' lang='lat' dir='ltr'><strong>Pro</strong></span> <span class='ocrx_word' id='word_1_68' title='bbox 418 928 530 969; x_wconf 89' lang='lat' dir='ltr'><strong>lauro,</strong></span> <span class='ocrx_word' id='word_1_69' title='bbox 549 926 743 960; x_wconf 76' lang='lat' dir='ltr'><strong>imitatione</strong></span> <span class='ocrx_word' id='word_1_70' title='bbox 758 924 837 958; x_wconf 84' lang='lat' dir='ltr'><strong>Vir-</strong></span> 
     </span>
     <span class='ocr_line' id='line_1_15' title="bbox 125 976 837 1024; baseline -0.004 -11"><span class='ocrx_word' id='word_1_71' title='bbox 125 980 211 1023; x_wconf 73' lang='lat' dir='ltr'><strong>gilii,</strong></span> <span class='ocrx_word' id='word_1_72' title='bbox 245 980 306 1024; x_wconf 89' lang='lat' dir='ltr'><strong>qni</strong></span> <span class='ocrx_word' id='word_1_73' title='bbox 347 979 399 1012; x_wconf 88' lang='lat' dir='ltr'><strong>sic</strong></span> <span class='ocrx_word' id='word_1_74' title='bbox 444 978 598 1022; x_wconf 88' lang='lat' dir='ltr'><strong>loquitur</strong></span> <span class='ocrx_word' id='word_1_75' title='bbox 634 976 756 1019; x_wconf 80' lang='lat' dir='ltr'><strong>Eclog.</strong></span> <span class='ocrx_word' id='word_1_76' title='bbox 783 984 837 1010; x_wconf 81' lang='lat' dir='ltr'><strong>vr.</strong></span> 
     </span>
     <span class='ocr_line' id='line_1_16' title="bbox 163 1080 836 1127; baseline -0.009 -9"><span class='ocrx_word' id='word_1_77' title='bbox 163 1087 186 1118; x_wconf 75' lang='lat'>4</span> <span class='ocrx_word' id='word_1_78' title='bbox 202 1085 305 1118; x_wconf 70' lang='lat' dir='ltr'><strong>Pinus</strong></span> <span class='ocrx_word' id='word_1_79' title='bbox 316 1082 456 1127; x_wconf 71' lang='lat' dir='ltr'><strong>Cybela]</strong></span> <span class='ocrx_word' id='word_1_80' title='bbox 468 1080 576 1124; x_wconf 85' lang='lat' dir='ltr'><strong>Apud</strong></span> <span class='ocrx_word' id='word_1_81' title='bbox 588 1081 686 1123; x_wconf 82' lang='lat' dir='ltr'><strong>Virg.</strong></span> <span class='ocrx_word' id='word_1_82' title='bbox 698 1080 773 1113; x_wconf 83' lang='lat' dir='ltr'><strong>AEn.</strong></span> <span class='ocrx_word' id='word_1_83' title='bbox 782 1087 836 1112; x_wconf 80' lang='lat' dir='ltr'><strong>rx.</strong></span> 
     </span>
     <span class='ocr_line' id='line_1_17' title="bbox 119 1130 837 1179; baseline -0.011 -9"><span class='ocrx_word' id='word_1_84' title='bbox 119 1136 195 1179; x_wconf 75' lang='lat' dir='ltr'><strong>ipss</strong></span> <span class='ocrx_word' id='word_1_85' title='bbox 210 1135 362 1178; x_wconf 77' lang='lat' dir='ltr'><strong>Cybele-z</strong></span> <span class='ocrx_word' id='word_1_86' title='bbox 385 1137 396 1154; x_wconf 78' lang='lat'><strong>⁴</strong></span> <span class='ocrx_word' id='word_1_87' title='bbox 410 1134 522 1167; x_wconf 86' lang='lat' dir='ltr'><strong>Pinea</strong></span> <span class='ocrx_word' id='word_1_88' title='bbox 546 1132 634 1165; x_wconf 84' lang='lat' dir='ltr'><strong>silva</strong></span> <span class='ocrx_word' id='word_1_89' title='bbox 648 1130 730 1163; x_wconf 88' lang='lat' dir='ltr'><strong>mihi</strong></span> <span class='ocrx_word' id='word_1_90' title='bbox 752 1131 837 1163; x_wconf 88' lang='lat' dir='ltr'><strong>mul-</strong></span> 
     </span>
     <span class='ocr_line' id='line_1_18' title="bbox 120 1182 837 1228; baseline -0.01 -8"><span class='ocrx_word' id='word_1_91' title='bbox 120 1191 176 1220; x_wconf 88' lang='lat' dir='ltr'><strong>tos</strong></span> <span class='ocrx_word' id='word_1_92' title='bbox 190 1185 320 1219; x_wconf 84' lang='lat' dir='ltr'><strong>dilecta</strong></span> <span class='ocrx_word' id='word_1_93' title='bbox 331 1194 395 1228; x_wconf 88' lang='lat' dir='ltr'><strong>per</strong></span> <span class='ocrx_word' id='word_1_94' title='bbox 411 1183 543 1217; x_wconf 88' lang='lat' dir='ltr'><strong>annos.&#39;</strong></span> <span class='ocrx_word' id='word_1_95' title='bbox 563 1183 697 1215; x_wconf 73' lang='lat' dir='ltr'><strong>Prwh.</strong></span> <span class='ocrx_word' id='word_1_96' title='bbox 722 1182 837 1214; x_wconf 82' lang='lat' dir='ltr'><strong>Miror</strong></span> 
     </span>
     <span class='ocr_line' id='line_1_19' title="bbox 117 1232 836 1281; baseline -0.01 -10"><span class='ocrx_word' id='word_1_97' title='bbox 117 1236 278 1281; x_wconf 79' lang='lat' dir='ltr'><strong>equidem</strong></span> <span class='ocrx_word' id='word_1_98' title='bbox 292 1235 516 1278; x_wconf 84' lang='lat' dir='ltr'><strong>Schoppium,</strong></span> <span class='ocrx_word' id='word_1_99' title='bbox 527 1233 588 1277; x_wconf 56' lang='lat' dir='ltr'><strong>Qui</strong></span> <span class='ocrx_word' id='word_1_100' title='bbox 599 1237 670 1267; x_wconf 84' lang='lat' dir='ltr'><strong>tam</strong></span> <span class='ocrx_word' id='word_1_101' title='bbox 684 1232 836 1265; x_wconf 81' lang='lat' dir='ltr'><strong>libenter</strong></span> 
     </span>
     <span class='ocr_line' id='line_1_20' title="bbox 118 1283 835 1329; baseline -0.01 -7"><span class='ocrx_word' id='word_1_102' title='bbox 118 1288 320 1329; x_wconf 70' lang='lat' dir='ltr'><strong>Phaedrum,</strong></span> <span class='ocrx_word' id='word_1_103' title='bbox 333 1287 403 1320; x_wconf 80' lang='lat' dir='ltr'><strong>etsi</strong></span> <span class='ocrx_word' id='word_1_104' title='bbox 416 1285 556 1327; x_wconf 81' lang='lat' dir='ltr'><strong>frustra,</strong></span> <span class='ocrx_word' id='word_1_105' title='bbox 570 1283 754 1326; x_wconf 86' lang='lat' dir='ltr'><strong>imperitiae</strong></span> <span class='ocrx_word' id='word_1_106' title='bbox 770 1283 835 1316; x_wconf 86' lang='lat' dir='ltr'><strong>cir-</strong></span> 
     </span>
     <span class='ocr_line' id='line_1_21' title="bbox 117 1335 835 1381; baseline -0.01 -7"><span class='ocrx_word' id='word_1_107' title='bbox 117 1349 160 1374; x_wconf 81' lang='lat' dir='ltr'><strong>ca</strong></span> <span class='ocrx_word' id='word_1_108' title='bbox 170 1339 344 1373; x_wconf 87' lang='lat' dir='ltr'><strong>modulum</strong></span> <span class='ocrx_word' id='word_1_109' title='bbox 353 1337 564 1381; x_wconf 74' lang='lat' dir='ltr'><strong>syllabarum</strong></span> <span class='ocrx_word' id='word_1_110' title='bbox 579 1335 835 1378; x_wconf 82' lang='lat' dir='ltr'><strong>reprehendere</strong></span> 
     </span>
     <span class='ocr_line' id='line_1_22' title="bbox 117 1389 834 1433; baseline -0.007 -9"><span class='ocrx_word' id='word_1_111' title='bbox 117 1391 221 1432; x_wconf 85' lang='lat' dir='ltr'><strong>solet,</strong></span> <span class='ocrx_word' id='word_1_112' title='bbox 234 1400 304 1424; x_wconf 89' lang='lat' dir='ltr'><strong>non</strong></span> <span class='ocrx_word' id='word_1_113' title='bbox 326 1389 418 1423; x_wconf 84' lang='lat' dir='ltr'><strong>hunc</strong></span> <span class='ocrx_word' id='word_1_114' title='bbox 434 1398 570 1433; x_wconf 84' lang='lat' dir='ltr'><strong>qnoque</strong></span> <span class='ocrx_word' id='word_1_115' title='bbox 584 1389 699 1421; x_wconf 90' lang='lat' dir='ltr'><strong>locum</strong></span> <span class='ocrx_word' id='word_1_116' title='bbox 715 1397 834 1429; x_wconf 84' lang='lat' dir='ltr'><strong>repre-</strong></span> 
     </span>
     <span class='ocr_line' id='line_1_23' title="bbox 116 1438 832 1476; baseline -0.008 0"><span class='ocrx_word' id='word_1_117' title='bbox 116 1442 289 1476; x_wconf 73' lang='lat' dir='ltr'><strong>hendisse.</strong></span> <span class='ocrx_word' id='word_1_118' title='bbox 346 1440 392 1475; x_wconf 88' lang='lat' dir='ltr'><strong>Id</strong></span> <span class='ocrx_word' id='word_1_119' title='bbox 417 1440 511 1474; x_wconf 88' lang='lat' dir='ltr'><strong>enim</strong></span> <span class='ocrx_word' id='word_1_120' title='bbox 539 1443 578 1473; x_wconf 88' lang='lat' dir='ltr'><strong>et</strong></span> <span class='ocrx_word' id='word_1_121' title='bbox 607 1449 671 1472; x_wconf 86' lang='lat' dir='ltr'><strong>sua</strong></span> <span class='ocrx_word' id='word_1_122' title='bbox 698 1438 832 1472; x_wconf 84' lang='lat' dir='ltr'><strong>solenni</strong></span> 
     </span>
     <span class='ocr_line' id='line_1_24' title="bbox 117 1490 832 1534; baseline -0.007 -7"><span class='ocrx_word' id='word_1_123' title='bbox 117 1492 330 1528; x_wconf 79' lang='lat' dir='ltr'><strong>confidentia</strong></span> <span class='ocrx_word' id='word_1_124' title='bbox 349 1491 467 1525; x_wconf 78' lang='lat' dir='ltr'><strong>faeere</strong></span> <span class='ocrx_word' id='word_1_125' title='bbox 482 1495 636 1534; x_wconf 81' lang='lat' dir='ltr'><strong>poterat,</strong></span> <span class='ocrx_word' id='word_1_126' title='bbox 660 1493 699 1523; x_wconf 92' lang='lat' dir='ltr'><strong>et</strong></span> <span class='ocrx_word' id='word_1_127' title='bbox 719 1490 832 1523; x_wconf 84' lang='lat' dir='ltr'><strong>Servii</strong></span> 
     </span>
     <span class='ocr_line' id='line_1_25' title="bbox 116 1539 833 1584; baseline -0.006 -8"><span class='ocrx_word' id='word_1_128' title='bbox 116 1539 326 1576; x_wconf 74' lang='lat' dir='ltr'><strong>auctoritate</strong></span> <span class='ocrx_word' id='word_1_129' title='bbox 350 1541 474 1582; x_wconf 81' lang='lat' dir='ltr'><strong>fretus,</strong></span> <span class='ocrx_word' id='word_1_130' title='bbox 503 1540 563 1584; x_wconf 89' lang='lat' dir='ltr'><strong>qui</strong></span> <span class='ocrx_word' id='word_1_131' title='bbox 589 1540 722 1573; x_wconf 91' lang='lat' dir='ltr'><strong>dnobus</strong></span> <span class='ocrx_word' id='word_1_132' title='bbox 746 1540 833 1572; x_wconf 90' lang='lat' dir='ltr'><strong>locis</strong></span> 
     </span>
     <span class='ocr_line' id='line_1_26' title="bbox 115 1590 831 1637; baseline -0.008 -9"><span class='ocrx_word' id='word_1_133' title='bbox 115 1594 252 1637; x_wconf 81' lang='lat' dir='ltr'><strong>(neseio</strong></span> <span class='ocrx_word' id='word_1_134' title='bbox 267 1592 373 1627; x_wconf 81' lang='lat' dir='ltr'><strong>etiam</strong></span> <span class='ocrx_word' id='word_1_135' title='bbox 387 1602 431 1625; x_wconf 84' lang='lat' dir='ltr'><strong>an</strong></span> <span class='ocrx_word' id='word_1_136' title='bbox 446 1590 621 1635; x_wconf 85' lang='lat' dir='ltr'><strong>pluribus)</strong></span> <span class='ocrx_word' id='word_1_137' title='bbox 644 1590 831 1623; x_wconf 82' lang='lat' dir='ltr'><strong>secundam</strong></span> 
     </span>
     <span class='ocr_line' id='line_1_27' title="bbox 115 1641 831 1689; baseline -0.006 -11"><span class='ocrx_word' id='word_1_138' title='bbox 115 1646 152 1678; x_wconf 90' lang='lat' dir='ltr'><strong>in</strong></span> <span class='ocrx_word' id='word_1_139' title='bbox 170 1645 286 1689; x_wconf 70' lang='lat' dir='ltr'><strong>Cybele</strong></span> <span class='ocrx_word' id='word_1_140' title='bbox 306 1645 448 1678; x_wconf 80' lang='lat' dir='ltr'><strong>brevem</strong></span> <span class='ocrx_word' id='word_1_141' title='bbox 462 1653 540 1677; x_wconf 91' lang='lat' dir='ltr'><strong>esse</strong></span> <span class='ocrx_word' id='word_1_142' title='bbox 554 1642 715 1675; x_wconf 81' lang='lat' dir='ltr'><strong>affirmat.</strong></span> <span class='ocrx_word' id='word_1_143' title='bbox 759 1641 831 1675; x_wconf 86' lang='lat' dir='ltr'><strong>Sed</strong></span> 
     </span>
     <span class='ocr_line' id='line_1_28' title="bbox 116 1693 830 1738; baseline -0.006 -8"><span class='ocrx_word' id='word_1_144' title='bbox 116 1701 214 1730; x_wconf 75' lang='lat' dir='ltr'><strong>errat</strong></span> <span class='ocrx_word' id='word_1_145' title='bbox 227 1695 384 1737; x_wconf 78' lang='lat' dir='ltr'><strong>Servius,</strong></span> <span class='ocrx_word' id='word_1_146' title='bbox 407 1699 446 1728; x_wconf 84' lang='lat' dir='ltr'><strong>et</strong></span> <span class='ocrx_word' id='word_1_147' title='bbox 460 1695 520 1738; x_wconf 90' lang='lat' dir='ltr'><strong>qui</strong></span> <span class='ocrx_word' id='word_1_148' title='bbox 534 1694 606 1737; x_wconf 85' lang='lat' dir='ltr'><strong>ejus</strong></span> <span class='ocrx_word' id='word_1_149' title='bbox 621 1693 830 1727; x_wconf 81' lang='lat' dir='ltr'><strong>auctoritate</strong></span> 
     </span>
     <span class='ocr_line' id='line_1_29' title="bbox 113 1745 830 1781; baseline -0.004 0"><span class='ocrx_word' id='word_1_150' title='bbox 113 1748 228 1781; x_wconf 84' lang='lat' dir='ltr'><strong>locum</strong></span> <span class='ocrx_word' id='word_1_151' title='bbox 245 1747 335 1781; x_wconf 86' lang='lat' dir='ltr'><strong>hunc</strong></span> <span class='ocrx_word' id='word_1_152' title='bbox 347 1746 488 1780; x_wconf 75' lang='lat' dir='ltr'><strong>Pbaedri</strong></span> <span class='ocrx_word' id='word_1_153' title='bbox 505 1746 693 1779; x_wconf 85' lang='lat' dir='ltr'><strong>sollicitare</strong></span> <span class='ocrx_word' id='word_1_154' title='bbox 707 1745 830 1778; x_wconf 81' lang='lat' dir='ltr'><strong>velint.</strong></span> 
     </span>
     <span class='ocr_line' id='line_1_30' title="bbox 114 1797 830 1842; baseline -0.004 -10"><span class='ocrx_word' id='word_1_155' title='bbox 114 1799 275 1842; x_wconf 84' lang='lat' dir='ltr'><strong>Namque</strong></span> <span class='ocrx_word' id='word_1_156' title='bbox 289 1802 330 1832; x_wconf 86' lang='lat' dir='ltr'><strong>ut</strong></span> <span class='ocrx_word' id='word_1_157' title='bbox 352 1797 552 1831; x_wconf 82' lang='lat' dir='ltr'><strong>testimonia</strong></span> <span class='ocrx_word' id='word_1_158' title='bbox 563 1801 721 1830; x_wconf 81' lang='lat' dir='ltr'><strong>veterum</strong></span> <span class='ocrx_word' id='word_1_159' title='bbox 737 1806 830 1830; x_wconf 91' lang='lat' dir='ltr'><strong>nunc</strong></span> 
     </span>
     <span class='ocr_line' id='line_1_31' title="bbox 113 1849 830 1894; baseline -0.004 -11"><span class='ocrx_word' id='word_1_160' title='bbox 113 1849 254 1894; x_wconf 86' lang='lat' dir='ltr'><strong>quidem</strong></span> <span class='ocrx_word' id='word_1_161' title='bbox 283 1849 454 1892; x_wconf 85' lang='lat' dir='ltr'><strong>omittam,</strong></span> <span class='ocrx_word' id='word_1_162' title='bbox 487 1858 552 1882; x_wconf 91' lang='lat' dir='ltr'><strong>nec</strong></span> <span class='ocrx_word' id='word_1_163' title='bbox 579 1849 732 1890; x_wconf 87' lang='lat' dir='ltr'><strong>Servius,</strong></span> <span class='ocrx_word' id='word_1_164' title='bbox 763 1858 830 1881; x_wconf 90' lang='lat' dir='ltr'><strong>nec</strong></span> 
     </span>
     <span class='ocr_line' id='line_1_32' title="bbox 112 1899 830 1944; baseline -0.004 -9"><span class='ocrx_word' id='word_1_165' title='bbox 112 1902 236 1944; x_wconf 77' lang='lat' dir='ltr'><strong>vulgus</strong></span> <span class='ocrx_word' id='word_1_166' title='bbox 247 1901 440 1943; x_wconf 85' lang='lat' dir='ltr'><strong>doctorum,</strong></span> <span class='ocrx_word' id='word_1_167' title='bbox 455 1901 541 1934; x_wconf 87' lang='lat' dir='ltr'><strong>satis</strong></span> <span class='ocrx_word' id='word_1_168' title='bbox 556 1899 830 1933; x_wconf 88' lang='lat' dir='ltr'><strong>commeminisse</strong></span> 
     </span>
     <span class='ocr_line' id='line_1_33' title="bbox 110 1951 830 1996; baseline -0.006 -10"><span class='ocrx_word' id='word_1_169' title='bbox 110 1953 288 1995; x_wconf 77' lang='lat' dir='ltr'><strong>videntur,</strong></span> <span class='ocrx_word' id='word_1_170' title='bbox 313 1962 392 1996; x_wconf 78' lang='lat' dir='ltr'><strong>quoe</strong></span> <span class='ocrx_word' id='word_1_171' title='bbox 418 1952 465 1985; x_wconf 83' lang='lat' dir='ltr'><strong>sit</strong></span> <span class='ocrx_word' id='word_1_172' title='bbox 486 1951 693 1995; x_wconf 85' lang='lat' dir='ltr'><strong>liquidarum</strong></span> <span class='ocrx_word' id='word_1_173' title='bbox 714 1951 830 1983; x_wconf 81' lang='lat' dir='ltr'><strong>litera-</strong></span> 
     </span>
     <span class='ocr_line' id='line_1_34' title="bbox 111 2001 830 2046; baseline -0.007 -8"><span class='ocrx_word' id='word_1_174' title='bbox 111 2014 188 2038; x_wconf 90' lang='lat' dir='ltr'><strong>rum</strong></span> <span class='ocrx_word' id='word_1_175' title='bbox 210 2008 346 2038; x_wconf 87' lang='lat' dir='ltr'><strong>natura.</strong></span> <span class='ocrx_word' id='word_1_176' title='bbox 390 2003 533 2046; x_wconf 84' lang='lat' dir='ltr'><strong>Quippe</strong></span> <span class='ocrx_word' id='word_1_177' title='bbox 559 2001 740 2044; x_wconf 82' lang='lat' dir='ltr'><strong>syllabam,</strong></span> <span class='ocrx_word' id='word_1_178' title='bbox 766 2011 830 2043; x_wconf 90' lang='lat' dir='ltr'><strong>per</strong></span> 
     </span>
     <span class='ocr_line' id='line_1_35' title="bbox 112 2053 830 2097; baseline -0.008 -7"><span class='ocrx_word' id='word_1_179' title='bbox 112 2066 152 2090; x_wconf 85' lang='lat' dir='ltr'><strong>se</strong></span> <span class='ocrx_word' id='word_1_180' title='bbox 166 2056 322 2097; x_wconf 81' lang='lat' dir='ltr'><strong>brevem,</strong></span> <span class='ocrx_word' id='word_1_181' title='bbox 349 2053 489 2088; x_wconf 86' lang='lat' dir='ltr'><strong>efficere</strong></span> <span class='ocrx_word' id='word_1_182' title='bbox 512 2054 651 2096; x_wconf 82' lang='lat' dir='ltr'><strong>longam</strong></span> <span class='ocrx_word' id='word_1_183' title='bbox 673 2057 830 2094; x_wconf 86' lang='lat' dir='ltr'><strong>possunt,</strong></span> 
     </span>
     <span class='ocr_line' id='line_1_36' title="bbox 111 2101 828 2146; baseline -0.01 -5"><span class='ocrx_word' id='word_1_184' title='bbox 111 2111 151 2141; x_wconf 87' lang='lat' dir='ltr'><strong>et</strong></span> <span class='ocrx_word' id='word_1_185' title='bbox 178 2116 199 2140; x_wconf 92' lang='lat' dir='ltr'><strong>e</strong></span> <span class='ocrx_word' id='word_1_186' title='bbox 225 2110 359 2139; x_wconf 82' lang='lat' dir='ltr'><strong>contra.</strong></span> <span class='ocrx_word' id='word_1_187' title='bbox 404 2103 494 2137; x_wconf 89' lang='lat' dir='ltr'><strong>Inde</strong></span> <span class='ocrx_word' id='word_1_188' title='bbox 521 2108 588 2145; x_wconf 88' lang='lat' dir='ltr'><strong>est,</strong></span> <span class='ocrx_word' id='word_1_189' title='bbox 616 2102 709 2146; x_wconf 88' lang='lat' dir='ltr'><strong>quod</strong></span> <span class='ocrx_word' id='word_1_190' title='bbox 735 2101 828 2144; x_wconf 87' lang='lat' dir='ltr'><strong>apud</strong></span> 
     </span>
     <span class='ocr_line' id='line_1_37' title="bbox 112 2153 828 2196; baseline -0.007 -5"><span class='ocrx_word' id='word_1_191' title='bbox 112 2156 301 2191; x_wconf 83' lang='lat' dir='ltr'><strong>Homerum</strong></span> <span class='ocrx_word' id='word_1_192' title='bbox 327 2153 434 2188; x_wconf 74' lang='grc' dir='ltr'>Μέλω-</span> <span class='ocrx_word' id='word_1_193' title='bbox 460 2153 666 2196; x_wconf 84' lang='lat' dir='ltr'><strong>producitur</strong></span> <span class='ocrx_word' id='word_1_194' title='bbox 687 2153 828 2195; x_wconf 85' lang='lat' dir='ltr'><strong>Hymno</strong></span> 
     </span>
     <span class='ocr_line' id='line_1_38' title="bbox 110 2203 828 2250; baseline -0.008 -9"><span class='ocrx_word' id='word_1_195' title='bbox 110 2208 148 2241; x_wconf 86' lang='lat' dir='ltr'><strong>in</strong></span> <span class='ocrx_word' id='word_1_196' title='bbox 162 2207 391 2247; x_wconf 78' lang='lat' dir='ltr'><strong>Mercurium,</strong></span> <span class='ocrx_word' id='word_1_197' title='bbox 406 2205 454 2250; x_wconf 92' lang='lat' dir='ltr'><strong>(si</strong></span> <span class='ocrx_word' id='word_1_198' title='bbox 472 2209 588 2238; x_wconf 90' lang='lat' dir='ltr'><strong>tamen</strong></span> <span class='ocrx_word' id='word_1_199' title='bbox 604 2203 688 2236; x_wconf 92' lang='lat' dir='ltr'><strong>illud</strong></span> <span class='ocrx_word' id='word_1_200' title='bbox 704 2203 828 2246; x_wconf 68' lang='lat' dir='ltr'><strong>poema</strong></span> 
     </span>
     <span class='ocr_line' id='line_1_39' title="bbox 109 2255 828 2299; baseline -0.007 -8"><span class='ocrx_word' id='word_1_201' title='bbox 109 2258 255 2292; x_wconf 86' lang='lat' dir='ltr'><strong>Homeri</strong></span> <span class='ocrx_word' id='word_1_202' title='bbox 264 2261 338 2291; x_wconf 84' lang='lat' dir='ltr'><strong>est:</strong></span> <span class='ocrx_word' id='word_1_203' title='bbox 355 2261 453 2290; x_wconf 87' lang='lat' dir='ltr'><strong>certe</strong></span> <span class='ocrx_word' id='word_1_204' title='bbox 463 2255 736 2299; x_wconf 85' lang='lat' dir='ltr'><strong>antiquissimum</strong></span> <span class='ocrx_word' id='word_1_205' title='bbox 747 2255 828 2297; x_wconf 85' lang='lat' dir='ltr'><strong>est,)</strong></span> 
     </span>
     <span class='ocr_line' id='line_1_40' title="bbox 111 2307 827 2353; baseline -0.007 -10"><span class='ocrx_word' id='word_1_206' title='bbox 111 2315 150 2344; x_wconf 87' lang='lat' dir='ltr'><strong>et</strong></span> <span class='ocrx_word' id='word_1_207' title='bbox 162 2308 297 2353; x_wconf 70' lang='grc' dir='ltr'><strong>Ἓλόρια</strong></span> <span class='ocrx_word' id='word_1_208' title='bbox 310 2309 422 2352; x_wconf 88' lang='lat' dir='ltr'><strong>primo</strong></span> <span class='ocrx_word' id='word_1_209' title='bbox 438 2307 579 2341; x_wconf 84' lang='lat' dir='ltr'><strong>Iliados.</strong></span> <span class='ocrx_word' id='word_1_210' title='bbox 623 2307 754 2340; x_wconf 81' lang='lat' dir='ltr'><strong>Contra</strong></span> <span class='ocrx_word' id='word_1_211' title='bbox 769 2316 827 2339; x_wconf 88' lang='lat' dir='ltr'><strong>an-</strong></span> 
     </span>
     <span class='ocr_line' id='line_1_41' title="bbox 110 2357 825 2402; baseline -0.007 -8"><span class='ocrx_word' id='word_1_212' title='bbox 110 2364 183 2393; x_wconf 85' lang='lat' dir='ltr'><strong>tem</strong></span> <span class='ocrx_word' id='word_1_213' title='bbox 198 2360 268 2394; x_wconf 89' lang='lat' dir='ltr'><strong>duo</strong></span> <span class='ocrx_word' id='word_1_214' title='bbox 290 2361 349 2393; x_wconf 77' lang='lat' dir='ltr'><strong>LI.</strong></span> <span class='ocrx_word' id='word_1_215' title='bbox 373 2359 505 2402; x_wconf 84' lang='lat' dir='ltr'><strong>corripi</strong></span> <span class='ocrx_word' id='word_1_216' title='bbox 529 2357 623 2401; x_wconf 82' lang='lat' dir='ltr'><strong>apud</strong></span> <span class='ocrx_word' id='word_1_217' title='bbox 646 2357 825 2390; x_wconf 88' lang='lat' dir='ltr'><strong>Comicum</strong></span> 
     </span>
     <span class='ocr_line' id='line_1_42' title="bbox 108 2408 824 2453; baseline -0.004 -9"><span class='ocrx_word' id='word_1_218' title='bbox 108 2411 145 2444; x_wconf 88' lang='lat' dir='ltr'><strong>in</strong></span> <span class='ocrx_word' id='word_1_219' title='bbox 161 2411 243 2445; x_wconf 89' lang='lat' dir='ltr'><strong>sede</strong></span> <span class='ocrx_word' id='word_1_220' title='bbox 268 2421 338 2444; x_wconf 90' lang='lat' dir='ltr'><strong>non</strong></span> <span class='ocrx_word' id='word_1_221' title='bbox 362 2410 524 2453; x_wconf 79' lang='lat' dir='ltr'><strong>ambigua</strong></span> <span class='ocrx_word' id='word_1_222' title='bbox 550 2409 635 2451; x_wconf 87' lang='lat' dir='ltr'><strong>scio,</strong></span> <span class='ocrx_word' id='word_1_223' title='bbox 658 2413 708 2451; x_wconf 92' lang='lat' dir='ltr'><strong>et,</strong></span> <span class='ocrx_word' id='word_1_224' title='bbox 731 2408 824 2451; x_wconf 90' lang='lat' dir='ltr'><strong>quod</strong></span> 
     </span>
     <span class='ocr_line' id='line_1_43' title="bbox 109 2459 824 2506; baseline -0.007 -10"><span class='ocrx_word' id='word_1_225' title='bbox 109 2471 210 2506; x_wconf 64' lang='lat' dir='ltr'><strong>nque</strong></span> <span class='ocrx_word' id='word_1_226' title='bbox 224 2461 428 2495; x_wconf 86' lang='lat' dir='ltr'><strong>incredibile</strong></span> <span class='ocrx_word' id='word_1_227' title='bbox 443 2460 617 2502; x_wconf 86' lang='lat' dir='ltr'><strong>videatur,</strong></span> <span class='ocrx_word' id='word_1_228' title='bbox 640 2460 673 2492; x_wconf 84' lang='lat' dir='ltr'>N</span> <span class='ocrx_word' id='word_1_229' title='bbox 690 2462 728 2492; x_wconf 88' lang='lat' dir='ltr'><strong>et</strong></span> <span class='ocrx_word' id='word_1_230' title='bbox 741 2459 774 2491; x_wconf 87' lang='lat' dir='ltr'>T</span> <span class='ocrx_word' id='word_1_231' title='bbox 788 2459 824 2492; x_wconf 92' lang='lat' dir='ltr'><strong>in</strong></span> 
     </span>
     <span class='ocr_line' id='line_1_44' title="bbox 108 2510 825 2556; baseline -0.007 -9"><span class='ocrx_word' id='word_1_232' title='bbox 108 2513 229 2547; x_wconf 76' lang='lat' dir='ltr'><strong>eadem</strong></span> <span class='ocrx_word' id='word_1_233' title='bbox 252 2513 387 2556; x_wconf 83' lang='lat' dir='ltr'><strong>syllaba</strong></span> <span class='ocrx_word' id='word_1_234' title='bbox 412 2510 651 2553; x_wconf 78' lang='lat' dir='ltr'><strong>corripiebant</strong></span> <span class='ocrx_word' id='word_1_235' title='bbox 674 2514 825 2552; x_wconf 83' lang='lat' dir='ltr'><strong>veteres,</strong></span> 
     </span>
     <span class='ocr_line' id='line_1_45' title="bbox 106 2560 825 2603; baseline -0.008 -5"><span class='ocrx_word' id='word_1_236' title='bbox 106 2564 195 2598; x_wconf 85' lang='lat' dir='ltr'><strong>utin</strong></span> <span class='ocrx_word' id='word_1_237' title='bbox 209 2565 220 2583; x_wconf 75' lang='lat'>⁸</span> <span class='ocrx_word' id='word_1_238' title='bbox 230 2562 440 2598; x_wconf 80' lang='lat' dir='ltr'><strong>Trecentos’</strong></span> <span class='ocrx_word' id='word_1_239' title='bbox 457 2565 495 2595; x_wconf 89' lang='lat' dir='ltr'><strong>et</strong></span> <span class='ocrx_word' id='word_1_240' title='bbox 509 2562 520 2580; x_wconf 90' lang='lat'>‘</span> <span class='ocrx_word' id='word_1_241' title='bbox 531 2561 713 2594; x_wconf 86' lang='lat' dir='ltr'><strong>Trecentis</strong></span> <span class='ocrx_word' id='word_1_242' title='bbox 722 2560 732 2575; x_wconf 90' lang='lat'>’</span> <span class='ocrx_word' id='word_1_243' title='bbox 747 2570 825 2603; x_wconf 89' lang='lat' dir='ltr'><strong>pro-</strong></span> 
     </span>
     <span class='ocr_line' id='line_1_46' title="bbox 108 2612 821 2658; baseline -0.004 -10"><span class='ocrx_word' id='word_1_244' title='bbox 108 2614 187 2648; x_wconf 81' lang='lat' dir='ltr'><strong>bari</strong></span> <span class='ocrx_word' id='word_1_245' title='bbox 201 2619 321 2658; x_wconf 86' lang='lat' dir='ltr'><strong>potest</strong></span> <span class='ocrx_word' id='word_1_246' title='bbox 347 2614 440 2657; x_wconf 83' lang='lat' dir='ltr'><strong>apud</strong></span> <span class='ocrx_word' id='word_1_247' title='bbox 465 2617 621 2646; x_wconf 81' lang='lat' dir='ltr'><strong>veterem</strong></span> <span class='ocrx_word' id='word_1_248' title='bbox 638 2612 821 2646; x_wconf 88' lang='lat' dir='ltr'><strong>comicum.</strong></span> 
     </span>
     <span class='ocr_line' id='line_1_47' title="bbox 109 2664 823 2707; baseline -0.004 -8"><span class='ocrx_word' id='word_1_249' title='bbox 109 2666 226 2700; x_wconf 71' lang='lat' dir='ltr'><strong>Faber.</strong></span> <span class='ocrx_word' id='word_1_250' title='bbox 270 2665 391 2698; x_wconf 85' lang='lat' dir='ltr'><strong>Media</strong></span> <span class='ocrx_word' id='word_1_251' title='bbox 411 2665 467 2698; x_wconf 90' lang='lat' dir='ltr'><strong>hic</strong></span> <span class='ocrx_word' id='word_1_252' title='bbox 482 2664 686 2707; x_wconf 90' lang='lat' dir='ltr'><strong>producitur</strong></span> <span class='ocrx_word' id='word_1_253' title='bbox 700 2667 823 2697; x_wconf 89' lang='lat' dir='ltr'><strong>contra</strong></span> 
     </span>
     <span class='ocr_line' id='line_1_48' title="bbox 108 2717 822 2761; baseline 0 -10"><span class='ocrx_word' id='word_1_254' title='bbox 108 2718 204 2760; x_wconf 74' lang='lat' dir='ltr'><strong>vulgi</strong></span> <span class='ocrx_word' id='word_1_255' title='bbox 213 2718 498 2754; x_wconf 86' lang='lat' dir='ltr'><strong>consuetudinem</strong></span> <span class='ocrx_word' id='word_1_256' title='bbox 511 2718 555 2751; x_wconf 89' lang='lat' dir='ltr'><strong>ob</strong></span> <span class='ocrx_word' id='word_1_257' title='bbox 568 2717 732 2761; x_wconf 82' lang='lat' dir='ltr'><strong>liquidam</strong></span> <span class='ocrx_word' id='word_1_258' title='bbox 743 2727 822 2755; x_wconf 87' lang='lat' dir='ltr'><strong>con-</strong></span> 
     </span>
     <span class='ocr_line' id='line_1_49' title="bbox 109 2768 822 2813; baseline -0.001 -11"><span class='ocrx_word' id='word_1_259' title='bbox 109 2773 321 2811; x_wconf 83' lang='lat' dir='ltr'><strong>currentem,</strong></span> <span class='ocrx_word' id='word_1_260' title='bbox 336 2770 379 2802; x_wconf 88' lang='lat' dir='ltr'><strong>de</strong></span> <span class='ocrx_word' id='word_1_261' title='bbox 395 2779 463 2813; x_wconf 87' lang='lat' dir='ltr'><strong>quo</strong></span> <span class='ocrx_word' id='word_1_262' title='bbox 489 2769 638 2802; x_wconf 85' lang='lat' dir='ltr'><strong>Fabrum</strong></span> <span class='ocrx_word' id='word_1_263' title='bbox 661 2768 743 2801; x_wconf 87' lang='lat' dir='ltr'><strong>vide</strong></span> <span class='ocrx_word' id='word_1_264' title='bbox 757 2769 822 2802; x_wconf 91' lang='lat' dir='ltr'><strong>hoc</strong></span> 
     </span>
     <span class='ocr_line' id='line_1_50' title="bbox 109 2819 821 2863; baseline 0 -10"><span class='ocrx_word' id='word_1_265' title='bbox 109 2820 197 2854; x_wconf 88' lang='lat' dir='ltr'><strong>loco.</strong></span> <span class='ocrx_word' id='word_1_266' title='bbox 221 2819 403 2854; x_wconf 74' lang='lat' dir='ltr'><strong>Prascliius</strong></span> <span class='ocrx_word' id='word_1_267' title='bbox 417 2821 554 2855; x_wconf 84' lang='lat' dir='ltr'><strong>literam</strong></span> <span class='ocrx_word' id='word_1_268' title='bbox 567 2830 642 2855; x_wconf 83' lang='lat' dir='ltr'><strong>eam</strong></span> <span class='ocrx_word' id='word_1_269' title='bbox 657 2820 821 2863; x_wconf 84' lang='lat' dir='ltr'><strong>geminat,</strong></span> 
     </span>
    </p>
   </div>
   <div class='ocr_carea' id='block_1_3' title="bbox 1526 196 1611 240">
    <p class='ocr_par' dir='ltr' id='par_1_6' title="bbox 1526 196 1611 240">
     <span class='ocr_line' id='line_1_51' title="bbox 1526 196 1611 240; baseline -0.024 1"><span class='ocrx_word' id='word_1_270' title='bbox 1526 196 1611 240; x_wconf 82' lang='lat'><strong>541</strong></span> 
     </span>
    </p>
   </div>
   <div class='ocr_carea' id='block_1_4' title="bbox 872 302 1642 2659">
    <p class='ocr_par' dir='ltr' id='par_1_7' title="bbox 890 302 1642 759">
     <span class='ocr_line' id='line_1_52' title="bbox 892 302 1610 351; baseline -0.01 -9"><span class='ocrx_word' id='word_1_271' title='bbox 892 307 1028 351; x_wconf 75' lang='lat' dir='ltr'><strong>absque</strong></span> <span class='ocrx_word' id='word_1_272' title='bbox 1039 306 1206 340; x_wconf 85' lang='lat' dir='ltr'><strong>librorum</strong></span> <span class='ocrx_word' id='word_1_273' title='bbox 1221 303 1449 338; x_wconf 84' lang='lat' dir='ltr'><strong>auctoritate.</strong></span> <span class='ocrx_word' id='word_1_274' title='bbox 1493 302 1548 336; x_wconf 87' lang='lat' dir='ltr'><strong>De</strong></span> <span class='ocrx_word' id='word_1_275' title='bbox 1564 303 1610 336; x_wconf 89' lang='lat' dir='ltr'><strong>si·</strong></span> 
     </span>
     <span class='ocr_line' id='line_1_53' title="bbox 893 354 1612 400; baseline -0.007 -8"><span class='ocrx_word' id='word_1_276' title='bbox 893 369 952 400; x_wconf 89' lang='lat' dir='ltr'><strong>nn,</strong></span> <span class='ocrx_word' id='word_1_277' title='bbox 966 359 1053 392; x_wconf 86' lang='lat' dir='ltr'><strong>alias</strong></span> <span class='ocrx_word' id='word_1_278' title='bbox 1067 361 1204 391; x_wconf 86' lang='lat' dir='ltr'><strong>sacrata</strong></span> <span class='ocrx_word' id='word_1_279' title='bbox 1219 355 1374 399; x_wconf 75' lang='lat' dir='ltr'><strong>Cybelae,</strong></span> <span class='ocrx_word' id='word_1_280' title='bbox 1396 354 1476 388; x_wconf 89' lang='lat' dir='ltr'><strong>vide</strong></span> <span class='ocrx_word' id='word_1_281' title='bbox 1489 355 1612 388; x_wconf 90' lang='lat' dir='ltr'><strong>Meur-</strong></span> 
     </span>
     <span class='ocr_line' id='line_1_54' title="bbox 893 407 1608 447; baseline -0.006 -4"><span class='ocrx_word' id='word_1_282' title='bbox 893 411 934 444; x_wconf 88' lang='lat' dir='ltr'><strong>sii</strong></span> <span class='ocrx_word' id='word_1_283' title='bbox 961 410 1171 443; x_wconf 85' lang='lat' dir='ltr'><strong>Arboretum</strong></span> <span class='ocrx_word' id='word_1_284' title='bbox 1196 418 1333 441; x_wconf 86' lang='lat' dir='ltr'><strong>sacrum</strong></span> <span class='ocrx_word' id='word_1_285' title='bbox 1357 417 1389 442; x_wconf 89' lang='lat' dir='ltr'><strong>c.</strong></span> <span class='ocrx_word' id='word_1_286' title='bbox 1411 410 1465 441; x_wconf 84' lang='lat'><strong>15.</strong></span> <span class='ocrx_word' id='word_1_287' title='bbox 1501 407 1608 447; x_wconf 77' lang='lat' dir='ltr'><strong>Sches.</strong></span> 
     </span>
     <span class='ocr_line' id='line_1_55' title="bbox 891 458 1610 503; baseline -0.003 -8"><span class='ocrx_word' id='word_1_288' title='bbox 891 461 963 496; x_wconf 86' lang='lat' dir='ltr'><strong>Sed</strong></span> <span class='ocrx_word' id='word_1_289' title='bbox 978 466 1015 495; x_wconf 85' lang='lat' dir='ltr'><strong>et</strong></span> <span class='ocrx_word' id='word_1_290' title='bbox 1029 461 1115 495; x_wconf 87' lang='lat' dir='ltr'><strong>Ant.</strong></span> <span class='ocrx_word' id='word_1_291' title='bbox 1135 459 1351 503; x_wconf 81' lang='lat' dir='ltr'><strong>Augustinus</strong></span> <span class='ocrx_word' id='word_1_292' title='bbox 1377 458 1446 492; x_wconf 84' lang='lat' dir='ltr'><strong>fine</strong></span> <span class='ocrx_word' id='word_1_293' title='bbox 1463 459 1610 502; x_wconf 80' lang='lat' dir='ltr'><strong>Dialogi</strong></span> 
     </span>
     <span class='ocr_line' id='line_1_56' title="bbox 892 509 1610 552; baseline -0.007 -5"><span class='ocrx_word' id='word_1_294' title='bbox 892 522 943 547; x_wconf 82' lang='lat' dir='ltr'><strong>vr.</strong></span> <span class='ocrx_word' id='word_1_295' title='bbox 953 513 998 546; x_wconf 90' lang='lat' dir='ltr'><strong>de</strong></span> <span class='ocrx_word' id='word_1_296' title='bbox 1007 514 1042 546; x_wconf 92' lang='lat' dir='ltr'>N</span> <span class='ocrx_word' id='word_1_297' title='bbox 1044 511 1166 545; x_wconf 89' lang='lat' dir='ltr'><strong>ummis</strong></span> <span class='ocrx_word' id='word_1_298' title='bbox 1175 512 1356 552; x_wconf 85' lang='lat' dir='ltr'><strong>Veterum,</strong></span> <span class='ocrx_word' id='word_1_299' title='bbox 1367 509 1527 543; x_wconf 79' lang='lat' dir='ltr'><strong>fortassis</strong></span> <span class='ocrx_word' id='word_1_300' title='bbox 1539 520 1610 543; x_wconf 90' lang='lat' dir='ltr'><strong>me-</strong></span> 
     </span>
     <span class='ocr_line' id='line_1_57' title="bbox 891 561 1642 604; baseline -0.001 -6"><span class='ocrx_word' id='word_1_301' title='bbox 891 565 1009 598; x_wconf 82' lang='lat' dir='ltr'><strong>moriae</strong></span> <span class='ocrx_word' id='word_1_302' title='bbox 1033 563 1133 604; x_wconf 81' lang='lat' dir='ltr'><strong>vitio,</strong></span> <span class='ocrx_word' id='word_1_303' title='bbox 1157 561 1269 596; x_wconf 84' lang='lat' dir='ltr'><strong>refert</strong></span> <span class='ocrx_word' id='word_1_304' title='bbox 1295 562 1475 604; x_wconf 83' lang='lat' dir='ltr'><strong>scripsisse</strong></span> <span class='ocrx_word' id='word_1_305' title='bbox 1505 562 1610 595; x_wconf 74' lang='lat' dir='ltr'>1²11ae-</span> <span class='ocrx_word' id='word_1_306' title='bbox 1627 579 1642 597; x_wconf 70' lang='grc' dir='ltr'><strong>ο</strong></span> 
     </span>
     <span class='ocr_line' id='line_1_58' title="bbox 890 612 1610 656; baseline -0.006 -8"><span class='ocrx_word' id='word_1_307' title='bbox 890 616 1004 656; x_wconf 85' lang='lat' dir='ltr'><strong>drum,</strong></span> <span class='ocrx_word' id='word_1_308' title='bbox 1031 615 1153 648; x_wconf 78' lang='lat' dir='ltr'><strong>Pinum</strong></span> <span class='ocrx_word' id='word_1_309' title='bbox 1174 614 1338 656; x_wconf 73' lang='lat' dir='ltr'><strong>Neptuno.</strong></span> <span class='ocrx_word' id='word_1_310' title='bbox 1381 612 1524 654; x_wconf 75' lang='lat' dir='ltr'><strong>Cybelae</strong></span> <span class='ocrx_word' id='word_1_311' title='bbox 1547 612 1610 645; x_wconf 88' lang='lat' dir='ltr'><strong>tri-</strong></span> 
     </span>
     <span class='ocr_line' id='line_1_59' title="bbox 890 664 1607 699; baseline -0.004 0"><span class='ocrx_word' id='word_1_312' title='bbox 890 665 968 699; x_wconf 88' lang='lat' dir='ltr'><strong>buit</strong></span> <span class='ocrx_word' id='word_1_313' title='bbox 982 670 1021 699; x_wconf 91' lang='lat' dir='ltr'><strong>et</strong></span> <span class='ocrx_word' id='word_1_314' title='bbox 1035 666 1143 698; x_wconf 84' lang='lat' dir='ltr'><strong>Mart.</strong></span> <span class='ocrx_word' id='word_1_315' title='bbox 1161 673 1248 698; x_wconf 83' lang='lat' dir='ltr'><strong>xm.</strong></span> <span class='ocrx_word' id='word_1_316' title='bbox 1262 667 1316 697; x_wconf 82' lang='lat'><strong>25.</strong></span> <span class='ocrx_word' id='word_1_317' title='bbox 1340 664 1351 682; x_wconf 88' lang='lat'>‘</span> <span class='ocrx_word' id='word_1_318' title='bbox 1364 664 1475 697; x_wconf 88' lang='lat' dir='ltr'><strong>Poma</strong></span> <span class='ocrx_word' id='word_1_319' title='bbox 1490 672 1607 696; x_wconf 90' lang='lat' dir='ltr'><strong>sumus</strong></span> 
     </span>
     <span class='ocr_line' id='line_1_60' title="bbox 890 713 1607 759; baseline -0.006 -9"><span class='ocrx_word' id='word_1_320' title='bbox 890 715 1067 759; x_wconf 65' lang='lat' dir='ltr'><strong>Cybeles!</strong></span> <span class='ocrx_word' id='word_1_321' title='bbox 1083 716 1232 749; x_wconf 77' lang='lat' dir='ltr'><strong>Freinsh.</strong></span> <span class='ocrx_word' id='word_1_322' title='bbox 1269 715 1360 748; x_wconf 87' lang='lat' dir='ltr'><strong>Vide</strong></span> <span class='ocrx_word' id='word_1_323' title='bbox 1371 719 1472 747; x_wconf 85' lang='lat' dir='ltr'><strong>notas</strong></span> <span class='ocrx_word' id='word_1_324' title='bbox 1485 713 1607 747; x_wconf 86' lang='lat' dir='ltr'><strong>Gndii.</strong></span> 
     </span>
    </p>

    <p class='ocr_par' dir='ltr' id='par_1_8' title="bbox 877 764 1607 2248">
     <span class='ocr_line' id='line_1_61' title="bbox 931 764 1607 809; baseline -0.004 -9"><span class='ocrx_word' id='word_1_325' title='bbox 931 767 1035 800; x_wconf 77' lang='lat' dir='ltr'><strong>Pinus</strong></span> <span class='ocrx_word' id='word_1_326' title='bbox 1050 766 1179 809; x_wconf 79' lang='lat' dir='ltr'><strong>Cybele]</strong></span> <span class='ocrx_word' id='word_1_327' title='bbox 1209 766 1325 799; x_wconf 85' lang='lat' dir='ltr'><strong>Snave</strong></span> <span class='ocrx_word' id='word_1_328' title='bbox 1354 769 1423 806; x_wconf 86' lang='lat' dir='ltr'><strong>est,</strong></span> <span class='ocrx_word' id='word_1_329' title='bbox 1449 764 1542 808; x_wconf 91' lang='lat' dir='ltr'><strong>quod</strong></span> <span class='ocrx_word' id='word_1_330' title='bbox 1570 766 1607 798; x_wconf 86' lang='lat' dir='ltr'><strong>in</strong></span> 
     </span>
     <span class='ocr_line' id='line_1_62' title="bbox 888 818 1606 862; baseline -0.004 -10"><span class='ocrx_word' id='word_1_331' title='bbox 888 823 960 852; x_wconf 81' lang='lat' dir='ltr'><strong>vet.</strong></span> <span class='ocrx_word' id='word_1_332' title='bbox 981 818 1090 860; x_wconf 89' lang='lat' dir='ltr'><strong>libris,</strong></span> <span class='ocrx_word' id='word_1_333' title='bbox 1102 827 1188 862; x_wconf 88' lang='lat' dir='ltr'><strong>quos</strong></span> <span class='ocrx_word' id='word_1_334' title='bbox 1201 818 1354 850; x_wconf 86' lang='lat' dir='ltr'><strong>habuere</strong></span> <span class='ocrx_word' id='word_1_335' title='bbox 1381 818 1548 850; x_wconf 90' lang='lat' dir='ltr'><strong>Perottus</strong></span> <span class='ocrx_word' id='word_1_336' title='bbox 1568 820 1606 849; x_wconf 92' lang='lat' dir='ltr'><strong>et</strong></span> 
     </span>
     <span class='ocr_line' id='line_1_63' title="bbox 889 866 1606 911; baseline -0.006 -8"><span class='ocrx_word' id='word_1_337' title='bbox 889 870 1056 910; x_wconf 61' lang='lat' dir='ltr'><strong>FaErnns,</strong></span> <span class='ocrx_word' id='word_1_338' title='bbox 1083 871 1280 911; x_wconf 76' lang='lat' dir='ltr'><strong>legeretur:</strong></span> <span class='ocrx_word' id='word_1_339' title='bbox 1319 868 1426 901; x_wconf 78' lang='lat' dir='ltr'><strong>Pinus</strong></span> <span class='ocrx_word' id='word_1_340' title='bbox 1450 877 1489 910; x_wconf 77' lang='lat' dir='ltr'><strong>ey</strong></span> <span class='ocrx_word' id='word_1_341' title='bbox 1518 866 1606 907; x_wconf 69' lang='grc' dir='ltr'><strong><em>δεῦε,</em></strong></span> 
     </span>
     <span class='ocr_line' id='line_1_64' title="bbox 888 918 1604 965; baseline -0.004 -11"><span class='ocrx_word' id='word_1_342' title='bbox 888 921 1039 965; x_wconf 69' lang='lat' dir='ltr'><strong>Neptuno</strong></span> <span class='ocrx_word' id='word_1_343' title='bbox 1064 921 1199 964; x_wconf 74' lang='lat' dir='ltr'><strong>populus</strong></span> <span class='ocrx_word' id='word_1_344' title='bbox 1226 920 1307 952; x_wconf 68' lang='lat' dir='ltr'><strong>ceba</strong></span> <span class='ocrx_word' id='word_1_345' title='bbox 1338 919 1488 953; x_wconf 72' lang='lat' dir='ltr'><strong>Herculi.</strong></span> <span class='ocrx_word' id='word_1_346' title='bbox 1545 918 1604 952; x_wconf 90' lang='lat' dir='ltr'><strong>Illi</strong></span> 
     </span>
     <span class='ocr_line' id='line_1_65' title="bbox 887 973 1605 1016; baseline -0.008 -5"><span class='ocrx_word' id='word_1_347' title='bbox 887 987 965 1011; x_wconf 91' lang='lat' dir='ltr'><strong>cnm</strong></span> <span class='ocrx_word' id='word_1_348' title='bbox 989 975 1131 1010; x_wconf 78' lang='lat' dir='ltr'><strong>Phoedri</strong></span> <span class='ocrx_word' id='word_1_349' title='bbox 1145 976 1206 1008; x_wconf 85' lang='lat' dir='ltr'><strong>hos</strong></span> <span class='ocrx_word' id='word_1_350' title='bbox 1222 984 1342 1007; x_wconf 85' lang='lat' dir='ltr'><strong>versus</strong></span> <span class='ocrx_word' id='word_1_351' title='bbox 1357 983 1422 1016; x_wconf 91' lang='lat' dir='ltr'><strong>pro</strong></span> <span class='ocrx_word' id='word_1_352' title='bbox 1437 973 1506 1006; x_wconf 75' lang='lat' dir='ltr'><strong>suis</strong></span> <span class='ocrx_word' id='word_1_353' title='bbox 1521 982 1605 1006; x_wconf 85' lang='lat' dir='ltr'><strong>ven-</strong></span> 
     </span>
     <span class='ocr_line' id='line_1_66' title="bbox 886 1024 1603 1070; baseline -0.01 -8"><span class='ocrx_word' id='word_1_354' title='bbox 886 1028 1054 1069; x_wconf 88' lang='lat' dir='ltr'><strong>ditarent,</strong></span> <span class='ocrx_word' id='word_1_355' title='bbox 1077 1036 1194 1070; x_wconf 91' lang='lat' dir='ltr'><strong>neque</strong></span> <span class='ocrx_word' id='word_1_356' title='bbox 1208 1025 1447 1068; x_wconf 83' lang='lat' dir='ltr'><strong>intelligerent</strong></span> <span class='ocrx_word' id='word_1_357' title='bbox 1462 1024 1549 1056; x_wconf 88' lang='lat' dir='ltr'><strong>illud</strong></span> <span class='ocrx_word' id='word_1_358' title='bbox 1565 1034 1603 1067; x_wconf 75' lang='lat' dir='ltr'><strong>cy</strong></span> 
     </span>
     <span class='ocr_line' id='line_1_67' title="bbox 886 1075 1605 1120; baseline -0.007 -7"><span class='ocrx_word' id='word_1_359' title='bbox 886 1079 970 1120; x_wconf 83' lang='lat' dir='ltr'><strong>bebe,</strong></span> <span class='ocrx_word' id='word_1_360' title='bbox 984 1078 1222 1112; x_wconf 86' lang='lat' dir='ltr'><strong>attribuerunt</strong></span> <span class='ocrx_word' id='word_1_361' title='bbox 1235 1076 1322 1109; x_wconf 91' lang='lat' dir='ltr'><strong>illud</strong></span> <span class='ocrx_word' id='word_1_362' title='bbox 1336 1077 1499 1118; x_wconf 66' lang='lat' dir='ltr'><strong>Neptuno.</strong></span> <span class='ocrx_word' id='word_1_363' title='bbox 1532 1075 1605 1109; x_wconf 87' lang='lat' dir='ltr'><strong>Ita-</strong></span> 
     </span>
     <span class='ocr_line' id='line_1_68' title="bbox 885 1127 1604 1174; baseline -0.007 -11"><span class='ocrx_word' id='word_1_364' title='bbox 885 1140 954 1174; x_wconf 88' lang='lat' dir='ltr'><strong>que</strong></span> <span class='ocrx_word' id='word_1_365' title='bbox 965 1131 1150 1163; x_wconf 88' lang='lat' dir='ltr'><strong>Perottus:</strong></span> <span class='ocrx_word' id='word_1_366' title='bbox 1178 1128 1278 1161; x_wconf 82' lang='lat' dir='ltr'><strong>Pinus</strong></span> <span class='ocrx_word' id='word_1_367' title='bbox 1290 1128 1448 1170; x_wconf 78' lang='lat' dir='ltr'><strong>Neptuno,</strong></span> <span class='ocrx_word' id='word_1_368' title='bbox 1458 1127 1604 1169; x_wconf 76' lang='lat' dir='ltr'><strong>populus,</strong></span> 
     </span>
     <span class='ocr_line' id='line_1_69' title="bbox 884 1177 1602 1225; baseline -0.008 -9"><span class='ocrx_word' id='word_1_369' title='bbox 884 1185 938 1225; x_wconf 60' lang='grc' dir='ltr'><strong>ὅτ.</strong></span> <span class='ocrx_word' id='word_1_370' title='bbox 989 1181 1146 1215; x_wconf 64' lang='lat' dir='ltr'><strong>Faernus</strong></span> <span class='ocrx_word' id='word_1_371' title='bbox 1176 1189 1247 1212; x_wconf 87' lang='lat' dir='ltr'><strong>non</strong></span> <span class='ocrx_word' id='word_1_372' title='bbox 1276 1183 1348 1212; x_wconf 88' lang='lat' dir='ltr'><strong>tam</strong></span> <span class='ocrx_word' id='word_1_373' title='bbox 1377 1177 1602 1221; x_wconf 89' lang='lat' dir='ltr'><strong>impudenter</strong></span> 
     </span>
     <span class='ocr_line' id='line_1_70' title="bbox 884 1229 1602 1266; baseline -0.007 0"><span class='ocrx_word' id='word_1_374' title='bbox 884 1232 1043 1266; x_wconf 84' lang='lat' dir='ltr'><strong>furatus:</strong></span> <span class='ocrx_word' id='word_1_375' title='bbox 1066 1233 1077 1252; x_wconf 72' lang='lat'><strong><em>⁴</em></strong></span> <span class='ocrx_word' id='word_1_376' title='bbox 1092 1232 1220 1265; x_wconf 88' lang='lat' dir='ltr'><strong>Pinum</strong></span> <span class='ocrx_word' id='word_1_377' title='bbox 1246 1229 1379 1263; x_wconf 92' lang='lat' dir='ltr'><strong>humidi</strong></span> <span class='ocrx_word' id='word_1_378' title='bbox 1402 1229 1602 1262; x_wconf 84' lang='lat' dir='ltr'><strong>tridentifer</strong></span> 
     </span>
     <span class='ocr_line' id='line_1_71' title="bbox 883 1281 1602 1324; baseline -0.004 -6"><span class='ocrx_word' id='word_1_379' title='bbox 883 1289 1002 1318; x_wconf 86' lang='lat' dir='ltr'><strong>rector</strong></span> <span class='ocrx_word' id='word_1_380' title='bbox 1016 1283 1105 1317; x_wconf 64' lang='lat' dir='ltr'><strong>sali?</strong></span> <span class='ocrx_word' id='word_1_381' title='bbox 1148 1283 1294 1316; x_wconf 82' lang='lat' dir='ltr'><strong>Scilicet</strong></span> <span class='ocrx_word' id='word_1_382' title='bbox 1308 1281 1456 1324; x_wconf 88' lang='lat' dir='ltr'><strong>arripnit</strong></span> <span class='ocrx_word' id='word_1_383' title='bbox 1470 1282 1602 1324; x_wconf 82' lang='lat' dir='ltr'><strong>glosse-</strong></span> 
     </span>
     <span class='ocr_line' id='line_1_72' title="bbox 883 1333 1601 1377; baseline -0.004 -9"><span class='ocrx_word' id='word_1_384' title='bbox 883 1345 941 1368; x_wconf 91' lang='lat' dir='ltr'><strong>ma</strong></span> <span class='ocrx_word' id='word_1_385' title='bbox 968 1335 1055 1368; x_wconf 86' lang='lat' dir='ltr'><strong>illud</strong></span> <span class='ocrx_word' id='word_1_386' title='bbox 1086 1335 1244 1377; x_wconf 76' lang='lat' dir='ltr'><strong>Neptuno.</strong></span> <span class='ocrx_word' id='word_1_387' title='bbox 1298 1333 1387 1366; x_wconf 89' lang='lat' dir='ltr'><strong>Cum</strong></span> <span class='ocrx_word' id='word_1_388' title='bbox 1417 1337 1534 1365; x_wconf 88' lang='lat' dir='ltr'><strong>autem</strong></span> <span class='ocrx_word' id='word_1_389' title='bbox 1564 1333 1601 1366; x_wconf 91' lang='lat' dir='ltr'><strong>in</strong></span> 
     </span>
     <span class='ocr_line' id='line_1_73' title="bbox 883 1384 1600 1429; baseline -0.007 -9"><span class='ocrx_word' id='word_1_390' title='bbox 883 1388 972 1420; x_wconf 89' lang='lat' dir='ltr'><strong>Mss.</strong></span> <span class='ocrx_word' id='word_1_391' title='bbox 989 1387 1128 1429; x_wconf 84' lang='lat' dir='ltr'><strong>legatur</strong></span> <span class='ocrx_word' id='word_1_392' title='bbox 1154 1385 1233 1418; x_wconf 76' lang='lat' dir='ltr'><strong>Cibe</strong></span> <span class='ocrx_word' id='word_1_393' title='bbox 1257 1384 1307 1425; x_wconf 87' lang='lat' dir='ltr'><strong>be,</strong></span> <span class='ocrx_word' id='word_1_394' title='bbox 1330 1384 1515 1427; x_wconf 83' lang='lat' dir='ltr'><strong>legendum</strong></span> <span class='ocrx_word' id='word_1_395' title='bbox 1531 1387 1600 1425; x_wconf 91' lang='lat' dir='ltr'><strong>est,</strong></span> 
     </span>
     <span class='ocr_line' id='line_1_74' title="bbox 885 1435 1601 1480; baseline -0.004 -10"><span class='ocrx_word' id='word_1_396' title='bbox 885 1436 1021 1480; x_wconf 79' lang='lat' dir='ltr'><strong>Cybebe,</strong></span> <span class='ocrx_word' id='word_1_397' title='bbox 1035 1441 1076 1470; x_wconf 90' lang='lat' dir='ltr'><strong>ut</strong></span> <span class='ocrx_word' id='word_1_398' title='bbox 1089 1446 1132 1470; x_wconf 85' lang='lat' dir='ltr'><strong>ex</strong></span> <span class='ocrx_word' id='word_1_399' title='bbox 1149 1437 1219 1469; x_wconf 88' lang='lat' dir='ltr'><strong>Ms.</strong></span> <span class='ocrx_word' id='word_1_400' title='bbox 1246 1436 1345 1468; x_wconf 80' lang='lat' dir='ltr'><strong>Rem.</strong></span> <span class='ocrx_word' id='word_1_401' title='bbox 1361 1435 1547 1477; x_wconf 86' lang='lat' dir='ltr'><strong>colligitur,</strong></span> <span class='ocrx_word' id='word_1_402' title='bbox 1562 1439 1601 1468; x_wconf 89' lang='lat' dir='ltr'><strong>et</strong></span> 
     </span>
     <span class='ocr_line' id='line_1_75' title="bbox 881 1485 1602 1528; baseline -0.004 -8"><span class='ocrx_word' id='word_1_403' title='bbox 881 1498 945 1521; x_wconf 88' lang='lat' dir='ltr'><strong>nos</strong></span> <span class='ocrx_word' id='word_1_404' title='bbox 956 1487 1048 1520; x_wconf 82' lang='lat' dir='ltr'><strong>infra</strong></span> <span class='ocrx_word' id='word_1_405' title='bbox 1058 1487 1102 1519; x_wconf 86' lang='lat' dir='ltr'><strong>ad</strong></span> <span class='ocrx_word' id='word_1_406' title='bbox 1114 1485 1189 1520; x_wconf 79' lang='lat' dir='ltr'><strong>fab.</strong></span> <span class='ocrx_word' id='word_1_407' title='bbox 1201 1487 1264 1519; x_wconf 90' lang='lat' dir='ltr'><strong>ult.</strong></span> <span class='ocrx_word' id='word_1_408' title='bbox 1278 1486 1376 1528; x_wconf 89' lang='lat' dir='ltr'><strong>hujus</strong></span> <span class='ocrx_word' id='word_1_409' title='bbox 1391 1485 1471 1518; x_wconf 87' lang='lat' dir='ltr'><strong>libri</strong></span> <span class='ocrx_word' id='word_1_410' title='bbox 1484 1489 1602 1518; x_wconf 86' lang='lat' dir='ltr'><strong>osten-</strong></span> 
     </span>
     <span class='ocr_line' id='line_1_76' title="bbox 881 1537 1600 1579; baseline -0.003 -7"><span class='ocrx_word' id='word_1_411' title='bbox 881 1539 1021 1579; x_wconf 79' lang='lat' dir='ltr'><strong>demus3</strong></span> <span class='ocrx_word' id='word_1_412' title='bbox 1044 1538 1135 1571; x_wconf 86' lang='lat' dir='ltr'><strong>male</strong></span> <span class='ocrx_word' id='word_1_413' title='bbox 1150 1537 1336 1571; x_wconf 83' lang='lat' dir='ltr'><strong>Salmasius</strong></span> <span class='ocrx_word' id='word_1_414' title='bbox 1347 1537 1392 1570; x_wconf 92' lang='lat' dir='ltr'><strong>ad</strong></span> <span class='ocrx_word' id='word_1_415' title='bbox 1406 1547 1503 1570; x_wconf 84' lang='lat' dir='ltr'><strong>oram</strong></span> <span class='ocrx_word' id='word_1_416' title='bbox 1517 1538 1600 1570; x_wconf 88' lang='lat' dir='ltr'><strong>libri</strong></span> 
     </span>
     <span class='ocr_line' id='line_1_77' title="bbox 881 1588 1599 1632; baseline -0.003 -9"><span class='ocrx_word' id='word_1_417' title='bbox 881 1591 934 1623; x_wconf 90' lang='lat' dir='ltr'><strong>sui</strong></span> <span class='ocrx_word' id='word_1_418' title='bbox 969 1590 1107 1623; x_wconf 85' lang='lat' dir='ltr'><strong>notavit</strong></span> <span class='ocrx_word' id='word_1_419' title='bbox 1140 1589 1328 1632; x_wconf 85' lang='lat' dir='ltr'><strong>legendum</strong></span> <span class='ocrx_word' id='word_1_420' title='bbox 1365 1588 1516 1631; x_wconf 69' lang='lat' dir='ltr'><strong>Cybelle,</strong></span> <span class='ocrx_word' id='word_1_421' title='bbox 1559 1593 1599 1621; x_wconf 91' lang='lat' dir='ltr'><strong>ut</strong></span> 
     </span>
     <span class='ocr_line' id='line_1_78' title="bbox 881 1638 1598 1682; baseline -0.003 -8"><span class='ocrx_word' id='word_1_422' title='bbox 881 1642 892 1660; x_wconf 94' lang='lat'>‘</span> <span class='ocrx_word' id='word_1_423' title='bbox 909 1641 990 1674; x_wconf 83' lang='lat' dir='ltr'><strong>AEra</strong></span> <span class='ocrx_word' id='word_1_424' title='bbox 1005 1640 1155 1674; x_wconf 88' lang='lat' dir='ltr'><strong>rotunda</strong></span> <span class='ocrx_word' id='word_1_425' title='bbox 1170 1638 1351 1682; x_wconf 81' lang='lat' dir='ltr'><strong>Cybellae.’</strong></span> <span class='ocrx_word' id='word_1_426' title='bbox 1393 1640 1521 1672; x_wconf 88' lang='lat' dir='ltr'><strong>Pinum</strong></span> <span class='ocrx_word' id='word_1_427' title='bbox 1537 1650 1598 1672; x_wconf 90' lang='lat' dir='ltr'><strong>au-</strong></span> 
     </span>
     <span class='ocr_line' id='line_1_79' title="bbox 881 1691 1596 1734; baseline -0.003 -8"><span class='ocrx_word' id='word_1_428' title='bbox 881 1697 950 1726; x_wconf 88' lang='lat' dir='ltr'><strong>tem</strong></span> <span class='ocrx_word' id='word_1_429' title='bbox 993 1701 1125 1725; x_wconf 80' lang='lat' dir='ltr'><strong>sacram</strong></span> <span class='ocrx_word' id='word_1_430' title='bbox 1160 1691 1269 1724; x_wconf 85' lang='lat' dir='ltr'><strong>fuisse</strong></span> <span class='ocrx_word' id='word_1_431' title='bbox 1306 1692 1449 1734; x_wconf 82' lang='lat' dir='ltr'><strong>Magnae</strong></span> <span class='ocrx_word' id='word_1_432' title='bbox 1485 1691 1596 1724; x_wconf 87' lang='lat' dir='ltr'><strong>Matri</strong></span> 
     </span>
     <span class='ocr_line' id='line_1_80' title="bbox 878 1742 1598 1786; baseline -0.003 -9"><span class='ocrx_word' id='word_1_433' title='bbox 878 1743 987 1777; x_wconf 90' lang='lat' dir='ltr'><strong>etiam</strong></span> <span class='ocrx_word' id='word_1_434' title='bbox 1016 1743 1099 1776; x_wconf 88' lang='lat' dir='ltr'><strong>inde</strong></span> <span class='ocrx_word' id='word_1_435' title='bbox 1127 1746 1288 1786; x_wconf 84' lang='lat' dir='ltr'><strong>apparet,</strong></span> <span class='ocrx_word' id='word_1_436' title='bbox 1315 1742 1408 1786; x_wconf 92' lang='lat' dir='ltr'><strong>quod</strong></span> <span class='ocrx_word' id='word_1_437' title='bbox 1433 1752 1488 1776; x_wconf 90' lang='lat' dir='ltr'><strong>x1.</strong></span> <span class='ocrx_word' id='word_1_438' title='bbox 1515 1743 1598 1776; x_wconf 85' lang='lat' dir='ltr'><strong>Kal.</strong></span> 
     </span>
     <span class='ocr_line' id='line_1_81' title="bbox 879 1793 1599 1838; baseline -0.001 -10"><span class='ocrx_word' id='word_1_439' title='bbox 879 1794 992 1838; x_wconf 87' lang='lat' dir='ltr'><strong>April.</strong></span> <span class='ocrx_word' id='word_1_440' title='bbox 1007 1805 1075 1838; x_wconf 91' lang='lat' dir='ltr'><strong>quo</strong></span> <span class='ocrx_word' id='word_1_441' title='bbox 1091 1794 1242 1837; x_wconf 90' lang='lat' dir='ltr'><strong>primum</strong></span> <span class='ocrx_word' id='word_1_442' title='bbox 1264 1793 1322 1827; x_wconf 88' lang='lat' dir='ltr'><strong>die</strong></span> <span class='ocrx_word' id='word_1_443' title='bbox 1350 1794 1399 1827; x_wconf 90' lang='lat' dir='ltr'><strong>sol</strong></span> <span class='ocrx_word' id='word_1_444' title='bbox 1416 1794 1599 1837; x_wconf 84' lang='lat' dir='ltr'><strong>AEquinoc-</strong></span> 
     </span>
     <span class='ocr_line' id='line_1_82' title="bbox 879 1845 1598 1888; baseline -0.006 -7"><span class='ocrx_word' id='word_1_445' title='bbox 879 1847 1000 1881; x_wconf 87' lang='lat' dir='ltr'><strong>tialem</strong></span> <span class='ocrx_word' id='word_1_446' title='bbox 1017 1847 1186 1880; x_wconf 88' lang='lat' dir='ltr'><strong>circulum</strong></span> <span class='ocrx_word' id='word_1_447' title='bbox 1213 1845 1370 1888; x_wconf 85' lang='lat' dir='ltr'><strong>attingit,</strong></span> <span class='ocrx_word' id='word_1_448' title='bbox 1395 1845 1506 1878; x_wconf 87' lang='lat' dir='ltr'><strong>Pinus</strong></span> <span class='ocrx_word' id='word_1_449' title='bbox 1521 1855 1598 1878; x_wconf 89' lang='lat' dir='ltr'><strong>suc·</strong></span> 
     </span>
     <span class='ocr_line' id='line_1_83' title="bbox 879 1897 1596 1940; baseline -0.003 -8"><span class='ocrx_word' id='word_1_450' title='bbox 879 1899 1076 1940; x_wconf 86' lang='lat' dir='ltr'><strong>cidebatur,</strong></span> <span class='ocrx_word' id='word_1_451' title='bbox 1092 1902 1130 1931; x_wconf 88' lang='lat' dir='ltr'><strong>et</strong></span> <span class='ocrx_word' id='word_1_452' title='bbox 1143 1898 1179 1932; x_wconf 89' lang='lat' dir='ltr'><strong>in</strong></span> <span class='ocrx_word' id='word_1_453' title='bbox 1200 1899 1317 1930; x_wconf 91' lang='lat' dir='ltr'><strong>Deum</strong></span> <span class='ocrx_word' id='word_1_454' title='bbox 1339 1897 1467 1930; x_wconf 87' lang='lat' dir='ltr'><strong>Matris</strong></span> <span class='ocrx_word' id='word_1_455' title='bbox 1482 1906 1596 1930; x_wconf 84' lang='lat' dir='ltr'><strong>sacra-</strong></span> 
     </span>
     <span class='ocr_line' id='line_1_84' title="bbox 879 1947 1597 1983; baseline 0 -1"><span class='ocrx_word' id='word_1_456' title='bbox 879 1950 968 1983; x_wconf 90' lang='lat' dir='ltr'><strong>rium</strong></span> <span class='ocrx_word' id='word_1_457' title='bbox 1003 1949 1230 1982; x_wconf 79' lang='lat' dir='ltr'><strong>inferebatur.</strong></span> <span class='ocrx_word' id='word_1_458' title='bbox 1290 1947 1423 1981; x_wconf 86' lang='lat' dir='ltr'><strong>Arnob.</strong></span> <span class='ocrx_word' id='word_1_459' title='bbox 1459 1947 1523 1980; x_wconf 90' lang='lat' dir='ltr'><strong>lib.</strong></span> <span class='ocrx_word' id='word_1_460' title='bbox 1560 1957 1597 1982; x_wconf 82' lang='lat' dir='ltr'><strong>v.</strong></span> 
     </span>
     <span class='ocr_line' id='line_1_85' title="bbox 880 1999 1594 2042; baseline -0.004 -7"><span class='ocrx_word' id='word_1_461' title='bbox 880 2003 890 2020; x_wconf 95' lang='lat'>‘</span> <span class='ocrx_word' id='word_1_462' title='bbox 901 2001 996 2036; x_wconf 79' lang='lat' dir='ltr'><strong>Quid</strong></span> <span class='ocrx_word' id='word_1_463' title='bbox 1008 2001 1099 2034; x_wconf 88' lang='lat' dir='ltr'><strong>enim</strong></span> <span class='ocrx_word' id='word_1_464' title='bbox 1112 2000 1177 2033; x_wconf 90' lang='lat' dir='ltr'><strong>sibi</strong></span> <span class='ocrx_word' id='word_1_465' title='bbox 1189 2000 1264 2032; x_wconf 85' lang='lat' dir='ltr'><strong>vult</strong></span> <span class='ocrx_word' id='word_1_466' title='bbox 1279 2000 1337 2032; x_wconf 86' lang='lat' dir='ltr'><strong>illa</strong></span> <span class='ocrx_word' id='word_1_467' title='bbox 1347 1999 1469 2041; x_wconf 86' lang='lat' dir='ltr'><strong>pinus?</strong></span> <span class='ocrx_word' id='word_1_468' title='bbox 1490 2009 1594 2042; x_wconf 89' lang='lat' dir='ltr'><strong>quam</strong></span> 
     </span>
     <span class='ocr_line' id='line_1_86' title="bbox 877 2050 1595 2094; baseline -0.001 -10"><span class='ocrx_word' id='word_1_469' title='bbox 877 2061 1015 2094; x_wconf 87' lang='lat' dir='ltr'><strong>semper</strong></span> <span class='ocrx_word' id='word_1_470' title='bbox 1030 2051 1131 2084; x_wconf 85' lang='lat' dir='ltr'><strong>statis</strong></span> <span class='ocrx_word' id='word_1_471' title='bbox 1146 2050 1269 2082; x_wconf 89' lang='lat' dir='ltr'><strong>diebus</strong></span> <span class='ocrx_word' id='word_1_472' title='bbox 1283 2050 1318 2082; x_wconf 91' lang='lat' dir='ltr'><strong>in</strong></span> <span class='ocrx_word' id='word_1_473' title='bbox 1333 2051 1450 2082; x_wconf 89' lang='lat' dir='ltr'><strong>Deum</strong></span> <span class='ocrx_word' id='word_1_474' title='bbox 1466 2050 1595 2083; x_wconf 80' lang='lat' dir='ltr'><strong>Matris</strong></span> 
     </span>
     <span class='ocr_line' id='line_1_87' title="bbox 878 2099 1595 2142; baseline -0.004 -7"><span class='ocrx_word' id='word_1_475' title='bbox 878 2101 1083 2135; x_wconf 85' lang='lat' dir='ltr'><strong>intromittis</strong></span> <span class='ocrx_word' id='word_1_476' title='bbox 1105 2099 1361 2133; x_wconf 64' lang='lat' dir='ltr'><strong>sanctuarium!</strong></span> <span class='ocrx_word' id='word_1_477' title='bbox 1406 2100 1464 2132; x_wconf 87' lang='lat' dir='ltr'><strong>Sic</strong></span> <span class='ocrx_word' id='word_1_478' title='bbox 1477 2100 1595 2142; x_wconf 85' lang='lat' dir='ltr'><strong>legen-</strong></span> 
     </span>
     <span class='ocr_line' id='line_1_88' title="bbox 877 2149 1594 2186; baseline -0.003 0"><span class='ocrx_word' id='word_1_479' title='bbox 877 2153 959 2186; x_wconf 89' lang='lat' dir='ltr'><strong>dum</strong></span> <span class='ocrx_word' id='word_1_480' title='bbox 984 2153 1091 2186; x_wconf 89' lang='lat' dir='ltr'><strong>docet</strong></span> <span class='ocrx_word' id='word_1_481' title='bbox 1114 2150 1294 2184; x_wconf 64' lang='lat' dir='ltr'><strong>Vides-ad</strong></span> <span class='ocrx_word' id='word_1_482' title='bbox 1319 2149 1434 2183; x_wconf 88' lang='lat' dir='ltr'><strong>Amm.</strong></span> <span class='ocrx_word' id='word_1_483' title='bbox 1450 2151 1594 2184; x_wconf 87' lang='lat' dir='ltr'><strong>Marcel.</strong></span> 
     </span>
     <span class='ocr_line' id='line_1_89' title="bbox 877 2205 1115 2248; baseline -0.008 -10"><span class='ocrx_word' id='word_1_484' title='bbox 877 2215 913 2248; x_wconf 85' lang='lat' dir='ltr'><strong>p.</strong></span> <span class='ocrx_word' id='word_1_485' title='bbox 929 2207 1004 2237; x_wconf 81' lang='lat'><strong>255.</strong></span> <span class='ocrx_word' id='word_1_486' title='bbox 1029 2205 1115 2236; x_wconf 82' lang='lat' dir='ltr'><strong>Gud.</strong></span> 
     </span>
    </p>

    <p class='ocr_par' dir='ltr' id='par_1_9' title="bbox 874 2254 1592 2453">
     <span class='ocr_line' id='line_1_90' title="bbox 922 2254 1591 2299; baseline -0.001 -9"><span class='ocrx_word' id='word_1_487' title='bbox 922 2257 1055 2299; x_wconf 80' lang='lat' dir='ltr'><strong>Cibeloe]</strong></span> <span class='ocrx_word' id='word_1_488' title='bbox 1072 2256 1182 2290; x_wconf 86' lang='lat' dir='ltr'><strong>Scrib.</strong></span> <span class='ocrx_word' id='word_1_489' title='bbox 1199 2255 1385 2298; x_wconf 77' lang='lat' dir='ltr'><strong>Cybeloe,nt</strong></span> <span class='ocrx_word' id='word_1_490' title='bbox 1396 2254 1487 2287; x_wconf 88' lang='lat' dir='ltr'><strong>iufra</strong></span> <span class='ocrx_word' id='word_1_491' title='bbox 1496 2255 1520 2289; x_wconf 86' lang='lat'><strong>1.</strong></span> <span class='ocrx_word' id='word_1_492' title='bbox 1534 2265 1591 2289; x_wconf 85' lang='lat' dir='ltr'><strong>m.</strong></span> 
     </span>
     <span class='ocr_line' id='line_1_91' title="bbox 875 2304 1592 2348; baseline -0.006 -6"><span class='ocrx_word' id='word_1_493' title='bbox 875 2308 944 2342; x_wconf 88' lang='lat' dir='ltr'><strong>fab.</strong></span> <span class='ocrx_word' id='word_1_494' title='bbox 973 2312 1029 2342; x_wconf 78' lang='lat'><strong>20.</strong></span> <span class='ocrx_word' id='word_1_495' title='bbox 1056 2308 1174 2341; x_wconf 86' lang='lat' dir='ltr'><strong>‘Galli</strong></span> <span class='ocrx_word' id='word_1_496' title='bbox 1202 2304 1376 2348; x_wconf 86' lang='lat' dir='ltr'><strong>Cybeles.’</strong></span> <span class='ocrx_word' id='word_1_497' title='bbox 1433 2306 1592 2339; x_wconf 76' lang='lat' dir='ltr'><strong>Catullus</strong></span> 
     </span>
     <span class='ocr_line' id='line_1_92' title="bbox 875 2356 1591 2405; baseline -0.006 -11"><span class='ocrx_word' id='word_1_498' title='bbox 875 2371 1014 2405; x_wconf 89' lang='lat' dir='ltr'><strong>quoqne</strong></span> <span class='ocrx_word' id='word_1_499' title='bbox 1040 2361 1075 2393; x_wconf 88' lang='lat' dir='ltr'><strong>in</strong></span> <span class='ocrx_word' id='word_1_500' title='bbox 1100 2357 1294 2392; x_wconf 84' lang='lat' dir='ltr'><strong>Galliambo</strong></span> <span class='ocrx_word' id='word_1_501' title='bbox 1319 2366 1411 2390; x_wconf 91' lang='lat' dir='ltr'><strong>nunc</strong></span> <span class='ocrx_word' id='word_1_502' title='bbox 1428 2356 1591 2399; x_wconf 86' lang='lat' dir='ltr'><strong>producit</strong></span> 
     </span>
     <span class='ocr_line' id='line_1_93' title="bbox 874 2408 1424 2453; baseline -0.013 -7"><span class='ocrx_word' id='word_1_503' title='bbox 874 2413 1036 2453; x_wconf 84' lang='lat' dir='ltr'><strong>mediam,</strong></span> <span class='ocrx_word' id='word_1_504' title='bbox 1051 2421 1142 2444; x_wconf 87' lang='lat' dir='ltr'><strong>nunc</strong></span> <span class='ocrx_word' id='word_1_505' title='bbox 1157 2409 1313 2451; x_wconf 88' lang='lat' dir='ltr'><strong>corripit.</strong></span> <span class='ocrx_word' id='word_1_506' title='bbox 1336 2408 1424 2440; x_wconf 68' lang='grc' dir='ltr'><strong>Βία.</strong></span> 
     </span>
    </p>

    <p class='ocr_par' dir='ltr' id='par_1_10' title="bbox 872 2459 1590 2659">
     <span class='ocr_line' id='line_1_94' title="bbox 917 2459 1590 2506; baseline -0.009 -10"><span class='ocrx_word' id='word_1_507' title='bbox 917 2464 1060 2506; x_wconf 73' lang='lat' dir='ltr'><strong>Populus</strong></span> <span class='ocrx_word' id='word_1_508' title='bbox 1077 2462 1158 2494; x_wconf 80' lang='lat' dir='ltr'><strong>celsa</strong></span> <span class='ocrx_word' id='word_1_509' title='bbox 1183 2459 1335 2501; x_wconf 78' lang='lat' dir='ltr'><strong>Herculi]</strong></span> <span class='ocrx_word' id='word_1_510' title='bbox 1367 2459 1411 2491; x_wconf 91' lang='lat' dir='ltr'><strong>V.</strong></span> <span class='ocrx_word' id='word_1_511' title='bbox 1426 2459 1590 2491; x_wconf 84' lang='lat' dir='ltr'><strong>Torrent.</strong></span> 
     </span>
     <span class='ocr_line' id='line_1_95' title="bbox 872 2509 1590 2547; baseline -0.01 1"><span class='ocrx_word' id='word_1_512' title='bbox 872 2514 917 2547; x_wconf 79' lang='lat' dir='ltr'><strong>ad</strong></span> <span class='ocrx_word' id='word_1_513' title='bbox 941 2514 1066 2547; x_wconf 79' lang='lat' dir='ltr'><strong>Horat.</strong></span> <span class='ocrx_word' id='word_1_514' title='bbox 1091 2513 1162 2546; x_wconf 89' lang='lat' dir='ltr'><strong>Od.</strong></span> <span class='ocrx_word' id='word_1_515' title='bbox 1179 2522 1204 2544; x_wconf 86' lang='lat'><strong>1.</strong></span> <span class='ocrx_word' id='word_1_516' title='bbox 1218 2514 1251 2543; x_wconf 85' lang='grc'><strong>7.</strong></span> <span class='ocrx_word' id='word_1_517' title='bbox 1277 2509 1461 2543; x_wconf 83' lang='lat' dir='ltr'><strong>Scholiast.</strong></span> <span class='ocrx_word' id='word_1_518' title='bbox 1476 2509 1590 2541; x_wconf 86' lang='lat' dir='ltr'><strong>Theo·</strong></span> 
     </span>
     <span class='ocr_line' id='line_1_96' title="bbox 873 2559 1589 2606; baseline -0.008 -8"><span class='ocrx_word' id='word_1_519' title='bbox 873 2565 952 2598; x_wconf 89' lang='lat' dir='ltr'><strong>crit.</strong></span> <span class='ocrx_word' id='word_1_520' title='bbox 968 2565 1011 2597; x_wconf 88' lang='lat' dir='ltr'><strong>ad</strong></span> <span class='ocrx_word' id='word_1_521' title='bbox 1027 2565 1116 2606; x_wconf 79' lang='lat' dir='ltr'><strong>Idyl.</strong></span> <span class='ocrx_word' id='word_1_522' title='bbox 1131 2568 1166 2595; x_wconf 88' lang='grc' dir='ltr'><strong>Β.</strong></span> <span class='ocrx_word' id='word_1_523' title='bbox 1183 2573 1231 2595; x_wconf 87' lang='lat' dir='ltr'><strong>vs.</strong></span> <span class='ocrx_word' id='word_1_524' title='bbox 1247 2564 1322 2594; x_wconf 80' lang='lat'><strong>121.</strong></span> <span class='ocrx_word' id='word_1_525' title='bbox 1335 2561 1462 2603; x_wconf 86' lang='lat' dir='ltr'><strong>Beger.</strong></span> <span class='ocrx_word' id='word_1_526' title='bbox 1478 2559 1589 2602; x_wconf 89' lang='lat' dir='ltr'><strong>Spici-</strong></span> 
     </span>
     <span class='ocr_line' id='line_1_97' title="bbox 873 2611 1586 2659; baseline -0.007 -11"><span class='ocrx_word' id='word_1_527' title='bbox 873 2616 942 2659; x_wconf 82' lang='lat' dir='ltr'><strong>leg.</strong></span> <span class='ocrx_word' id='word_1_528' title='bbox 967 2615 1088 2659; x_wconf 89' lang='lat' dir='ltr'><strong>Antiq.</strong></span> <span class='ocrx_word' id='word_1_529' title='bbox 1105 2625 1140 2658; x_wconf 90' lang='lat' dir='ltr'><strong>p.</strong></span> <span class='ocrx_word' id='word_1_530' title='bbox 1158 2617 1234 2646; x_wconf 82' lang='lat'><strong>155.</strong></span> <span class='ocrx_word' id='word_1_531' title='bbox 1260 2613 1356 2645; x_wconf 90' lang='lat' dir='ltr'><strong>Serv.</strong></span> <span class='ocrx_word' id='word_1_532' title='bbox 1382 2612 1426 2644; x_wconf 89' lang='lat' dir='ltr'><strong>ad</strong></span> <span class='ocrx_word' id='word_1_533' title='bbox 1452 2611 1586 2653; x_wconf 82' lang='lat' dir='ltr'><strong>Georg.</strong></span> 
     </span>
    </p>
   </div>
   <div class='ocr_carea' id='block_1_5' title="bbox 874 2670 1587 2758">
    <p class='ocr_par' dir='ltr' id='par_1_11' title="bbox 874 2670 1587 2758">
     <span class='ocr_line' id='line_1_98' title="bbox 874 2670 1587 2758; baseline -0.006 -8"><span class='ocrx_word' id='word_1_534' title='bbox 874 2670 1146 2758; x_wconf 39' lang='lat' dir='ltr'><strong>ubiz-amemus]</strong></span> <span class='ocrx_word' id='word_1_535' title='bbox 1168 2714 1352 2747; x_wconf 91' lang='lat' dir='ltr'><strong>Absolute.</strong></span> <span class='ocrx_word' id='word_1_536' title='bbox 1391 2713 1448 2746; x_wconf 83' lang='lat' dir='ltr'><strong>Ita</strong></span> <span class='ocrx_word' id='word_1_537' title='bbox 1462 2711 1525 2746; x_wconf 83' lang='lat' dir='ltr'><strong>inf.</strong></span> <span class='ocrx_word' id='word_1_538' title='bbox 1535 2721 1587 2746; x_wconf 77' lang='lat' dir='ltr'><strong>w.</strong></span> 
     </span>
    </p>
   </div>
   <div class='ocr_carea' id='block_1_6' title="bbox 871 2766 1586 2854">
    <p class='ocr_par' dir='ltr' id='par_1_12' title="bbox 871 2766 1586 2854">
     <span class='ocr_line' id='line_1_99' title="bbox 871 2766 1586 2808; baseline -0.01 -6"><span class='ocrx_word' id='word_1_539' title='bbox 871 2778 904 2802; x_wconf 88' lang='lat' dir='ltr'><strong>c.</strong></span> <span class='ocrx_word' id='word_1_540' title='bbox 917 2771 971 2802; x_wconf 91' lang='lat'><strong>18.</strong></span> <span class='ocrx_word' id='word_1_541' title='bbox 991 2769 1001 2787; x_wconf 86' lang='lat'>‘</span> <span class='ocrx_word' id='word_1_542' title='bbox 1014 2766 1148 2808; x_wconf 87' lang='lat' dir='ltr'><strong>Mirati,</strong></span> <span class='ocrx_word' id='word_1_543' title='bbox 1163 2766 1227 2799; x_wconf 87' lang='lat' dir='ltr'><strong>sibi</strong></span> <span class='ocrx_word' id='word_1_544' title='bbox 1240 2766 1374 2808; x_wconf 85' lang='lat' dir='ltr'><strong>legatos</strong></span> <span class='ocrx_word' id='word_1_545' title='bbox 1387 2773 1455 2796; x_wconf 89' lang='lat' dir='ltr'><strong>non</strong></span> <span class='ocrx_word' id='word_1_546' title='bbox 1471 2773 1586 2796; x_wconf 86' lang='lat' dir='ltr'><strong>rever-</strong></span> 
     </span>
     <span class='ocr_line' id='line_1_100' title="bbox 871 2815 1583 2854; baseline -0.007 0"><span class='ocrx_word' id='word_1_547' title='bbox 871 2820 959 2854; x_wconf 86' lang='lat' dir='ltr'><strong>tier.&#39;</strong></span> <span class='ocrx_word' id='word_1_548' title='bbox 1004 2819 1078 2853; x_wconf 90' lang='lat' dir='ltr'><strong>Cic.</strong></span> <span class='ocrx_word' id='word_1_549' title='bbox 1108 2817 1151 2852; x_wconf 85' lang='lat' dir='ltr'><strong>ad</strong></span> <span class='ocrx_word' id='word_1_550' title='bbox 1181 2817 1259 2851; x_wconf 86' lang='lat' dir='ltr'><strong>Att.</strong></span> <span class='ocrx_word' id='word_1_551' title='bbox 1282 2820 1317 2851; x_wconf 88' lang='grc'><strong>6.</strong></span> <span class='ocrx_word' id='word_1_552' title='bbox 1351 2817 1362 2836; x_wconf 88' lang='lat'>‘</span> <span class='ocrx_word' id='word_1_553' title='bbox 1378 2815 1583 2850; x_wconf 86' lang='lat' dir='ltr'><strong>Admiratus</strong></span> 
     </span>
    </p>
   </div>
  </div>
 </body>
</html>
