1806 3236
210 235 296 285 124
497 252 699 285 PnAEmu
733 250 1047 284 sAsuuARum
1063 248 1384 285 ‘AEsoprsuuu

213 347 374 390 Subito
394 347 616 390 Latrones
637 359 697 390 ex
715 346 893 390 insidiis
913 346 1137 407 advolant,

211 409 419 471 Interque
437 414 609 459 caedem
626 414 741 457 ferro
762 414 937 460 Mulum
956 415 1174 466 trusitant,

212 483 438 539 Diripiunt
451 495 668 535 nummos,
687 483 909 537 negligunt
925 483 1012 527 vile
1030 482 1257 526 hordeum.

211 551 445 607 Spoliatus
463 551 594 605 igitur
611 563 745 593 casus
771 563 872 593 cum
891 551 1015 593 fleret
1033 564 1156 603 suos,
1617 552 1674 594 10

211 618 445 674 Equidem,
466 619 613 674 inquit
628 618 751 670 alter,
770 631 839 661 me
858 621 1125 662 contemtum
1144 619 1329 675 gaudeo.

213 686 336 729 Nam
354 687 464 729 nihil
482 687 624 739 amisi,
644 699 726 729 neo
747 699 845 729 sum
863 686 1003 730 laesus
1021 686 1211 730 vulnere.

213 809 315 842 Fures
328 809 474 842 assiliunt
497 811 660 853 derepente
675 821 715 843 ex
730 811 866 853 insidiis,
886 815 918 844 et
941 812 1026 844 inter
1048 814 1190 852 stragem
1212 812 1376 844 vulnerant
1391 810 1515 842 Malum
1528 818 1609 850 ense,
1625 818 1677 841 ra-

208 852 303 893 piunt
315 854 488 894 pecuniam,
501 864 556 886 nec
580 858 690 886 curant
717 855 866 888 hordeum
890 855 1006 888 nullius
1026 855 1134 897 pretii.
1182 855 1261 887 Cum
1285 865 1360 895 ergo
1382 853 1538 895 esi-Pilatus
1560 853 1676 886 dolerd

210 905 300 927 suum
324 896 544 937 infortunium,
569 898 652 930 alter
674 897 782 931 dixit.-
813 899 921 931 Laetor
943 909 993 931 me
1016 899 1202 942 neglectum,
1225 898 1307 930 nihil
1326 897 1408 930 enim
1419 896 1559 939 perdidi,
1581 905 1677 939 neque

827 982 1063 995 eeeeeeeeeeee

211 1036 292 1068 lust.
318 1036 395 1069 Cat.
422 1039 477 1068 53.
510 1034 664 1069 ‘diversi
687 1036 838 1070 moribus
864 1035 987 1079 fuere:
1023 1037 1077 1070 vel
1105 1037 1248 1071 diversis.
1284 1036 1362 1069 vide
1393 1036 1488 1069 Cort.
1513 1035 1557 1068 ad
1591 1033 1675 1077 Jug.

211 1081 266 1111 78.
298 1079 474 1122 ‘impares
501 1079 750 1121 magnitudine,
773 1090 892 1122 pares,
912 1082 967 1113 vel
989 1081 1075 1123 pari,
1100 1086 1222 1113 natura
1233 1081 1254 1113 :’
1286 1091 1317 1112 v.
1347 1083 1383 1112 et
1409 1078 1500 1111 infra
1529 1078 1590 1111 lib.
1617 1087 1676 1111 ιιι.

212 1121 282 1154 fab.
297 1125 329 1154 8.
346 1125 378 1155 3.
422 1124 432 1140 ‘
447 1123 568 1155 Tutius
590 1132 670 1163 ergo
685 1123 781 1165 sequi
796 1123 958 1165 scriptos,
980 1128 1016 1156 et
1039 1124 1074 1156 in
1089 1124 1215 1157 talibus
1230 1123 1277 1156 nil
1293 1122 1516 1155 mutare.'-8
1541 1121 1676 1162 Coedem.

212 1165 386 1197 Meursius
401 1165 539 1208 scripsit
552 1168 704 1207 praedam,
721 1166 802 1209 quia
817 1167 912 1199 nulla
925 1166 1039 1199 caedes
1056 1166 1149 1200 facta
1163 1168 1221 1208 sit,
1248 1166 1309 1199 sed
1332 1167 1424 1198 intra
1445 1164 1677 1207 direptionem
1708 1191 1712 1194 r

211 1207 372 1240 fiscorum
387 1209 437 1240 vis
459 1209 568 1241 omnis
590 1210 798 1242 constiterit.
842 1209 912 1243 Sed
940 1210 1005 1243 viri
1032 1210 1139 1251 docti,
1164 1209 1314 1243 maxime
1339 1210 1575 1250 Burmannus,
1594 1207 1676 1250 jure

210 1251 431 1284 vindicarunt
446 1252 631 1294 vulgatam.
675 1252 839 1285 Heinsius
856 1252 1018 1294 ascripsit
1039 1254 1183 1296 margini
1207 1254 1276 1293 vel,
1302 1253 1451 1294 Interque
1475 1261 1591 1293 sepem,
1620 1250 1676 1283 vel

216 1295 355 1336 Uterque
360 1294 459 1334 soede,
473 1301 510 1328 et
525 1295 560 1327 in
577 1297 642 1336 Ep.
659 1304 740 1328 xlx.
764 1295 807 1328 ad
819 1295 988 1328 Scheffer.
1011 1297 1160 1338 Interque
1185 1307 1219 1329 se
1239 1298 1314 1329 dum
1331 1295 1421 1336 ferro
1445 1296 1562 1327 mum
1582 1294 1679 1326 trusi-

212 1340 292 1370 tant.
339 1338 585 1381 Ouveringius‚
600 1338 746 1371 Meursii
758 1339 912 1381 vestigiis
928 1339 1102 1380 insistens,
1116 1340 1204 1372 hunc
1220 1349 1354 1372 versum
1369 1337 1563 1380 transponit
1575 1337 1680 1380 (citra

211 1380 467 1422 necessitatem,
482 1392 559 1414 cum
576 1382 692 1413 omnia
707 1386 803 1415 recte
829 1392 866 1414 se
881 1382 1048 1422 habeant)
1070 1384 1105 1418 in
1129 1384 1242 1416 locum
1260 1382 1450 1425 sequentis,
1475 1388 1544 1423 pror
1561 1381 1677 1424 cadem

211 1424 330 1466 legens
342 1426 483 1466 praedam
496 1425 797 1458 lmnc.-trusitant.
822 1425 864 1458 Iu
878 1426 966 1458 Mss.
982 1425 1078 1458 Pith.
1095 1430 1131 1459 et
1148 1427 1310 1458 Remens.
1327 1430 1381 1458 est
1395 1425 1568 1466 incidant,
1609 1423 1677 1456 nod

212 1471 383 1509 repugnat
398 1472 435 1500 et
451 1468 587 1500 iambici
605 1478 725 1500 versus
741 1472 865 1510 metro,
880 1473 917 1500 et
932 1469 1083 1502 veritati.
1111 1469 1192 1502 Vid.
1209 1479 1258 1501 vs.
1275 1471 1329 1501 12.
1366 1468 1423 1501 Sic
1437 1471 1555 1500 tamen
1613 1466 1679 1510 idit

212 1510 301 1542 Rob.
326 1511 488 1543 Prevost.
534 1511 652 1543 Facile
674 1515 790 1544 autem
812 1511 1030 1553 intelligitur,
1052 1513 1239 1545 Phaedrum
1262 1512 1297 1544 h.
1311 1512 1335 1544 l.
1358 1520 1455 1544 usum
1471 1520 1545 1543 esse
1561 1509 1682 1550 verbo,

212 1553 302 1594 quod
322 1554 547 1596 responderet
572 1555 618 1594 τῷ
642 1554 733 1586 loesus
756 1555 897 1596 vulnere,
920 1565 967 1587 vs.
984 1558 1038 1588 12.
1065 1556 1125 1588 sed
1153 1555 1274 1588 rariori
1301 1559 1338 1587 et
1363 1552 1560 1594 difficiliori,
1586 1553 1678 1595 quod

212 1596 338 1628 deiude
364 1607 384 1629 a
411 1596 552 1628 rudibus
581 1597 732 1630 librariis
748 1598 841 1630 varie
869 1602 1036 1631 mutatum
1062 1603 1128 1631 est.
1173 1598 1345 1631 Meursius
1367 1597 1524 1639 conjicit,-
1547 1597 1680 1628 multum

212 1641 383 1680 inuitant,
407 1640 550 1673 verbum
576 1650 742 1682 nusquam
765 1641 845 1673 alibi
861 1641 1022 1680 obvium;
1043 1642 1099 1674 vel
1115 1642 1268 1674 tuditant.
1313 1641 1373 1674 Sic
1389 1640 1500 1673 edidit
1514 1639 1677 1679 Didonis.

213 1683 420 1715 Rittershus.
450 1683 612 1716 Nevelet.
644 1684 761 1716 Ursin.
803 1684 956 1717 Gronov.
989 1684 1125 1717 Walch.
1168 1684 1461 1727 landenam-quod
1490 1687 1530 1716 et
1561 1683 1680 1724 placet

214 1724 406 1765 Schefl'ero,
434 1726 501 1759 etsi
528 1727 621 1758 nullo
649 1728 808 1768 exemplo
837 1726 1041 1767 affirmetur,
1066 1728 1132 1760 hoc
1158 1738 1262 1760 sensu
1288 1727 1396 1760 fuisse
1425 1726 1460 1758 in
1489 1735 1563 1758 usu.
1608 1725 1678 1758 Ex-

217 1768 349 1810 plicant
374 1772 501 1809 autem,
523 1769 706 1801 vulnerare
738 1771 772 1802 in
796 1775 954 1802 extrema
976 1776 1068 1803 cute.
1104 1771 1173 1803 vid.
1196 1768 1324 1803 Scheff.
1380 1769 1538 1801 Pithoeus
1563 1777 1679 1800 emen-

218 1811 363 1844 daverat
376 1812 552 1853 eunditant,
569 1816 659 1845 teste
674 1811 857 1845 Brotierio.
880 1813 1036 1854 sauciant,
1056 1822 1100 1845 ex
1118 1814 1263 1846 Heinsio
1278 1813 1525 1854 excogitatum,
1549 1811 1682 1853 placuit

216 1854 404 1894 Bentlei03
438 1865 541 1897 quam
570 1856 803 1897 conjecturam
833 1856 1034 1888 corroborat
1061 1857 1178 1889 Codex
1209 1856 1368 1895 Perotti;
1407 1860 1445 1894 et
1473 1859 1683 1897 receperunt

214 1897 440 1940 cuningham.
471 1898 623 1940 Philipp.
656 1899 861 1931 Lallemaut.
892 1899 1044 1931 Brotier.
1076 1899 1268 1932 Desbillon.
1333 1897 1383 1931 At
1419 1898 1447 1930 si
1483 1898 1682 1939 scripsisset

213 1940 383 1973 Pliaedrns
396 1941 552 1982 sauciant,
567 1941 645 1973 inde
661 1951 727 1973 non
743 1946 855 1975 ortum
870 1946 963 1974 esset
977 1942 1153 1983 trucidant,
1182 1942 1273 1985 quod
1290 1942 1392 1974 estin
1406 1940 1506 1974 libris
1527 1940 1679 1982 scriptis.'

213 1983 428 2026 Ct'sEphem.
444 1984 604 2026 Gotting.
620 1987 716 2017 1784.
735 1985 832 2017 Part.
845 1988 899 2017 67.
937 1984 1059 2028 Itaque
1074 1985 1288 2018 Tzschuckio
1299 1984 1339 2016 τὸ
1351 1985 1493 2023 sauciam
1508 1993 1557 2027 ex,
1567 1983 1682 2029 glossa

213 2026 417 2060 difficilioris
433 2027 523 2060 vocis
539 2027 715 2069 irrepsisse
732 2032 828 2060 recte
844 2027 993 2061 videtur.
1039 2029 1255 2061 Burmannus
1270 2027 1410 2070 conjicit
1431 2027 1603 2067 lancinant,
1625 2027 1684 2070 cui

212 2070 355 2103 lectioni
373 2071 446 2112 ipse
461 2080 530 2104 non
545 2071 689 2103 multum
706 2070 850 2110 tribu'qt:
874 2070 991 2112 placet
1006 2075 1120 2104 tamen
1143 2072 1354 2113 Bipontinis‚
1374 2071 1432 2114 qni
1458 2073 1682 2112 receperunt:

212 2113 389 2155 Plerique,
402 2118 583 2155 praeeunte
600 2113 767 2155 Rigastio,
782 2114 902 2156 legunt
918 2114 1081 2156 tramitum,
1107 2115 1199 2157 quod
1228 2115 1271 2146 ad
1297 2115 1445 2156 priscam
1463 2112 1573 2148 codd.
1588 2112 1676 2149 Mas.

212 2156 416 2198 scripturam
432 2156 569 2189 accedit
585 2157 764 2198 proxime3
788 2157 852 2189 etsi
875 2166 940 2189 nec
961 2158 1012 2190 sic
1035 2158 1143 2190 omnis
1168 2158 1308 2190 tollatur
1333 2157 1525 2199 scrupulus.
1570 2155 1680 2194 Heing·

213 2198 282 2230 sius
298 2199 447 2242 denique
461 2200 528 2239 legi
545 2209 645 2241 posse
662 2200 822 2241 putabat,
838 2201 1027 2233 incursitnnt
1038 2211 1051 2238 ,·
1075 2211 1107 2233 v.
1136 2201 1246 2234 Notas
1267 2200 1424 2240 Heiusii3
1446 2198 1682 2235 atSalmasius

213 2242 362 2283 lusitane,
377 2246 468 2274 teste
485 2242 615 2274 Gudio.
634 2243 805 2284 [trasilant
824 2242 1056 2284 Anton.]-—12
1070 2244 1148 2276 Sum
1161 2244 1252 2276 loesus
1265 2245 1401 2276 vulnere.
1417 2242 1503 2276 eod.
1520 2242 1602 2275 Per.
1616 2251 1683 2274 sum

210 2294 321 2326 passus
335 2286 475 2326 vulnera,
499 2285 588 2327 quod
606 2290 817 2326 receperunt
837 2286 1042 2317 Lalle‘mant.
1058 2291 1093 2318 et
1107 2287 1205 2318 Brot.
1233 2291 1270 2318 et
1295 2286 1444 2327 prob-ant
1467 2284 1628 2327 Sanadon
1643 2289 1681 2317 et

214 2327 368 2371 Philipp.
413 2328 471 2361 Ita
486 2327 613 2370 passim
642 2328 767 2370 poetae.
786 2339 818 2361 v.
846 2328 1055 2370 Heusinger.
1083 2330 1168 2361 Mss.
1186 2329 1280 2362 Pith.
1298 2330 1396 2362 Rem.
1415 2334 1452 2361 et
1468 2328 1563 2362 Edit.
1580 2328 1679 2364 vett,

872 2424 907 2458 N
912 2424 1020 2457 0⁷1*AE

257 2491 278 2521 8
303 2489 401 2521 Ferro
416 2487 582 2530 trusitant]
606 2488 716 2520 Locus
742 2488 922 2521 vexatissi-
974 2498 1058 2521 vero
1081 2494 1135 2522 est
1159 2500 1227 2522 vox
1252 2495 1336 2524 nota
1359 2490 1450 2534 apud
1466 2491 1619 2533 Festum,
1644 2495 1682 2525 et

213 2549 287 2571 mus
300 2550 310 2579 ;
335 2540 436 2581 vulgo
452 2538 635 2581 legebatur
650 2538 814 2571 tonsitant.
850 2538 922 2571 Alii
975 2539 1260 2581 significationem
1273 2542 1378 2575 habet
1390 2542 1682 2576 accommodatam

213 2589 386 2630 trucidant,
400 2588 491 2621 unde
506 2589 660 2620 tnuitant
672 2588 790 2629 posuit
804 2588 923 2630 Rigal-
974 2590 1017 2622 ad
1029 2590 1139 2622 locum
1153 2591 1302 2624 Plraedri.
1349 2593 1473 2624 Trusito
1483 2598 1598 2634 posset
1606 2602 1682 2625 esse

214 2640 292 2672 tius.
336 2639 506 2672 Meursius
523 2639 642 2671 maluit
656 2639 810 2680 tuditant,
823 2644 863 2671 ut
877 2639 922 2671 sit
974 2640 1119 2673 verbum
1129 2640 1418 2684 frequentativum
1431 2653 1450 2675 a
1461 2643 1566 2675 verbo
1577 2644 1684 2682 trudo,-

215 2700 236 2722 a
252 2691 420 2730 tundendo,
445 2689 541 2732 quasi
557 2689 661 2721 variis
686 2688 814 2721 ictibus
838 2687 922 2720 ferri
976 2690 1037 2722 sed
1062 2691 1154 2723 illius
1182 2691 1390 2733 significatio
1421 2703 1487 2724 non
1519 2693 1682 2727 convenit

214 2739 401 2772 tunderent
413 2744 530 2772 cutem
545 2739 628 2771 muli
641 2748 684 2771 ne
696 2748 772 2771 cum
788 2739 923 2771 sarcina
975 2742 1069 2774 clare
1093 2743 1204 2776 sensui
1230 2743 1382 2777 Phaedri.
1433 2743 1572 2778 Idcirco
1599 2744 1680 2788 reji-

215 2789 408 2832 aufugeret.
454 2790 557 2822 Certe
570 2789 723 2822 lrusitant
737 2788 860 2822 nullibi
875 2790 922 2822 le·
975 2791 1043 2827 cio.
1678 2792 1683 2795 “

216 2841 307 2883 gitur
323 2841 388 2875 nisi
404 2842 437 2875 in
452 2842 515 2875 hoc
531 2841 672 2875 Phaedri
688 2841 775 2875 loco.
807 2841 921 2875 Tudilo
