1806 3236
236 198 322 243 106
520 211 723 244 PHAEDRI
757 212 1073 248 FABULARUM
1106 213 1410 248 AESOPIARUM

238 304 385 358 Quam
407 308 651 363 corrigatur
671 322 790 352 error
809 312 858 351 ut
876 311 1140 363 mortalium,

235 373 476 431 Acuatque
496 389 595 419 sese
614 377 800 432 diligens
818 378 1049 421 industria.

238 442 518 500 Quicumque
537 445 671 487 fuerit
687 459 791 501 ergo
810 448 1029 489 narrantis
1044 447 1192 503 jocus,
1668 449 1699 492 5

238 508 357 555 Dum
375 513 523 567 capiat
545 526 709 565 aurem,
729 517 772 556 et
791 518 933 557 servet
950 515 1228 570 propositum
1247 528 1392 568 suum,

237 578 308 621 Re
330 581 675 634 commendatur,
696 595 780 625 non
800 584 992 626 auctoris
1011 585 1206 625 nomine.

236 647 458 703 Equidem
478 650 733 693 omnicura.
746 665 911 694 morem
932 653 1119 695 servabo
1139 652 1267 703 seniS‚

237 715 326 758 Sed
344 717 383 759 si
402 717 582 760 libuerit
601 718 775 773 aliquid
794 719 1089 774 interponere,

237 783 475 827 Dictorum
498 798 655 827 sensus
675 790 725 829 ut
743 786 932 830 delectet
951 787 1154 838 varietas,
1641 787 1699 830 lo

237 851 388 896 Bonas
408 855 453 896 in
471 859 640 909 parteS‚
662 853 835 907 Lector,
855 851 1056 911 accipias
1075 854 1225 907 velim,

228 978 369 1020 fabulas,
394 980 458 1012 nisi
483 983 518 1012 ut
546 980 628 1013 vitia
657 981 815 1014 hominum
834 983 1046 1022 emendentur,
1068 986 1098 1014 et
1122 987 1160 1014 ut
1184 986 1330 1015 accurata
1348 982 1514 1024 diligen&
1533 982 1700 1021 excitatur.

239 1022 446 1064 Quaecumque
468 1023 571 1064 igitur
585 1025 755 1056 occurrerit
767 1026 885 1057 occasio
899 1026 1060 1066 narrandi,
1073 1027 1146 1058 dum
1167 1029 1271 1058 teneat
1284 1036 1388 1068 aurea,
1403 1030 1436 1059 et
1454 1029 1701 1068 semmurum

236 1066 410 1105 consilium,
423 1067 596 1099 (estimatur
607 1067 699 1099 rebus
710 1068 798 1109 ipsis,
812 1079 871 1101 non
886 1069 1006 1101 nomine
1020 1069 1168 1101 auctoris.
1214 1069 1309 1101 Certe
1320 1079 1431 1111 sequar
1445 1070 1528 1102 omni
1542 1069 1701 1102 iniuria

235 1109 485 1141 consuetudinem
504 1111 587 1142 senis
602 1111 742 1152 AEsopi:
767 1121 873 1144 cerum
900 1113 928 1143 εἰ
950 1112 1031 1143 mihi
1044 1111 1201 1144 videbitur
1220 1113 1358 1145 inserere
1371 1113 1651 1154 aliquidjoomn,
1664 1115 1701 1146 ut

235 1152 403 1184 diversitas
412 1163 517 1185 sensus
532 1154 637 1195 magis
654 1155 790 1196 placeat,
803 1155 909 1196 velim,
934 1156 1042 1196 lector,
1063 1155 1144 1197 equi
1158 1155 1285 1197 bonique
1299 1157 1448 1188 consulas.
1494 1155 1550 1190 Sic
1565 1155 1702 1189 brevitas

235 1297 361 1330 Tollius
371 1299 427 1330 hoc
441 1298 552 1341 scripti
564 1309 662 1339 genua
676 1299 831 1342 conjicit.
876 1301 1064 1342 Bentleius,
1079 1301 1191 1343 gladio
1207 1300 1515 1334 Gordium‘nodum
1531 1311 1702 1342 resecans,

235 1345 275 1374 ut
291 1341 479 1374 Burmanni
493 1342 606 1374 verbis
622 1347 712 1383 utar,
727 1344 824 1384 ejicit
838 1344 962 1386 AEsopi,
980 1349 1018 1376 et
1033 1345 1210 1386 supponit,
1225 1345 1391 1386 Exemplis
1403 1346 1579 1378 continetur
1592 1345 1701 1378 huma-

235 1394 308 1417 num
319 1394 429 1425 genus.
472 1385 539 1417 Sed
555 1386 706 1418 ostendit
722 1386 863 1427 uarius,
877 1387 933 1420 hic
949 1396 1016 1420 non
1032 1387 1217 1420 universim
1232 1388 1274 1419 de
1290 1388 1468 1430 exemplis,
1486 1389 1546 1421 sed
1561 1388 1605 1421 de
1620 1388 1699 1421 solis

235 1428 353 1469 AEsopi
365 1427 489 1460 fabulis
500 1429 577 1470 agi,
594 1438 658 1461 nec
674 1429 749 1471 ipse
762 1436 874 1462 tamen
890 1440 927 1462 se
942 1430 1100 1472 expedit,
1112 1431 1177 1463 nisi
1194 1435 1305 1462 totum
1321 1430 1536 1463 infarciendo
1552 1441 1701 1472 versum,

235 1480 313 1512 quae
331 1471 417 1503 ratio
432 1476 587 1503 auctores
602 1473 776 1504 tractandi
793 1474 988 1515 periculosa
1003 1479 1038 1504 et
1055 1474 1238 1506 temeraria
1261 1477 1360 1506 recte
1382 1473 1519 1506 videtur
1533 1475 1701 1507 Burman-

235 1523 292 1546 no.
337 1514 513 1546 Meursius
539 1519 649 1547 totum
673 1517 851 1557 prologum
879 1521 999 1548 censet
1019 1517 1175 1548 mutilum
1202 1517 1363 1558 varieque
1386 1517 1584 1558 trajectum,
1597 1527 1699 1569 quem

235 1556 421 1590 restituere
434 1561 590 1590 conatur.
637 1559 800 1598 Frustra3
815 1569 892 1591 nam
909 1560 1024 1592 omnia
1040 1559 1127 1592 bene
1143 1559 1392 1592 cohaerent.—5
1420 1561 1699 1601 Narranti-syonen.

235 1600 321 1632 Mss.
338 1600 434 1632 Pith.
453 1601 551 1632 Rem.
577 1605 613 1633 et
640 1602 704 1633 Ed.
724 1603 803 1636 Vet.
831 1602 985 1634 narrandi
1005 1603 1097 1635 locus.
1141 1602 1198 1635 Sic
1226 1603 1259 1635 N
1263 1603 1387 1634 evelet.
1413 1602 1544 1644 Rigalt.
1573 1603 1638 1636 Ed.
1665 1606 1698 1636 2.

236 1643 368 1675 Meurs.
383 1643 502 1675 Ursin.
518 1654 537 1676 e
552 1645 802 1677 recentioribus
819 1655 900 1677 vero
912 1646 1071 1678 Maittar.
1084 1646 1233 1678 Brotier.
1251 1645 1389 1687 Bipont.
1404 1646 1599 1679 Desbiuon.
1629 1646 1699 1679 sed

236 1686 479 1718 mnandilocus
494 1691 549 1718 est
564 1697 658 1727 ansa,
673 1688 807 1720 occasio
823 1690 843 1727 (
853 1688 1103 1729 Veranlanwng)
1119 1688 1291 1728 narrandi,
1312 1689 1404 1730 quod
1421 1688 1558 1730 dicitnr,
1573 1693 1612 1721 ut
1626 1689 1637 1707 ‘
1653 1690 1701 1722 lo·

235 1738 295 1760 cus
311 1729 504 1770 gaudendi:
526 1731 535 1748 ‘
550 1730 643 1762 locus
657 1731 853 1762 resecandae
869 1731 1032 1763 libidinis’
1057 1731 1149 1773 apud
1176 1731 1391 1772 Ciceronem,
1416 1741 1485 1764 non
1500 1732 1610 1774 ipsum
1622 1741 1701 1765 nar-

235 1771 377 1803 rationis
391 1777 640 1814 argumentum,
656 1774 684 1806 le
694 1774 773 1812 sitiet
788 1775 827 1806 de
838 1774 974 1814 lofahle,
990 1774 1274 1816 quemadmodum
1288 1775 1701 1816 interpretatur'Brotier.

234 1814 272 1846 Si
286 1815 425 1856 probari
441 1820 572 1856 posset,
588 1826 706 1848 vocem
721 1817 804 1848 locus
826 1817 891 1849 hoc
912 1817 1105 1858 significare
1131 1827 1242 1858 posse,
1267 1817 1492 1849 libentissime
1517 1819 1701 1851 lectionem

236 1857 402 1890 Codicum
418 1868 592 1900 sequerer,
607 1869 707 1901 quam
721 1860 784 1891 viri
800 1859 893 1892 docti
911 1860 1083 1902 rejiciunt,
1098 1860 1177 1902 quia
1191 1861 1346 1903 sequitur
1360 1860 1464 1902 capiat
1473 1871 1592 1902 aurem,
1608 1861 1701 1904 quod

235 1900 357 1940 dejoco
373 1907 481 1938 recte,
497 1901 633 1934 deloco
649 1912 830 1944 perperam
843 1902 984 1936 dicitur.
1028 1903 1109 1936 vid.
1134 1904 1252 1936 Burm.
1280 1907 1316 1936 et
1339 1904 1530 1937 Tzschuck.
1576 1904 1610 1937 It
1657 1914 1700 1938 ue

229 1942 301 1986 jam
317 1944 396 1975 olim
413 1944 661 1977 Rittershusius
677 1946 991 1988 conjiciebatjocus.
1037 1947 1124 1978 Cum
1145 1946 1260 1988 AEsopi
1271 1947 1425 1988 logor-um
1442 1957 1462 1978 a
1478 1947 1625 1980 Platone
1665 1955 1701 1981 at

168 2018 173 2020 ,
234 1988 378 2026 mentio,
391 1987 529 2029 Guyeto
549 1988 731 2030 legendum
748 1989 897 2030 videtur,
919 1991 1096 2022 narrandus
1108 1990 1208 2029 logan.
1251 1988 1334 2030 Alii,
1347 1994 1386 2021 ut
1401 1990 1543 2031 Tollius,
1556 1991 1703 2023 narranti

234 2030 318 2063 locus
326 2040 339 2069 ,·
360 2031 532 2072 Sanadon,
548 2031 701 2073 Philipp.
722 2033 926 2065 Lallemant.
967 2033 1185 2073 Quodcumque
1196 2032 1303 2072 suerit
1328 2043 1402 2073 ergo
1417 2034 1567 2065 narrandi
1578 2043 1678 2074 gem
1688 2044 1702 2072 ‚·

236 2073 427 2114 Bentleius,
443 2074 500 2106 cui
516 2080 616 2116 paret
631 2075 896 2117 Cuninghamus‚
915 2077 1091 2108 narrandus
1105 2076 1207 2116 Jocue.
1253 2076 1396 2117 Optime
1424 2075 1487 2116 illi,
1507 2076 1565 2117 qui
1582 2077 1636 2108 vel
1651 2075 1701 2109 le-

236 2120 335 2158 gunt,
349 2117 530 2158 quicumque
536 2117 642 2157 fuerit
656 2118 926 2159 narrantisjocus,
941 2123 980 2151 ut
995 2119 1112 2152 Graev.
1128 2129 1228 2162 quem
1243 2119 1314 2151 vid.
1332 2119 1374 2151 ad
1387 2118 1460 2151 Cic.
1471 2119 1514 2150 ad
1528 2119 1609 2152 Div.
1625 2124 1701 2153 ΧΠ.

236 2161 292 2192 21.
309 2160 397 2207 μου.
420 2161 542 2192 Burm.
566 2161 696 2202 Syllog.
721 2162 810 2203 Epp.
840 2166 924 2194 tom.
941 2172 991 2194 ιν.
1010 2172 1044 2204 p.
1059 2165 1134 2195 585.
1158 2165 1209 2195 42.
1229 2165 1302 2195 195.
1349 2162 1537 2202 Heinsim3
1563 2172 1594 2195 v.
1613 2162 1700 2204 Syll.

235 2202 327 2244 Epp.
342 2207 422 2236 tom.
434 2212 484 2235 ιν.
500 2214 535 2244 p.
551 2206 605 2236 44.
645 2204 893 2246 Hoogstratan.
912 2206 1040 2237 Funcc.
1066 2205 1259 2245 Walchius3
1287 2206 1342 2237 vel
1368 2209 1515 2237 narrantz
1531 2205 1636 2246 ,γὀοιιε,
1660 2209 1702 2238 ut

236 2244 423 2277 Burmann.
460 2247 520 2278 Sic
528 2246 602 2288 jam
619 2247 698 2279 olim
719 2248 917 2290 conjecerat
933 2248 1076 2280 Gudius.
1120 2249 1160 2280 In
1188 2248 1274 2280 Cod.
1291 2248 1390 2280 Rem.
1405 2249 1509 2288 enim,
1525 2249 1558 2280 in
1579 2248 1701 2282 eadem

236 2296 333 2329 voce,
364 2290 375 2319 ι’
391 2299 483 2329 saepe
505 2294 659 2321 mutatur
674 2290 709 2321 in
729 2292 751 2322 l.
797 2291 853 2323 Ita
868 2290 927 2322 lib.
942 2300 967 2322 1.
984 2290 1053 2322 fab.
1070 2293 1124 2323 21.
1149 2291 1300 2331 ‘ignavis
1317 2291 1420 2322 etiam
1438 2292 1529 2323 locus
1552 2291 1627 2332 eut,’
1641 2291 1700 2324 ubi

235 2337 358 2372 aperte
370 2332 598 2372 scribendum,
601 2333 768 2372 jocum—7
793 2334 954 2366 Heinsius
967 2339 1003 2365 et
1019 2334 1198 2366 Bentleius
1214 2334 1355 2365 rescribi
1371 2335 1498 2375 jubent
1512 2335 1700 2366 commende-

237 2377 304 2414 tur,
320 2374 411 2416 quod
428 2373 573 2415 praefert
587 2375 692 2406 etiam
708 2376 825 2408 Graev.
870 2377 951 2408 Vid.
975 2377 1093 2408 Burm.
1118 2377 1246 2417 syllog.
1273 2377 1364 2418 Epp.
1389 2381 1471 2408 tom.
1487 2385 1539 2409 ιν.
1565 2387 1600 2418 p.
1624 2379 1701 2410 585.

237 2416 340 2449 Hanc
369 2417 643 2450 emendationem
669 2419 924 2459 amplectuntur
947 2419 1098 2460 Philipp.
1125 2420 1330 2451 Lallemant.
1358 2420 1507 2451 Brotier.
1530 2419 1603 2451 sine
1629 2420 1701 2452 ulla

236 2461 459 2501 necessitate,
472 2460 676 2501 observante
692 2462 912 2501 Burmann03
935 2469 984 2493 est
1003 2463 1093 2493 enim
1111 2463 1219 2494 oratio
1242 2461 1445 2495 confidentis
1470 2467 1507 2494 et
1532 2461 1702 2496 affirman-

237 2502 293 2535 tis.
339 2503 570 2544 Refragantur
582 2504 686 2535 etiam
699 2505 777 2536 libri
794 2505 914 2545 scripti
931 2511 965 2535 et
978 2505 1154 2537 editi.—9.
1172 2507 1210 2537 11
1236 2504 1456 2541 Commodum
1474 2510 1510 2537 et
1522 2506 1700 2547 egregium

236 2545 338 2587 hujus
355 2547 420 2578 loci
432 2556 566 2578 sensum
584 2557 671 2586 esse,
688 2548 915 2590 unusquisqne
932 2548 1048 2580 videt:
1073 2548 1179 2579 nihilo
1193 2557 1275 2580 vero
1291 2549 1402 2580 secius
1416 2549 1511 2580 varie
1525 2549 1589 2580 viri
1604 2548 1700 2581 docti

238 2595 419 2622 vexarunt.
467 2590 671 2622 Rittershus.
704 2591 864 2623 Nevelet.
892 2591 1020 2631 Rigalt.
1048 2590 1142 2623 Edit.
1167 2594 1200 2623 2.
1224 2590 1340 2623 Ursin.
1366 2592 1489 2632 Faber,
1504 2591 1701 2625 Desbillon-

239 2631 402 2664 Heinsius
419 2642 466 2664 vs,
481 2635 513 2665 9.
530 2634 650 2666 mallet
666 2634 791 2674 legere,
805 2634 869 2666 Sed
884 2634 935 2665 ubi
951 2634 1089 2671 libuerit,
1107 2634 1129 2666 i.
1147 2644 1178 2666 e.
1199 2635 1493 2676 quotiescumque,
1507 2634 1600 2676 quod
1614 2634 1700 2667 nihil

237 2673 312 2707 fere
327 2675 425 2707 addit
449 2682 509 2708 aut
520 2675 775 2716 aufertasensui,
792 2683 933 2708 notante
955 2678 1161 2709 Burmanno.
1203 2678 1292 2710 Quia
1315 2687 1376 2718 per
1398 2678 1635 2719 compendium
1661 2677 1699 2710 ἰιι

239 2717 327 2749 eod.
341 2718 441 2750 Rem.
457 2723 493 2750 et
517 2719 610 2751 Pith.
627 2726 699 2751 erat
711 2721 848 2761 siluerit,
871 2720 947 2751 inde
970 2720 1162 2752 Gronovius
1176 2720 1332 2762 conjicit,
1348 2721 1412 2753 Sed
1424 2720 1564 2760 siswit
1578 2720 1699 2762 aliqu-'d

237 2759 446 2802 numere,
471 2763 552 2803 quia
565 2766 613 2794 est
626 2773 701 2794 cum
716 2763 883 2795 infinitivo
897 2763 1078 2805 aliquando
1094 2773 1169 2804 pro,
1185 2763 1278 2804 licet,
1291 2764 1456 2797 occurrit.
1497 2763 1566 2796 Sed
1581 2763 1631 2795 ita
1641 2763 1698 2796 hic

239 2802 346 2836 etiam
373 2803 468 2847 loqui
490 2809 634 2847 cogetur
659 2805 827 2839 Phaedrus
850 2805 1030 2839 durissime
1055 2809 1093 2838 et
1116 2810 1245 2848 prater
1267 2815 1395 2840 morem
1419 2816 1528 2839 suum.
1571 2806 1616 2839 In
1629 2816 1698 2850 qua
