1806 3236
444 196 647 230 Primum
683 196 790 230 Fan.
823 195 1127 232 AEsomAmJM
1161 199 1261 232 Lis.
1295 201 1327 233 1.
1357 189 1427 232 30.

198 294 276 329 ‘alu
284 295 319 333 ς).
329 292 340 312 ⁴
351 293 564 336 Exemplum
579 294 757 338 egregium
771 304 910 337 prorsus

199 337 444 387 et-laudabile,
465 345 621 387 Verum:
640 348 706 380 ὅτε.
730 356 815 389 pro:
844 348 910 379 Ex-

197 390 348 446 emplum
377 395 517 440 quidem
553 398 747 441 egregium,
777 407 909 442 verum,

197 451 262 484 Rc.
291 450 408 484 narn.

243 502 344 536 Rufio
362 506 411 536 est
433 507 593 546 separata,
612 503 672 546 ait,
696 514 734 537 ac
753 504 911 537 diversum

193 552 311 596 tem]
320 553 450 587 Melior
460 555 598 598 quidem
611 559 664 588 est
679 555 798 596 lectio,
809 565 909 599 quam

195 613 241 639 ex
266 605 502 639 vetustissimo
533 606 619 639 cod.
648 606 818 639 indicavit
852 607 911 640 Pi-

194 655 329 690 tboeus:
349 658 409 690 Est
425 658 509 690 ratio
519 661 677 700 separata.
711 658 781 691 Sed
796 664 911 692 tamen

174 743 180 746 ,
196 707 255 741 vel
280 708 331 742 sic
349 708 522 749 claudicat
537 719 678 742 versus:
702 709 802 752 cujus
818 710 911 743 huxa-

198 759 332 792 tionem
347 760 526 802 restitues,
541 760 570 794 si
596 760 634 793 τὸ
654 761 701 794 ait
719 771 910 804 removeas,

197 815 238 843 ut
253 821 297 844 ex
314 812 426 854 glossa
439 812 693 856 interpositum.
720 813 910 847 Usitatissi-

198 870 265 895 ωε
280 866 361 895 sunt
376 862 527 896 Phaedro
543 865 632 897 tales
646 865 795 908 ellipses.
822 867 910 900 Rite.

243 913 346 946 Natio
360 914 580 958 auoeparata]
602 916 646 949 In
670 917 740 950 Ms.
759 921 814 950 est
827 919 911 951 ratio

196 968 342 1007 “paratu
355 965 458 1009 iuquit
471 976 509 1000 uc
530 967 596 1001 div.
629 968 775 1001 Salmas.
800 968 835 1000 in
851 979 912 1002 ora

198 1016 301 1051 libri:
327 1017 388 1051 Est
402 1018 490 1051 natio
504 1028 609 1061 sepiar,
623 1019 683 1061 ait,
697 1030 735 1052 uc
753 1020 912 1053 diversum

195 1078 308 1110 am.
339 1070 544 1113 Perperam.
582 1070 846 1113 Ritterfflusius,
872 1076 912 1105 ut

197 1124 312 1155 metro
325 1123 496 1164 consulat,
511 1123 626 1167 rejicit
639 1121 679 1155 τὸ
693 1123 754 1166 ait,
768 1128 808 1156 ut
823 1124 912 1166 glos-

197 1181 315 1206 sema:
352 1182 419 1206 nec
447 1174 552 1207 male.
611 1175 658 1207 Et
688 1174 754 1207 hoc
785 1174 912 1217 probat

196 1222 393 1266 Scioppius,
422 1224 480 1268 qui
511 1228 549 1257 et
581 1224 649 1257 alia
681 1225 912 1267 excogitarat.

198 1273 307 1317 Lege,
330 1275 422 1308 natio
447 1280 596 1319 separata
619 1287 657 1310 αι·
682 1276 840 1310 diversum
858 1287 913 1319 ge-

196 1335 268 1360 m.
296 1326 356 1360 Sic
371 1327 477 1360 etiam
492 1327 703 1362 Prudentius
718 1329 755 1362 iu
771 1330 912 1373 Hymno

197 1377 246 1411 de
268 1378 400 1412 Christi
423 1379 530 1412 natali
553 1379 599 1412 de
618 1379 706 1413 bove
731 1384 769 1414 et
795 1381 909 1414 asino:

194 1430 208 1449 ¹
226 1428 362 1464 Adorat
384 1441 511 1464 excors
535 1430 646 1473 natio,
668 1432 731 1465 Vis
755 1432 854 1475 cujus
876 1433 912 1465 in

197 1484 304 1523 pastu
319 1481 387 1515 sita
405 1481 486 1515 est.'
539 1482 687 1516 Festus:
712 1483 723 1500 ‘
740 1483 782 1515 In
807 1493 913 1526 peco-

198 1532 293 1566 ribus
308 1543 447 1578 quoque
460 1534 570 1567 bonus
595 1538 787 1577 proventus
810 1533 914 1567 foetu-

196 1593 261 1627 re,
286 1584 379 1618 bona
402 1585 500 1618 natio
530 1585 682 1619 dicitur.¹
738 1586 790 1618 Ut
812 1586 915 1628 natio,

197 1634 248 1669 ita
261 1635 369 1669 etiam
389 1646 481 1679 gens,
504 1636 550 1669 de
575 1637 791 1671 animalibus.
836 1637 916 1670 Vir-

195 1686 300 1730 gilius
325 1686 370 1720 de
397 1686 519 1730 apibus
546 1697 616 1721 non
641 1689 770 1730 seme13
808 1693 846 1722 et
870 1690 915 1722 de

195 1738 297 1781 equis
321 1738 400 1771 AEu.
425 1747 493 1772 vn.
515 1739 599 1772 Vet.
624 1739 740 1773 Gloss.
762 1739 773 1758 ⁴
791 1741 915 1780 Nutio;

198 1787 304 1833 γένος,
317 1788 428 1824 tovos?
473 1790 532 1824 Sic
547 1791 667 1824 Graeci
687 1791 814 1826 etiam:
839 1792 914 1825 Ho-

195 1850 328 1884 merus,
355 1844 516 1883 μελισσῶν
540 1841 643 1886 ἔθνεα,
671 1847 707 1876 et
735 1845 854 1885 χηνῶν,
876 1848 914 1876 et

200 1894 296 1936 μυΰν,
322 1892 424 1936 dixit,
459 1903 538 1937 quae
575 1895 679 1937 longe
710 1895 913 1928 suavissima

198 1948 292 1979 sunt.
337 1944 408 1978 Sed
423 1945 544 1978 melius
559 1949 675 1979 tamen
691 1947 761 1989 legi
778 1951 912 1989 posset,

201 1997 371 2030 Eststatio
383 2000 551 2039 *φαναῖος
578 1997 675 2040 quasi
690 1997 806 2030 dicat:
840 1998 912 2030 Vos

199 2056 341 2080 nemora
354 2051 393 2080 et
415 2056 569 2089 campos,
584 2056 646 2079 uos
660 2051 783 2090 stagna
799 2051 836 2080 et
851 2057 910 2089 pa-

200 2097 301 2131 ludes
314 2098 520 2131 incolimus:
551 2097 765 2141 hinc'supra
787 2097 861 2131 fab.
878 2102 911 2131 6.

201 2149 373 2184 Pb'oedrus
397 2154 503 2183 vocat
517 2151 624 2193 lacus,
645 2151 655 2169 ‘
672 2151 798 2184 Sedem
814 2161 913 2184 rana-

199 2201 299 2244 rum,'
330 2201 486 2236 imitatus
513 2202 716 2236 Ciceronem
743 2203 846 2237 Tunc.
875 2212 912 2236 v.

200 2252 257 2286 eui
282 2252 447 2286 dicuntur
470 2253 579 2286 Ranae
607 2253 618 2272 ‘
635 2253 766 2286 Bestiae
789 2259 913 2287 nantes

200 2313 366 2348 aquarum
381 2304 537 2338 incolaez’
569 2303 705 2338 scilicet
726 2305 914 2349 unicuique
933 2300 942 2312 ⁴

199 2356 399 2391 animalium
419 2356 552 2399 speciei
583 2365 647 2389 sua
673 2356 774 2389 sedes
796 2362 851 2390 est
877 2361 915 2390 et

199 2406 321 2445 statim
363 2409 422 2442 Sic
437 2408 604 2451 Virgilius
623 2408 699 2442 AEn.
715 2418 751 2442 v.
774 2409 785 2428 ‘
801 2409 914 2442 Statio

201 2460 400 2502 gratissima
422 2459 570 2502 mergis!
625 2460 757 2503 Georg.
789 2461 799 2478 ‘
816 2459 915 2492 Prin-

150 2506 153 2510 ’
200 2510 295 2554 cipio
304 2510 404 2544 sedes
418 2510 543 2554 apibus
554 2510 727 2554 statioque
741 2511 916 2553 petenda!

201 2563 296 2596 Hinc
321 2562 529 2606 explicanda
553 2563 613 2595 illa
637 2562 804 2605 sapientis
826 2561 913 2595 Gra-

201 2615 273 2651 culi
296 2614 340 2647 ad
364 2613 624 2657 superbientem
648 2612 792 2646 fratrem
815 2623 914 2646 suum

203 2665 404 2708 responsio:
428 2665 439 2684 ‘
455 2665 649 2698 Contentus
664 2666 773 2698 nostri
790 2666 818 2698 si
831 2665 915 2699 fuis-

204 2725 260 2750 ses
282 2717 420 2750 sedibus
434 2716 457 2750 :’
489 2727 594 2759 supra
612 2715 684 2750 fab.
708 2721 742 2751 3.
765 2718 914 2751 Nevele-

206 2771 276 2810 tus,
289 2777 309 2800 e
324 2768 503 2801 Remiccio
517 2769 721 2811 gemmulam
738 2779 774 2802 se
789 2774 915 2811 putans

205 2818 349 2863 eruisse,
364 2819 425 2854 sed
440 2819 577 2864 inepte,
599 2820 737 2864 reponit
759 2821 894 2855 cestibus
901 2832 915 2862 ,·

1586 190 1674 235 423

960 297 1145 330 retinenda
1168 297 1260 331 enim
1285 297 1520 342 pulcherrima
1542 299 1674 340 lectio;

962 353 1000 382 et
1023 353 1120 382 certe
1147 349 1180 382 in
1206 349 1403 383 Seiassiano
1426 350 1595 383 Remiccii
1618 361 1674 384 co-

961 400 1040 434 dice
1054 401 1105 434 ita
1116 402 1254 444 legitur.
1281 401 1370 435 Gna.

1006 453 1068 485 Est
1081 453 1166 485 ratio
1188 453 1351 496 separata]
1395 453 1453 486 An
1475 453 1677 496 legendum,

960 505 1048 538 natio
1063 508 1110 538 est
1122 508 1270 547 separata
1280 503 1297 538 ?
1319 505 1376 538 Sic
1394 505 1531 538 videtur
1546 505 1676 538 doetis-

961 557 1046 590 simo
1061 557 1158 590 Viro.
1205 554 1252 590 Et
1276 557 1312 590 in
1338 557 1521 600 pecoribus
1544 559 1554 577 ‘
1570 557 1678 591 natio’

961 608 1100 642 dieitur.
1144 608 1225 642 Vid.
1239 609 1334 642 Fest.
1379 610 1459 651 Rig.

1005 663 1025 692 8
1049 661 1162 702 Regno
1177 661 1328 703 nemoris]
1350 661 1360 680 ‘
1378 662 1534 704 Regnum
1549 660 1677 704 gregis'

961 710 1052 744 dixit
1068 711 1171 745 Silius
1183 712 1328 745 Italicus
1343 712 1402 745 lib.
1419 713 1677 748 xv1.Punicor.

961 763 1083 796 eadem
1099 765 1134 796 in
1151 773 1202 805 re,
1221 764 1232 782 ‘
1250 763 1401 797 Abditus
1417 764 1450 796 in
1466 763 1584 806 sylvis,
1607 768 1677 797 sta·

961 813 1051 846 bulis
1086 824 1165 847 cum
1196 814 1303 847 cessit
1333 814 1502 857 ademptis
1536 813 1676 847 Amisso

960 865 1092 899 Taurus
1106 875 1212 909 regno
1237 865 1377 908 gregis!
1423 867 1511 901 Quae
1539 877 1560 899 a
1583 865 1676 899 Po‘e-

962 919 1074 948 tarum
1090 916 1249 959 principe
1263 920 1439 950 mutuatus
1458 920 1524 958 est,
1544 917 1675 960 Georg-

961 966 1019 999 lib.
1046 977 1105 1000 111.
1136 970 1212 1000 228.
1244 968 1254 986 ‘
1271 968 1528 1010 Regnatorem'
1554 968 1676 1002 itidem

962 1020 972 1038 ‘
989 1019 1104 1062 agelli'
1126 1020 1215 1053 dixit
1238 1020 1412 1054 Martialis
1433 1022 1536 1064 Epig.
1561 1021 1623 1055 lib.
1639 1030 1677 1054 x.

961 1075 1016 1105 61.
1050 1072 1134 1104 Neo.
1181 1072 1261 1105 Non
1275 1071 1428 1114 dubium,
1444 1073 1525 1116 quin
1541 1082 1585 1105 ex
1597 1072 1677 1105 Vir·

961 1123 1045 1166 gilio
1061 1123 1104 1156 de
1129 1128 1231 1156 tauro
1256 1123 1349 1156 victo
1375 1124 1507 1166 Georg.
1522 1133 1582 1157 111.
1597 1127 1676 1157 228.

959 1175 969 1194 ‘
987 1176 1033 1208 Et
1048 1175 1186 1208 stabula
1202 1176 1411 1218 adspectans
1427 1177 1543 1219 regnis
1559 1186 1678 1210 exces-

961 1226 1007 1260 sit
1023 1226 1147 1261 avitis!
1180 1228 1228 1260 Et
1242 1228 1277 1260 iu
1292 1228 1368 1261 AEn.
1382 1237 1450 1261 xu.
1466 1231 1543 1261 718.
1558 1229 1568 1247 ⁴
1581 1229 1678 1262 Mus-

960 1282 1109 1321 santque
1129 1278 1307 1320 juvencae,
1324 1279 1408 1313 Quis
1433 1280 1554 1322 pecori
1568 1279 1677 1322 impe-

961 1329 1060 1370 ritet‚
1074 1338 1176 1372 quem
1200 1333 1274 1362 tota
1290 1334 1448 1363 armenta
1466 1331 1679 1374 sequantur:

961 1381 1078 1414 Faber.
1135 1381 1146 1399 ‘
1162 1380 1325 1415 Armenti
1351 1381 1463 1425 reges'
1487 1382 1580 1416 dixit
1603 1383 1680 1415 Sta-

961 1432 1030 1465 tius
1042 1433 1103 1466 Th.
1119 1441 1172 1466 xi.
1188 1435 1243 1466 28.

1006 1483 1171 1525 Nemoris]
1205 1485 1354 1527 Proprie
1378 1485 1423 1518 de
1445 1486 1543 1528 sylva
1558 1486 1678 1529 pecori

961 1535 1098 1569 alendo.
1143 1534 1234 1569 Vide
1270 1537 1462 1570 Varronem
1503 1538 1547 1571 de
1577 1538 1617 1573 L.
1637 1539 1678 1572 L.

960 1586 1070 1626 Schef.
1261 1608 1264 1612 ι

1004 1641 1025 1671 9
1049 1639 1184 1673 Paludis
1207 1640 1244 1673 in
1265 1644 1387 1674 secreta
1410 1641 1515 1674 veniet
1528 1641 1678 1684 latibula]

959 1690 1003 1722 In
1023 1691 1234 1732 palustribus
1250 1692 1336 1725 locis
1360 1698 1503 1726 aetatem
1528 1694 1680 1736 plerum-

960 1750 1029 1784 que
1045 1741 1172 1783 degere
1180 1742 1398 1784 jubebantur
1412 1744 1575 1787 relegati,
1587 1744 1677 1787 ejus-

959 1801 1028 1835 que
1040 1793 1145 1825 moris
1171 1794 1368 1836 exemplum
1385 1799 1440 1828 est
1455 1795 1548 1838 apud
1566 1795 1678 1828 Hero-

961 1842 1080 1876 dotum
1108 1844 1144 1876 in
1160 1845 1328 1887 Euterpe,
1339 1846 1399 1878 ubi
1419 1846 1463 1879 de
1477 1847 1679 1880 Psammiti-

962 1896 1026 1928 cho
1039 1906 1047 1928 ι
1070 1896 1124 1929 Ἐς
1138 1895 1172 1928 δὲ
1183 1896 1226 1929 τὰ
1246 1894 1324 1929 ἕλεα
1336 1896 1422 1939 ἔδοξέ
1443 1904 1501 1940 σφι
1516 1899 1616 1940 διῶξαι
1628 1901 1679 1940 ψι-

962 1946 1128 1980 λώσαντας
1141 1948 1184 1980 τὰ
1197 1950 1335 1981 πλεῖστα
1347 1951 1407 1988 τῆς
1421 1949 1585 1990 δυνάμεως.
1630 1952 1678 1984 Et

963 2008 1044 2031 mox
1056 2010 1064 2031 :
1088 1997 1217 2040 Φεύγειν
1231 2000 1263 2033 ἐς
1276 2000 1319 2033 τὰ
1332 1999 1417 2034 ἕλεα.
1442 2002 1523 2043 Rig.

1006 2050 1137 2083 Secreta
1165 2052 1269 2084 veniet
1295 2052 1445 2094 latibula]
1491 2053 1614 2094 Plene,
1640 2056 1679 2085 nt

964 2110 1072 2143 supra
1093 2101 1104 2119 ‘
1122 2101 1304 2144 Liquidam
1327 2102 1565 2136 sorbitionem'
1581 2113 1680 2136 usur·

964 2152 1086 2194 pavit3
1108 2152 1211 2194 vulgo
1226 2153 1235 2170 ‘
1252 2153 1406 2186 Secreta'
1429 2158 1564 2196 ponunt
1579 2154 1679 2188 abso-

964 2203 1052 2236 lute.
1095 2203 1185 2236 Sunt
1202 2208 1319 2237 autem
1331 2205 1406 2238 loca
1418 2210 1553 2239 remota
1564 2213 1584 2238 a
1597 2216 1680 2249 quo-

964 2253 1097 2287 tidiana
1121 2254 1400 2289 conversatione.
1468 2257 1525 2289 Sic
1552 2257 1677 2290 Horat.

964 2304 975 2323 ‘
991 2305 1084 2338 Loca
1108 2304 1267 2344 secreta:
1298 2310 1334 2338 et
1360 2307 1551 2339 Columella
1584 2307 1594 2326 ⁴
1612 2307 1679 2340 Pa-

965 2356 1162 2390 bulationes
1179 2356 1346 2389 secretas'
1368 2357 1500 2391 dixere.
1524 2358 1633 2398 Sches.

1010 2411 1051 2441 10
1085 2407 1307 2449 Ρνοεαῑσαὶαε]
1360 2408 1466 2442 Ovid.
1493 2409 1581 2442 Met.
1610 2418 1677 2442 ΧΠ.

965 2462 1042 2493 873.
1076 2460 1085 2478 ‘
1103 2459 1327 2503 Pedibusque
1355 2459 1464 2493 virum
1498 2461 1679 2503 proculcat

965 2511 1123 2555 equinis.'

1012 2563 1145 2596 Obteret
1160 2564 1238 2595 duro
1250 2563 1345 2605 pede]
1369 2563 1492 2597 Horat.
1504 2564 1578 2598 Sat.
1590 2574 1632 2598 n.
1645 2568 1678 2598 3.

966 2613 1098 2647 ‘Ranae
1136 2614 1241 2656 pullis
1268 2614 1367 2647 vituli
1403 2615 1493 2657 pede
1525 2616 1678 2659 pressis.'

969 2666 1056 2698 Gud.

1010 2720 1051 2750 11
1076 2718 1145 2759 Ιιο]
1192 2718 1271 2750 Hoc
1298 2717 1415 2760 modo,
1439 2718 1503 2751 hae
1529 2718 1677 2753 ratione.

966 2770 1127 2812 Respicit
1170 2770 1319 2812 priorem
1363 2770 1680 2813 interrogationem,

966 2830 1072 2866 qnare
1094 2821 1166 2855 scil.
1183 2831 1223 2853 ac
1239 2819 1409 2865 quomodo
1434 2821 1518 2864 ipsis
1546 2826 1680 2856 tantum
