1806 3236
303 577 698 658 -VITA
796 578 1423 657 PHAEDRI

602 776 708 820 EX
764 774 1151 828 PHAEDRO‚¹

726 963 729 966 -
758 939 996 973 AUCTORE

452 1081 509 1131 J.
565 1080 641 1131 G.
697 1081 757 1132 S.
814 1079 1303 1132 SCHWABE.

140 1445 433 1508 PHAEDRUM
462 1463 607 1509 fuisse
637 1462 877 1515 Tfflacem,
907 1475 998 1504 non
1026 1461 1164 1517 pauci
1193 1461 1388 1519 virorum
1419 1458 1625 1502 doctissi-

140 1545 313 1576 momm
333 1537 450 1587 sunt,
470 1534 563 1591 qui,
583 1532 698 1576 d'uce
717 1531 917 1583 Pithoeo,
941 1532 1172 1573 statuant?
1224 1530 1486 1573 Provocant
1504 1527 1624 1571 enim

142 1601 200 1644 ad
218 1602 321 1658 ipsa
340 1602 523 1646 Phaedri
543 1602 680 1645 verba
693 1599 725 1644 :b

143 1665 146 1668 ⁴
319 1671 435 1726 Ego,
452 1685 584 1728 quem
605 1670 760 1714 Pierio
774 1672 915 1713 mater
934 1668 1070 1712 enixa
1089 1670 1158 1711 est
1172 1667 1300 1724 jugo,

317 1739 376 1783 In
394 1753 487 1797 quo
508 1740 679 1799 tonanti
697 1742 853 1782 sancta
877 1736 1171 1794 Mnemosyne
1192 1736 1222 1780 J
1226 1736 1317 1789 ovi,

317 1807 550 1852 Foecunda
566 1808 740 1860 novies,
757 1808 920 1851 artium
938 1806 1114 1863 peperit
1133 1807 1331 1860 chorum,
1354 1806 1436 1849 &c.

143 1878 189 1919 et
208 1874 268 1920 ad
286 1875 438 1921 locum
459 1878 594 1922 alium
607 1883 637 1920 :⁰

318 1945 433 2003 Ego,
453 1947 642 1990 literatae
661 1947 742 2002 qui
762 1959 862 1989 sum
881 1946 1063 2002 propior
1082 1942 1297 1996 Graeciae,

321 2014 414 2058 Cur
431 2028 590 2059 somno
610 2015 738 2058 inerti
759 2015 967 2058 deseram
986 2014 1146 2071 patriae
1167 2013 1309 2057 decus
1321 2014 1342 2055 'i

316 2082 535 2127 Threissa
554 2097 656 2126 cum
677 2096 785 2138 gens
803 2085 1002 2126 numeret
1021 2085 1232 2124 auctores
1253 2093 1378 2133 suos,

321 2151 523 2208 Linoque
543 2147 713 2207 Apollo
736 2151 796 2193 sit
816 2163 997 2206 parens,
1019 2149 1158 2192 Musa
1177 2149 1370 2207 Orpheo.

179 2242 183 2246 ·
206 2219 384 2274 Quibus
405 2218 577 2261 addunt
594 2219 744 2262 locum
764 2218 996 2261 Strabonis
1006 2217 1035 2261 :⁶
1053 2215 1148 2260 Ἀπό
1171 2218 1207 2260 δὲ
1227 2221 1293 2260 τοῦ
1307 2216 1462 2273 μέλους,
1479 2217 1544 2260 καὶ
1565 2221 1631 2259 τοῦ

820 2343 856 2378 Ν
862 2342 968 2377 OTAE

151 2448 155 2452 ,
191 2418 203 2440 ¹
230 2419 274 2452 In
288 2418 567 2453 enarranda-vita
580 2419 723 2452 Pbaedri
745 2429 788 2452 ea
803 2429 864 2462 po·
919 2417 963 2452 ad
977 2417 1198 2462 probandum
1212 2417 1359 2450 idoneis.

148 2470 318 2504 tissimum
330 2471 365 2503 in
378 2480 458 2503 usus
474 2480 568 2503 meos
584 2471 690 2512 verti,
705 2480 782 2513 quae
798 2470 865 2502 viri
964 2474 979 2492 ⁸
999 2468 1197 2503 schefferus
1218 2469 1254 2501 iu
1280 2469 1365 2501 Vita
1386 2466 1527 2500 Phaedri
1542 2477 1550 2499 ε
1574 2467 1640 2500 Ρι-

146 2521 255 2566 ᾱροῑί,
279 2522 464 2563 Ρυιιοσίιιε,
483 2522 504 2555 J
511 2530 638 2555 oannes
654 2520 865 2563 Schefferus,
920 2520 1050 2553 bricius
1075 2520 1110 2552 in
1135 2520 1176 2553 B.
1192 2520 1233 2552 L.
1257 2522 1281 2551 t.
1301 2528 1343 2552 11.
1359 2528 1395 2560 p.
1410 2521 1465 2551 25.
1488 2517 1556 2550 Ed.
1580 2518 1644 2550 Er·

145 2571 204 2607 Jo.
219 2571 302 2606 Alb.
318 2571 512 2614 Fabricius,
537 2573 576 2604 F.
589 2572 665 2606 Jos.
689 2572 865 2605 Desbilio·
918 2576 1010 2605 nest.
1037 2571 1209 2604 Funccius
1226 2570 1269 2603 de
1292 2570 1433 2603 Senect.
1449 2569 1490 2602 1..
1507 2569 1548 2602 L.
1564 2579 1595 2602 c.
1607 2571 1638 2602 3.

143 2623 406 2665 ahusen-usius,
435 2623 584 2665 Augias,
599 2622 642 2655 de
656 2623 766 2656 hocce
782 2623 866 2665 poe·
920 2625 951 2666 §.
968 2627 1000 2658 8.
1016 2624 1087 2656 aiii.

147 2681 186 2709 ts
195 2673 371 2709 memorioe
382 2674 634 2717 prodiderunt;
652 2674 704 2707 ita
713 2674 867 2717 quidem,
965 2675 981 2698 δ
1003 2675 1098 2708 Ptol.
1113 2674 1174 2707 lib.
1189 2682 1248 2706 ιιι.
1265 2676 1377 2706 17-19.

145 2729 188 2758 ut
203 2725 335 2768 placita
361 2734 480 2758 eorum
505 2724 740 2768 disquisitioni
766 2726 869 2769 subji-
967 2731 982 2748 ⁰
1005 2726 1102 2759 Prol.
1118 2725 1178 2758 lib.
1196 2733 1254 2757 ιιι.
1271 2725 1386 2756 54-57.

146 2786 276 2819 cerem,
315 2781 492 2820 novasque
535 2777 664 2819 passim
702 2778 870 2811 auderem
966 2777 982 2799 ‘¹
1004 2777 1207 2819 Geograph.
1233 2775 1294 2809 lib.
1319 2783 1354 2815 x.
1381 2783 1417 2817 p.
1441 2776 1517 2808 722.
1547 2773 1630 2807 Edit

149 2829 385 2873 conjectum,
409 2832 623 2864 sustentatus
657 2831 869 2873 argumentis
922 2828 1068 2862 Amstel.
1085 2830 1184 2860 1707.
1200 2825 1226 2860 f.
