1806 3236
225 240 316 285 fflffi

225 345 376 378 humeris
400 343 646 378 cohaerebunt!
690 346 738 378 Et
762 345 811 378 sic
832 345 934 388 plane

227 406 354 430 censeo
376 396 581 439 legendum:
610 395 718 438 prima
743 396 874 438 syllaba
898 396 935 428 in

226 448 340 481 innixa
355 452 498 489 propter
517 446 775 479 similitudinem
789 457 935 490 sequen-

227 499 272 531 tis
288 498 419 531 extrita
442 497 497 529 vel
523 497 648 530 omissa
670 502 724 530 est
750 507 770 529 a
784 497 934 530 librario.

226 550 336 589 Schef.
391 548 540 590 Dubito,
575 549 657 592 quia
685 548 853 582 innitimur
882 549 932 582 rei

226 600 317 633 infra
332 610 392 632 nos
407 600 540 642 positae,
555 600 611 632 vel
623 600 745 632 saltem
761 609 859 642 aequa
874 608 933 631 no-

226 650 278 683 bis
294 650 488 691 altitudine,
510 649 571 682 sed
597 650 652 682 hic
673 650 795 692 vulpes
810 649 933 682 evado

226 701 350 735 nititur
375 701 412 733 in
436 710 566 733 cornua
594 701 693 742 hirci,
716 705 754 734 et
778 700 828 734 ita
856 710 934 733 cum

227 759 347 796 posset
368 753 502 796 assequi
527 753 717 794 marginem
733 752 841 795 putei,
856 761 934 785 eva-

226 805 290 838 dit.
334 806 449 842 Quare
478 814 543 846 ego
580 805 717 837 mallem
745 805 843 846 enisa,
879 804 936 837 vel

224 856 330 897 enixu,
346 855 456 897 idest,
471 865 537 897 ope
553 865 720 888 cornuum
732 856 934 888 ascendens.

226 907 285 940 Sic
310 908 320 925 ‘
335 906 407 938 Per
421 906 529 938 ardua
544 906 654 938 enixi’
679 907 776 939 Curt.
800 916 866 940 vu.
883 910 935 939 11.

225 957 364 990 Cornua
379 960 496 989 autem
507 961 545 989 ut
559 957 799 998 instrumenta,
812 958 935 1001 quibus

224 1008 370 1041 enititur
384 1008 419 1039 in
440 1017 619 1049 summum,
646 1008 853 1041 considerari
877 1008 935 1041 de-

226 1060 321 1093 bent.
363 1059 422 1092 Sic
451 1060 545 1102 apud
573 1060 698 1094 Horat.
728 1060 797 1094 Od.
823 1070 880 1093 111.
905 1063 935 1094 3.

226 1112 236 1130 ‘
252 1111 329 1144 Hac
346 1115 421 1143 arte
444 1111 572 1144 Pollux
596 1116 632 1143 et
648 1122 752 1153 vagus
770 1112 938 1145 Hercules

226 1162 352 1195 Enisus
379 1171 478 1194 arces
504 1162 622 1203 attigit
648 1163 765 1204 igneas
777 1162 798 1195 :'
822 1167 861 1195 ut
876 1172 938 1204 op-

226 1213 302 1246 timi
330 1212 481 1254 codices,
509 1222 576 1245 non
604 1213 734 1245 innixus
763 1214 853 1256 quod
890 1214 939 1245 ibi

226 1266 338 1298 locum
355 1265 482 1296 habere
498 1264 635 1306 nequit:
659 1269 695 1296 et
711 1268 805 1297 recte
830 1265 938 1296 Bent-

226 1316 314 1348 leius
345 1319 457 1355 notat,
487 1314 585 1347 inniti
613 1324 714 1357 quem
746 1313 870 1354 fulcro,
895 1324 938 1346 ne

225 1366 345 1410 eadat,
374 1366 464 1409 miti,
493 1366 552 1409 qui
582 1365 618 1399 in
650 1366 758 1399 altum
794 1370 939 1399 conatur

704 250 848 284 NoTAE
879 250 941 284 vA
951 251 1149 285 monum
1181 252 1234 285 IN

988 347 1147 381 evadere.
1191 348 1248 381 Ita
1272 346 1489 382 ‘enituntur’
1515 347 1702 392 equi-our

989 399 1081 441 apud
1097 398 1202 432 Ovid.
1216 400 1304 433 Met.
1320 409 1361 433 u.
1375 402 1430 433 64.
1453 400 1569 433 Burm-
1662 440 1664 443 .

1032 452 1074 482 12
1097 450 1306 493 Hircumque]
1327 451 1395 484 Ms.
1413 451 1570 484 Humum.
1600 451 1692 485 Gnd.

1034 500 1163 542 Clauso]
1197 501 1348 544 Propter
1378 503 1532 537 clausum
1567 502 1693 537 vadum

989 550 1109 593 egredi
1122 560 1190 584 non
1205 552 1387 586 valentem.
1416 552 1520 594 &laef-

1030 601 1230 644 Hoerentem]
1254 602 1453 645 Eleganter,
1478 604 1514 637 in
1530 607 1693 646 respectu

987 653 1031 686 ad
1046 652 1284 686 difficultatem
1305 654 1477 700 elabendi,
1498 665 1538 689 ac
1552 656 1694 690 incerti-

988 704 1145 738 tudinem
1160 704 1294 737 consilii
1316 704 1351 738 in
1367 705 1458 738 malo
1473 706 1696 748 prenestini·

989 766 1056 789 mo.
1100 754 1174 788 Cic.
1190 754 1299 789 Acad.
1314 764 1341 787 1.
1364 755 1375 774 ‘
1393 753 1571 788 Haerebat.
1585 756 1695 790 mba-

990 807 1023 839 lo
1037 817 1047 847 ;
1070 817 1137 850 quo
1167 816 1205 839 se
1235 810 1398 849 verteret,
1426 816 1494 840 non
1522 806 1696 841 habebnt!

989 858 1095 898 Senes.
1141 859 1196 891 De
1219 859 1362 891 navibus
1388 859 1492 900 dixit,
1510 860 1534 882 =‘
1548 859 1696 892 lieren

990 910 1024 942 in
1039 909 1150 951 vado,'
1164 910 1286 942 Florus
1302 919 1359 943 111.
1375 913 1428 944 10.
1443 914 1481 943 et
1494 919 1548 943 ιν.
1562 913 1596 944 2.

1039 960 1141 1002 Vada]
1175 961 1295 994 Vadam
1319 961 1439 994 Poetis
1465 961 1576 1004 quivis
1598 962 1696 995 loeus

991 1011 1138 1054 aequoris
1153 1016 1214 1045 aut
1228 1010 1386 1045 fluminis.
1429 1012 1531 1046 Silius
1543 1012 1698 1056 Italicus,

990 1062 1049 1095 lib.
1065 1071 1107 1095 11.
1130 1062 1140 1081 ‘
1153 1063 1311 1095 Caeruleo
1327 1067 1494 1105 proveeta
1515 1063 1604 1097 vado
1619 1064 1696 1106 jam

993 1115 1157 1147 Dardana
1172 1114 1317 1157 puppis)
1337 1114 1581 1149 Phaedrovvero
1592 1115 1697 1149 etin

991 1165 1134 1207 placuit,
1163 1165 1275 1197 vadum
1300 1174 1487 1207 agnoscere
1515 1165 1548 1198 in
1580 1166 1696 1207 puteo'.

992 1215 1071 1247 Vid.
1089 1215 1208 1247 Barth.
1225 1214 1269 1247 ad
1286 1214 1406 1248 Claud.
1429 1216 1547 1258 Epith.
1563 1215 1695 1249 Honor.

993 1270 1029 1298 et
1044 1266 1133 1298 Mar.
1146 1275 1194 1298 vs.
1210 1267 1283 1297 142.
1308 1266 1430 1298 Behot.
1444 1265 1579 1309 Apoph.
1590 1275 1633 1300 11.
1643 1268 1695 1300 12.

992 1320 1029 1350 et
1042 1317 1197 1350 Gronov.
1214 1316 1299 1350 obs.
1317 1326 1340 1350 1.
1357 1319 1408 1352 19.
1622 1341 1625 1345 ·
1686 1341 1688 1345 ψ

777 1634 1034 1679 FABULA
1084 1636 1150 1679 X.

270 1780 288 1809 1
309 1777 424 1819 Peras]
448 1779 499 1811 Eo
512 1777 634 1811 alludit
646 1778 788 1811 Persius
802 1779 875 1812 Sat.
886 1787 939 1811 ιν.

225 1827 236 1844 ‘
251 1828 300 1860 Ut
310 1833 416 1861 ‘nemo
441 1829 476 1861 in
494 1839 570 1861 sese
586 1833 700 1862 tentat
715 1829 940 1870 descendere,

227 1888 343 1920 nemo,
356 1879 425 1912 Sed
438 1879 650 1921 praecedenti
660 1884 838 1922 spectatur
850 1889 942 1912 man-

212 1950 216 1951 ν
231 1929 303 1962 tica
319 1930 443 1972 tergo!
489 1930 621 1962 Eodem
639 1940 773 1972 quoque
789 1930 943 1963 Catullus

230 1981 267 2012 in
279 1979 455 2014 Suffenum
469 1992 478 2013 t
505 1983 514 1999 ‘
525 1981 593 2014 Sed
606 1991 674 2013 non
685 1981 839 2014 videmus
851 1990 944 2013 man·

233 2031 313 2064 ticae
331 2032 422 2074 quod
437 2032 471 2063 in
489 2036 590 2074 tergo
615 2031 690 2064 est!
733 2032 838 2064 Forte
854 2035 889 2064 et
904 2031 943 2063 il-

228 2083 290 2115 lud
316 2083 459 2115 Senecae
485 2083 529 2115 de
555 2083 615 2115 Ira
640 2083 700 2116 lib.
715 2092 772 2116 ιιι.
794 2084 804 2102 ‘
824 2083 944 2116 Aliena

226 2133 311 2166 vitia
326 2134 362 2166 in
379 2134 487 2166 oculis
500 2134 678 2176 habemus,
704 2144 724 2166 a
745 2138 846 2176 tergo
863 2144 940 2167 nos-

230 2184 402 2224 trasuut.¹
426 2185 510 2218 Neo.

271 2237 374 2269 Peras
388 2236 537 2277 imposuit
550 2236 695 2278 Jupiter]
717 2236 938 2270 Ammonius:

227 2286 316 2330 Πήρα
334 2286 429 2329 δέρμα
442 2300 474 2319 τι
489 2286 666 2330 ἀρτοφόρον,
681 2287 699 2319 ὃ
714 2287 764 2319 ἐπὶ
778 2290 840 2320 τῶν
854 2290 941 2329 ὤμων

228 2339 374 2382 φέρουσιν
385 2340 415 2372 οἱ
424 2339 577 2380 ποιμένες.
602 2340 682 2381 Rig.

270 2393 373 2425 Perua
386 2393 478 2434 duaa]
511 2391 698 2424 Arsenius:
722 2389 940 2431 Ἀποφθεγμά-

227 2454 290 2475 των
312 2445 430 2482 Συναγ.
483 2441 626 2474 Αἴσωπος
652 2439 724 2481 ἔφη,
753 2439 819 2472 Δύο
841 2440 939 2482 πήρας

227 2492 362 2526 ἕκαστον
382 2493 467 2532 ἡμῶν
480 2490 593 2535 φέρειν·
615 2491 675 2530 τὴν
688 2490 746 2532 μὲν
760 2490 942 2534 ἔμπροσθεν·

229 2543 287 2583 τὴν
298 2543 331 2576 δὲ
348 2544 484 2576 ὄπισθεν·
506 2543 558 2576 καὶ
573 2542 615 2576 εἷς
629 2541 687 2583 μὲν
699 2542 759 2581 τὴν
775 2542 944 2585 ἔμπροσθεν

232 2593 410 2627 &ro-noim
420 2594 461 2626 τὰ
472 2597 535 2626 τῶν
549 2593 657 2626 ἄλλων
672 2592 889 2634 ἁμαρτήματα,
903 2592 945 2625 εἷς

232 2644 267 2678 δὲ
281 2644 340 2683 τὴν
360 2645 485 2676 ὄπισθεν
503 2643 546 2676 τὸ.
571 2645 700 2686 ἑαυτῶν,
715 2642 792 2676 διότι
806 2644 842 2675 οὐ
856 2647 945 2676 καθο-

228 2698 326 2738 ρῶμεν
337 2695 428 2727 αὐτά.
455 2696 544 2728 Gud.

271 2750 292 2779 2
317 2747 462 2788 Propriis
493 2748 643 2788 repletam
668 2746 773 2788 vitiis]
795 2747 940 2788 Elegan-

228 2796 360 2828 tissime
390 2796 557 2828 Horatius
582 2796 656 2829 Sat.
671 2806 698 2828 1.
714 2799 746 2828 3.
766 2799 776 2815 ⁴
793 2798 940 2838 Egomet

228 2847 273 2881 mi
290 2847 442 2889 ignosco,
466 2847 612 2882 Maevius
637 2847 760 2890 inquit.
803 2848 940 2882 Stultus

994 1782 1031 1811 et
1046 1777 1220 1820 improbus
1235 1776 1290 1809 hic
1304 1786 1399 1810 amor
1417 1779 1485 1818 est,
1509 1775 1698 1820 dignusque

994 1829 1119 1862 notari.
1175 1828 1260 1860 Cum
1289 1832 1350 1860 tua
1385 1827 1565 1869 pervideas
1593 1829 1700 1862 oeulis

995 1879 1084 1912 mala
1109 1880 1222 1922 lippus
1247 1878 1408 1921 inunctis,
1433 1879 1502 1911 Cur
1524 1879 1560 1911 in
1575 1879 1700 1913 amieo·

995 1940 1070 1963 rum
1093 1930 1184 1964 vitiis
1210 1934 1281 1963 tam
1304 1930 1414 1963 cernis
1436 1934 1574 1964 acutum
1586 1931 1611 1963 θ’
1635 1933 1700 1964 &c.

996 1982 1143 2015 Freimh.

1039 2033 1196 2075 Propriis,
1208 2032 1280 2074 Bra]
1303 2032 1481 2066 Catullus:
1505 2032 1617 2066 ‘Suus
1631 2033 1701 2067 eni-

997 2095 1063 2128 que
1087 2084 1274 2117 attributus
1303 2088 1357 2116 est
1380 2093 1501 2117 error:
1537 2083 1607 2122 Sed
1633 2093 1702 2117 nou

996 2137 1163 2178 videmus,
1179 2135 1338 2168 manticae
1350 2135 1440 2177 quod
1461 2135 1497 2167 in
1512 2138 1610 2177 tergo
1624 2135 1701 2168 est:

993 2187 1133 2220 Persius
1162 2187 1234 2219 Sat.
1259 2195 1311 2220 ιν.
1353 2187 1397 2218 Β.
1424 2185 1638 2228 Augustinus
1665 2187 1700 2219 in

993 2238 1087 2271 Psal.
1103 2247 1135 2270 1..
1169 2238 1272 2271 ‘Non
1299 2237 1422 2280 posui‚'
1448 2237 1572 2280 inquit,
1595 2238 1606 2256 ‘
1625 2241 1702 2279 post

993 2290 1132 2322 dorsum
1159 2299 1284 2330 meum,
1310 2288 1400 2332 quod
1427 2286 1509 2321 feci.
1555 2289 1634 2322 Non
1650 2288 1700 2321 in-

993 2345 1094 2373 tueor
1120 2340 1203 2373 alios
1229 2339 1356 2373 oblitus
1385 2339 1463 2372 mei.
1507 2339 1700 2373 Peccatum

993 2401 1106 2423 meum
1119 2395 1199 2424 ante
1215 2400 1270 2424 me
1286 2394 1352 2433 est,
1363 2400 1431 2424 uon
1445 2396 1525 2433 post
1537 2392 1618 2434 me,'
1633 2394 1699 2425 ὄις.

996 2442 1078 2482 Rig.

1040 2491 1201 2533 Propriis,
1219 2490 1290 2533 ἅμ]
1323 2491 1376 2523 Ex
1400 2490 1459 2524 illo
1485 2491 1699 2526 Catulliano:

996 2542 1007 2560 ‘
1020 2542 1088 2575 Sed
1104 2552 1171 2575 non
1195 2542 1360 2583 videmus,
1383 2542 1544 2575 manticae
1559 2543 1649 2585 quod
1665 2544 1701 2576 in

998 2597 1095 2635 tergo
1111 2593 1186 2626 est!
1230 2593 1332 2627 Quod
1347 2595 1384 2624 et
1395 2592 1534 2624 Persius
1551 2593 1703 2627 imitatus

998 2647 1052 2675 est
1063 2644 1126 2675 hoc
1140 2652 1238 2674 versu
1253 2653 1261 2675 :
1283 2642 1293 2660 ‘
1307 2641 1375 2674 Sed
1386 2642 1597 2690 proecedenti
1605 2654 1701 2686 spec-

993 2697 1087 2726 tatur
1115 2693 1265 2725 mantica
1296 2692 1417 2734 tergo?
1467 2694 1536 2726 Sed
1563 2699 1600 2727 et
1626 2696 1701 2729 aliis

992 2747 1057 2778 hac
1073 2744 1325 2786 elegantissima
1341 2743 1468 2776 fabella
1480 2745 1531 2777 uti
1546 2746 1698 2787 placuit:

994 2802 1032 2829 ut
1046 2796 1246 2835 Galeno‚‘ut
1256 2794 1455 2827 Themistio.
1502 2795 1614 2838 Hujus
1627 2798 1700 2839 qni-

995 2849 1073 2883 dem
1105 2848 1216 2883 locum
1253 2846 1334 2883 mihi
1371 2846 1535 2882 iudicavit
1571 2847 1698 2884 amicus
