1806 3236
229 231 315 275 476

230 336 309 369 Hoc
323 335 412 368 enim
436 335 569 368 Noster
583 334 669 375 vult,
692 342 731 366 se
745 332 864 375 AEsopi
879 342 932 366 se·

229 387 360 428 mitam,
370 396 437 428 qua
451 394 538 417 unns
552 384 712 426 solusque
728 383 935 425 ambulabat,

230 435 433 479 repetendo,
448 440 484 467 et
499 434 725 477 frequentius,
741 443 842 476 quam
857 434 934 476 ipse

229 487 373 528 fecerat,
399 486 564 519 calcando
591 485 759 528 effecisse,
781 489 819 518 nt
833 484 935 517 fieret

229 538 295 570 via.
340 537 468 569 Semita
488 536 530 569 fit
557 536 624 578 via,
646 546 724 569 cum
740 546 760 568 a
775 535 931 578 pluribus

230 588 352 630 incipit
367 587 545 628 ambulari,
568 591 605 619 et
629 587 678 620 sic
693 586 800 629 magis
814 587 934 628 vulga-

230 644 300 679 tur,
313 643 418 682 atque
442 639 620 673 dilatatur.
664 638 707 670 Id
726 637 816 680 qnod
836 638 934 669 Phae-

229 692 310 724 drus
334 695 356 723 a
382 700 419 722 se
436 690 483 721 ait
498 689 643 729 factum,
669 688 815 730 ideoque
831 687 935 729 subji-

230 741 291 782 cit,
318 741 365 773 Et
385 739 523 781 cogitavi
546 739 721 779 PLURA,
742 748 835 780 quam
859 737 935 770 reli·

230 795 352 835 querat.
407 790 508 825 Quod
538 794 653 822 autem
683 789 795 821 Faber
821 793 934 831 putat,

229 847 310 876 ante
319 852 453 875 versum
462 843 551 874 hunc
563 841 742 873 nonnullos
754 839 936 882 excidisse,

230 904 316 937 quos
342 894 441 927 nobis
465 893 587 926 blattae
615 891 815 932 inviderint,
839 889 874 922 in
895 899 935 922 eo

229 945 312 978 mihi
339 955 434 977 suam
464 944 671 976 sententiam
699 952 767 975 non
798 942 933 984 probat.

228 995 336 1036 Senes.
392 997 507 1036 Lege:
545 994 638 1027 Exili
663 1003 756 1036 porro
781 1003 797 1026 e
822 993 936 1026 semita

221 1046 292 1086 feci
304 1047 399 1079 viam.
425 1046 546 1079 Heius.
579 1044 677 1088 vMihi
692 1044 811 1076 ultima
827 1043 935 1077 Gudii

229 1098 431 1140 conjectura
452 1106 520 1129 non
551 1096 722 1139 displicet,
747 1096 820 1136 Ego
846 1095 934 1128 illius

225 1158 284 1191 pro
299 1149 411 1181 semita
426 1148 497 1186 feci
521 1146 627 1185 viam3
648 1146 684 1178 id
700 1151 765 1188 est,
780 1145 934 1178 studium

229 1202 304 1243 ejus
333 1201 486 1242 angustis
514 1199 668 1232 terminis
696 1203 733 1232 et
753 1197 873 1240 paucis
885 1196 933 1230 fa-

228 1251 318 1284 bulis
333 1255 533 1284 contentum
560 1249 734 1292 ampliavi,
758 1249 857 1291 plura
877 1257 933 1280 co-

230 1302 356 1345 gitans,
371 1311 472 1344 quam
487 1302 545 1334 ille
561 1301 759 1343 reliquerat.
793 1299 934 1331 Ludunt

230 1362 314 1386 vero
338 1362 430 1395 saepe
448 1357 599 1393 autores,
625 1352 660 1383 in
675 1351 726 1383 his
748 1350 758 1369 ⁴
776 1349 934 1390 semitis‚'

228 1404 239 1423 ‘
251 1403 337 1447 viis,'
350 1405 361 1422 ‘
372 1402 576 1444 itineribus’,
586 1405 652 1435 &c.
674 1401 731 1434 Sic
745 1402 868 1434 Flor.1'.
879 1403 945 1434 14.·

227 1454 238 1471 ‘
255 1452 309 1493 Ad
326 1453 504 1486 victoriam
528 1453 595 1485 iter
621 1451 796 1493 sanguinis
813 1451 864 1483 sni
880 1461 932 1483 se-

227 1504 314 1536 mita
342 1503 510 1546 apernit3'
545 1502 581 1535 id
610 1508 676 1543 est,
711 1501 837 1543 exiguo
874 1501 933 1532 illo

230 1555 354 1587 damno
380 1555 432 1587 sni
455 1553 628 1595 sanguinis
643 1551 808 1584 militibus
835 1551 934 1583 dedit

229 1605 443 1638 occasionem
468 1604 643 1637 victoriae:
678 1611 758 1634 nam
779 1601 838 1644 qui
864 1602 934 1644 pri-

228 1665 304 1688 mus
319 1655 386 1688 iter
409 1654 532 1697 aperit,
555 1653 711 1686 semitam
737 1660 858 1686 novam
883 1652 933 1685 fa·

229 1706 289 1747 cit,
318 1715 421 1748 quam
444 1705 504 1737 alii
534 1709 719 1747 sequentes
754 1703 932 1746 ampliant,

230 1755 322 1787 viam
336 1760 372 1787 et
387 1756 454 1787 iter
469 1754 650 1787 facientes.
694 1754 753 1786 Sic
769 1754 932 1795 Propert-

204 1839 208 1844 ,
228 1815 287 1838 ιιι.
318 1807 351 1838 a.
381 1805 392 1823 ‘
413 1805 490 1839 Qua
515 1814 605 1837 nova
629 1813 784 1836 muscoso
811 1803 933 1836 semita

228 1856 324 1889 facta
346 1855 451 1889 soloz'
489 1856 546 1888 ubi
570 1855 646 1887 vide
684 1855 930 1896 Passeratium,

228 1907 287 1949 qui
303 1911 483 1948 angustam
498 1915 573 1938 esse
589 1906 704 1938 docet.
734 1905 792 1938 Sic
806 1905 816 1923 ‘
831 1905 932 1937 Viam

227 1957 354 1991 facere’
371 1957 436 1990 sibi
461 1962 619 1990 auctores
645 1956 779 1997 dicunt,
799 1957 857 1999 qui
873 1966 930 1998 ge·

228 2019 291 2042 nus
320 2009 494 2051 peculiare
525 2007 697 2040 scribendi
721 2011 928 2049 sequuntur:

229 2064 268 2093 ut
293 2060 435 2095 Quinct.
461 2069 520 2091 ιιι.
536 2062 567 2092 1.
589 2059 599 2077 ‘
615 2059 714 2091 Fecit
737 2058 861 2091 deinde
877 2068 934 2090 ve-

228 2111 282 2143 lut
292 2110 464 2152 propriam
474 2109 711 2151 Hermogenes
721 2108 836 2141 viam!
849 2110 858 2127 ‘
869 2110 933 2141 Fa-

230 2160 320 2195 cere'
337 2170 418 2192 vero
445 2159 455 2177 ‘
471 2158 569 2191 viam’
589 2159 725 2191 obviam
743 2158 834 2200 apud
850 2159 934 2191 Ovi-

230 2210 324 2241 dium
340 2214 376 2242 et
390 2209 473 2240 alios
489 2213 552 2241 est.
598 2207 667 2240 Sed
694 2208 841 2240 maxime
867 2210 933 2241 huc

230 2259 385 2302 pertinet
409 2260 506 2291 locus
532 2259 722 2299 Ciceronis,
737 2268 836 2301 quem
858 2260 935 2301 jam>

230 2310 310 2342 olim
339 2309 451 2342 codici
477 2319 555 2341 meo
585 2309 768 2350 adscripsi,
797 2313 834 2341 et
865 2310 931 2343 huc

229 2359 375 2392 adduxit
401 2353 696 2400 Hoogstratanus,
705 2369 748 2391 ex
763 2359 824 2392 lib.
839 2370 881 2392 ιι.
897 2361 932 2393 in

229 2410 330 2442 Verr.
345 2412 399 2441 23.
415 2409 474 2440 ubi
490 2408 656 2441 videndus
674 2409 848 2451 Graevius,
871 2410 932 2442 sed

230 2461 266 2493 in
280 2469 347 2503 qno
359 2459 507 2492 nondum
517 2459 598 2491 mihi
614 2457 808 2491 satisfacio:
832 2462 842 2478 ‘
853 2461 932 2493 Jam

230 2511 434 2553 intelligetis
460 2510 545 2542 hanc
574 2510 766 2552 pecuniam,
783 2520 852 2551 qua
879 2511 933 2543 via

230 2561 332 2594 modo
361 2561 436 2593 visa
465 2561 578 2593 exisse
613 2565 667 2593 est
701 2560 744 2593 ab
766 2560 846 2602 isto,
875 2571 932 2593 ea-

230 2613 309 2645 dem
336 2612 459 2644 semita
485 2611 667 2643 revertisse
679 2610 701 2642 ε’
736 2619 780 2642 ex
808 2611 931 2652 quibus

230 2662 343 2695 verbis
366 2662 586 2703 colligeretur
613 2662 700 2693 viam
729 2665 767 2694 et
789 2663 932 2694 aenaeam

230 2722 308 2746 esse
330 2712 484 2746 eandem.
526 2711 597 2744 Sed
620 2712 781 2754 legerem,
804 2713 932 2744 eandem

230 2763 346 2797 semitoe
363 2763 546 2798 revertisse.-
578 2762 744 2806 Pecunia,
769 2771 845 2806 quas
871 2772 930 2806 pa-

695 239 838 271 NO'I'AE
867 238 1135 271 vAmonUM
1170 239 1222 270 ΙΝ

980 333 1048 366 lam
1064 343 1128 376 per
1141 334 1232 367 viam
1249 333 1350 375 abiit,
1373 333 1495 366 eadem
1518 333 1578 366 illa
1591 333 1681 367 clam

981 394 1045 426 per
1056 385 1212 418 semitam
1222 385 1336 418 rediit.
1359 383 1515 418 Offendit
1527 384 1684 418 librarios

981 436 1197 477 pleonasmus
1217 437 1277 469 ille
1299 437 1390 478 hanc,
1411 439 1448 469 et
1471 436 1598 469 deinde
1613 440 1683 470 'eaba

982 488 1069 519 dem.-
1094 486 1154 520 sed
1179 487 1229 520 ita
1255 489 1388 520 centies
1412 487 1536 520 Cicero
1558 490 1596 520 et
1614 487 1685 529 alii,

983 541 1023 569 ut
1038 537 1120 570 alibi
1135 537 1307 570 docemus.
1341 538 1518 570 Praeterea
1532 537 1613 570 hinc
1625 545 1686 569 ex-

983 587 1162 629 plicandus
1185 588 1243 620 ille
1267 588 1386 621 Ovidii
1411 597 1529 620 versus
1549 587 1627 621 Art.
1641 593 1686 620 114⁴

983 640 1058 670 382.
1081 639 1093 657 ‘
1105 638 1148 670 In
1162 632 1299 670 tabulas
1312 638 1428 671 multis
1443 638 1516 671 liae
1530 637 1586 670 via
1598 636 1686 670 feeit

983 689 1051 722 iter
1059 688 1080 722 ε’
1105 694 1142 722 ut
1157 690 1212 722 hic
1225 699 1245 722 e
1261 689 1383 722 semita
1405 689 1462 722 via
1472 688 1526 730 fit,
1547 689 1599 722 ita
1612 688 1684 722 illic

984 750 1005 772 e
1019 740 1074 772 via
1091 739 1133 773 fit
1159 740 1358 772 latissimum
1377 739 1552 782 discipulis
1563 739 1634 772 iter
1646 743 1685 772 et

979 788 1098 832 facile,
1112 800 1175 833 per
1190 794 1294 832 artes,
1307 799 1390 833 quas
1415 789 1581 831 magister
1593 799 1684 823 amo-

984 849 1058 873 rum
1074 840 1187 874 docet.
1230 841 1312 874 Non
1332 840 1437 872 etiam
1451 836 1684 875 dissimilis-loa

983 890 1077 924 cutio
1090 890 1213 923 Velleii
1224 890 1400 923 Paterculi
1414 890 1474 923 lib.
1484 895 1528 923 ιι.
1537 892 1569 923 3.
1582 889 1593 908 ‘
1604 886 1685 923 Noa

984 941 1074 974 enim
1100 941 1148 973 ibi
1173 941 1367 974 consistunt
1399 941 1569 983 exempla,
1593 938 1699 974 unde,

984 994 1175 1035 coeperunt,
1200 992 1260 1024 sed
1285 991 1471 1035 quamlibet
1484 991 1525 1024 ‘in
1545 993 1700 1024 tenuem*

985 1048 1128 1086 recepta
1143 1042 1327 1084 tramitem,
1341 1042 1505 1075 latissime
1518 1039 1687 1083 evaginat
1701 1058 1704 1062 v

984 1093 1051 1126 sibi
1079 1094 1167 1126 viam
1183 1092 1319 1126 faciunt
1329 1093 1350 1126 :’
1371 1093 1430 1126 nbi
1446 1095 1562 1126 trames
1582 1091 1686 1125 tennis

984 1148 1038 1177 est
1059 1143 1163 1185 idem,
1177 1143 1269 1187 quod
1283 1143 1339 1176 hic
1354 1143 1479 1176 semita.
1521 1141 1602 1175 vid.
1617 1142 1684 1175 Iau-

984 1198 1047 1227 tat.
1068 1199 1105 1228 et
1118 1195 1238 1227 Barth.
1263 1194 1308 1226 ad
1334 1194 1426 1226 Stat·
1451 1192 1685 1226 'melun-48.

984 1250 1021 1278 et
1034 1255 1084 1278 vx.
1100 1248 1176 1278 155.
1219 1246 1299 1278 Non
1324 1249 1440 1277 tamen
1459 1243 1585 1275 damno
1598 1242 1684 1275 alte-

983 1305 1055 1327 ram
1070 1296 1264 1337 lectionem,
1291 1296 1364 1336 Ego
1377 1303 1470 1336 porro
1493 1293 1580 1326 illius
1591 1293 1683 1326 semi-

983 1351 1049 1380 tam
1064 1347 1132 1388 feci
1154 1348 1250 1389 viam,
1274 1357 1352 1390 quae
1378 1346 1413 1378 in
1435 1346 1591 1379 eumdem
1605 1355 1681 1378 sen-

983 1407 1056 1430 sum
1080 1398 1258 1440 congruit:
1291 1398 1393 1430 immo
1415 1406 1491 1429 eam
1506 1396 1623 1439 recepi
1645 1396 1680 1430 in

982 1453 1192 1481 contextum.
1215 1449 1328 1481 Burm-

1025 1501 1068 1531 39
1092 1499 1255 1540 Cogitavi]
1279 1498 1308 1530 Ι.
1324 1507 1356 1530 e.
1379 1496 1584 1539 excogitavi.
1606 1496 1681 1530 Liv.

982 1558 1023 1582 11.
1037 1554 1091 1583 55.
1115 1551 1247 1583 ΡνιιεσΙι.
1279 1549 1350 1582 Pro
1364 1549 1567 1591 composito,
1580 1557 1683 1581 exco-

983 1601 1102 1644 gitavi.
1144 1601 1202 1634 Sic
1218 1601 1334 1634 Livius
1359 1610 1403 1634 ιι.
1426 1604 1479 1635 55.
1499 1600 1511 1620 ⁴
1526 1601 1630 1634 Aliud
1645 1609 1682 1633 a*-

984 1653 1131 1695 gendum
1156 1662 1196 1686 ac
1221 1652 1440 1695 cogitandum
1453 1651 1475 1692 ;’
1507 1661 1608 1694 quem
1622 1649 1680 1684 'lo-

982 1714 1058 1737 cum
1083 1707 1276 1746 opportune
1290 1702 1485 1736 -Prascliins
1507 1702 1564 1734 hic
1582 1706 1682 1734 nota*

981 1754 1044 1786 vit·
1061 1755 1163 1787 Corn.
1188 1755 1306 1795 Nepos
1329 1754 1401 1786 vita
1422 1752 1581 1789 Datamis
1602 1761 1680 1794 cap.

982 1808 1014 1836 6.
1037 1806 1047 1823 ‘
1063 1805 1165 1838 Quod
1191 1805 1234 1837 ad
1257 1814 1352 1836 suam
1367 1803 1551 1846 perniciem
1565 1801 1680 1836 fuerat

982 1854 1191 1897 cogitatum?
1233 1855 1450 1897 Quanquam,
1462 1863 1506 1885 ne
1518 1853 1600 1895 qnid
1614 1853 1681 1886 dis·

981 1905 1148 1946 simulem,
1164 1905 1292 1938 Noster
1306 1914 1380 1946 pro,
1399 1907 1431 1935 et
1449 1902 1598 1943 cogitavi,
1613 1911 1680 1935 nna

982 1966 1066 1988 voce
1081 1956 1273 1997 excogitavi,
1286 1955 1408 1988 omissa
1422 1953 1680 1995 conjunctione,

983 2006 1072 2039 sicut
1087 2007 1189 2047 solet,
1204 2006 1378 2048 scripsisse
1391 2005 1560 2038 videatur.
1574 2004 1681 2044 Scies.

982 2057 1097 2099 Lege:
1123 2058 1347 2098 Excogitanao‘
1360 2057 1467 2098 plum,
1481 2065 1548 2096 quoe
1571 2056 1681 2087 relicta

982 2112 1084 2141 erant.
1108 2108 1228 2141 Heius.
1275 2107 1437 2148 cogitare,
1455 2116 1531 2148 pro,
1544 2106 1689 2148 excogi··

983 2163 1059 2191 tare
1081 2160 1190 2191 utitur
1214 2163 1252 2191 et
1273 2159 1412 2190 Terent.
1439 2157 1569 2189 Heant.
1593 2157 1681 2198 prol'.

983 2219 1019 2243 V.
1036 2213 1089 2242 13.
1111 2210 1121 2227 ‘
1137 2209 1207 2242 Sed
1223 2209 1277 2241 hic
1299 2212 1420 2241 auctor
1435 2211 1567 2240 tantum
1583 2211 1682 2249 pote-⁴

983 2260 1029 2293 rit
1056 2271 1076 2292 a
1101 2259 1277 2301 facundia,
1292 2260 1466 2293 Quantum
1488 2258 1548 2291 ille
1568 2259 1683 2301 potuit

983 2311 1138 2352 cogitare
1152 2309 1352 2343 commode!
1374 2309 1487 2342 Bur-m.

1025 2365 1066 2394 41
1089 2362 1275 2402 Accusator,
1289 2361 1398 2401 index,
1412 2359 1519 2401 testis]
1541 2359 1680 2395 Tacitus

983 2412 1026 2444 de
1041 2411 1161 2444 iisdem
1176 2410 1310 2443 Tiberii
1324 2408 1681 2452 temporibus,Annal.

982 2462 1041 2494 lib.
1069 2470 1120 2493 ιν.
1148 2463 1203 2493 28.
1235 2461 1245 2478 ‘
1271 2459 1464 2492 Accusator
1489 2458 1589 2500 tilius,
1615 2461 1681 2492 ὅτε.

983 2517 1132 2544 structas
1150 2510 1305 2551 Principi
1329 2508 1481 2548 insidias,
1495 2509 1682 2550 missosque

982 2562 1018 2594 in
1050 2561 1198 2594 Galliam
1228 2559 1419 2592 concitores
1455 2558 1548 2599 belli,
1578 2559 1682 2591 index

943 2601 956 2610 ”
982 2612 1072 2644 idem
1097 2615 1134 2643 et
1160 2611 1269 2650 testis,
1288 2608 1450 2642 dicebat?
1493 2610 1594 2643 Quod
1610 2610 1682 2643 Sci-

981 2662 1077 2703 oppii
1102 2661 1337 2702 conjecturam
1362 2659 1487 2692 firmat.
1530 2659 1601 2693 Sed
1625 2670 1682 2694 eo-

981 2711 1059 2744 dem
1082 2711 1160 2743 loco
1190 2720 1234 2743 ex
1264 2709 1488 2751 sequentibus
1523 2715 1682 2752 apparet,

982 2764 1202 2795 accusatores
1213 2763 1250 2794 et
1263 2760 1448 2802 delatores,
1458 2759 1529 2794 sive
1540 2760 1685 2803 indices,
