1806 3236
217 227 305 272 RB

216 337 318 376 quam
339 334 496 369 morsum,·
530 330 580 362 ita
602 330 612 347 ‘
628 328 756 361 Acrem
780 328 920 361 canem'

217 387 337 416 noster
363 382 453 414 dixit
477 380 537 413 lib.
561 389 619 412 111.
644 378 715 413 fab.
737 382 769 413 7.
796 380 919 412 Horat.

217 435 283 476 Ep.
300 442 367 466 xu.
392 435 425 464 6.
453 431 565 464 Cicer.
593 431 694 463 Rosc.
720 429 839 463 Amer.
855 439 919 463 xx.

161 502 193 541 *a
207 484 306 518 Otto
322 483 366 515 de
382 483 424 514 R.
440 482 481 514 R.
499 491 575 523 cap.
591 483 665 513 124.
680 484 718 513 et
732 480 800 514 alii.
835 480 921 514 Acer

182 544 185 545 ⁷
217 537 334 568 sutem
350 536 385 564 et
399 532 561 564 vehemens
582 540 651 563 non
667 531 809 564 multum
824 530 921 563 diffe-

215 587 306 618 runt.
329 583 388 616 Its
404 583 517 615 Cicer.
531 582 576 614 de
593 582 695 614 Orat.
708 590 749 615 ιι.
764 584 819 614 43.
834 584 844 602 ⁶
855 582 922 614 Po-

216 637 285 667 test
299 632 500 665 inflammari
516 632 646 664 animus
654 632 786 673 judicis
800 633 871 664 acri
886 636 924 665 et

217 683 413 716 vehementi
439 683 586 725 quadam
613 682 818 714 incitatione
832 682 852 714 :¹
885 687 923 715 et

215 735 309 767 Plin.
326 742 458 766 xxxv1.
480 737 512 766 5.
529 733 616 765 dicit
636 733 831 765 Pollionem
846 733 922 765 Asi-

215 785 308 816 nium
325 783 432 816 fuisse
454 784 464 802 ‘
482 783 569 815 acris
586 783 813 816 vehementiae
828 783 850 816 :’
884 788 922 817 et

215 838 400 876 utrumque
425 833 604 875 epitheton
629 833 711 875 lupo
735 833 794 866 dat
809 834 921 866 Hora-

214 884 295 925 tius,
309 884 386 916 loco
402 894 423 915 a
437 882 612 916 Scheffero
628 883 755 916 adlato.
783 885 893 917 Bur-m.

264 933 477 974 Vehementis]
498 934 632 973 Malim,
646 934 827 966 vehementi.
865 934 922 967 Fit

214 989 329 1018 autem
357 984 517 1026 συνίζησις
552 985 739 1026 primarum
775 985 920 1017 duarum

215 1036 424 1077 syllabarum
439 1035 473 1066 in
490 1044 611 1067 unam:
635 1039 673 1066 ut
686 1035 779 1076 apud
796 1034 919 1067 Horat.

214 1086 327 1128 Epist.
342 1095 383 1117 11.
412 1088 444 1117 2.
465 1086 475 1102 ‘
490 1085 684 1117 Vehemens
711 1088 750 1117 et
773 1084 921 1126 liquidus

216 1145 373 1178 puroque
395 1135 584 1168 simillimus
604 1134 720 1167 amni!
767 1135 814 1167 Et
830 1135 923 1177 apud

217 1187 389 1219 Catullum
402 1186 446 1218 de
459 1185 618 1218 Nemesi:
641 1185 652 1203 ‘
664 1186 728 1217 Est
740 1185 923 1218 vehemens

215 1236 313 1276 Dea3
336 1236 465 1268 laedere
477 1236 565 1268 hanc
581 1235 725 1268 caveto.'
750 1236 823 1268 Rit.

267 1285 478 1326 Vehementis]
501 1285 683 1318 Salmasius
705 1285 748 1317 ad
769 1294 863 1317 oram
881 1284 920 1317 li-

213 1336 270 1369 -bri
284 1346 300 1368 τ’
313 1336 486 1369 vehementi
499 1336 597 1368 canis.
621 1335 714 1367 Gud.

176 1406 188 1408 ἡ
264 1383 463 1419 vehementis
474 1385 577 1426 canis]
605 1385 814 1427 Vehementis‚
826 1385 920 1427 irati,

217 1437 358 1470 rabiosi.
402 1437 483 1469 Vid.
497 1436 663 1470 Gelmib.
680 1445 756 1469 xvr.
770 1440 803 1468 5.
828 1437 907 1477 Rig.

258 1491 280 1520 2
302 1488 424 1520 Panem
435 1486 583 1528 immisit]
605 1487 711 1519 Forte
720 1487 819 1519 misit.
863 1487 921 1519 Ita

217 1547 320 1580 supra
333 1547 359 1570 1.
375 1540 430 1570 23.
442 1540 473 1571 3.
487 1538 497 1555 ‘
509 1532 641 1570 Panem
652 1537 801 1569 misisset
811 1538 887 1569 cani
898 1537 919 1569 ι’

216 1595 254 1624 et
266 1600 323 1624 m.
334 1594 366 1624 2.
377 1594 410 1623 6.
426 1591 437 1609 ‘
449 1590 622 1623 Peritnrae
630 1590 762 1622 Misere
773 1590 918 1632 panem!

215 1642 274 1675 Ita
295 1651 431 1685 quoque
453 1641 637 1674 Salmasius
663 1641 705 1674 ad
733 1641 920 1682 marginem

215 1692 295 1724 libri
309 1692 453 1724 notavit.
497 1691 644 1724 Ovidius
654 1693 722 1733 Ep.
735 1700 772 1725 x.
794 1693 804 1709 ‘
819 1692 920 1724 Cani-

680 234 821 266 No'rAE
854 234 1120 267 VARIORUM
1154 235 1207 266 IN

976 328 986 347 ‘
1001 328 1094 362 Puto
1109 328 1287 370 scripsisse
1308 333 1494 373 auctorem,
1514 332 1613 373 nus,
1630 335 1678 370 4ιῖ

974 378 1044 427 fab.
1058 381 1113 412 23,
1157 382 1167 398 “
1186 381 1384 414 Nocturnus
1396 392 1473 415 cum
1484 382 1540 415 fur
1550 393 1676 425 pam

973 429 1124 463 misisset
1150 431 1259 471 canis
1290 437 1328 466 et
1350 433 1412 466 lib.
1427 442 1485 467 ιιι.
1508 437 1541 467 3.
1558 435 1576 454 “
1593 435 1677 470 Qui-

975 480 1052 513 dam
1067 485 1186 514 contra
1199 482 1340 516 miseriti
1358 484 1489 518 Misere
1504 486 1650 528 panem?
1663 487 1673 503 ¹

976 531 1081 570 Scires.
1127 532 1218 564 Vide
1235 533 1278 565 ad
1294 533 1365 566 fab.
1381 538 1435 569 23.
1450 536 1513 569 lib.
1524 545 1556 570 ἰ.

1021 582 1182 624 Malfico]
1205 583 1372 625 Proprie:
1395 586 1455 627 qni
1478 587 1604 620 malum
1627 586 1678 620 fe-

978 636 1085 669 cerat,
1105 633 1164 673 qui
1179 642 1291 666 morsu
1304 634 1455 668 iusserat.
1498 637 1556 670 Ita
1568 637 1679 672 Varro

979 682 1024 717 R.
1039 683 1084 715 R.
1096 678 1154 719 ιιι.
1173 685 1223 716 16.
1240 684 1283 716 de
1298 686 1355 726 api
1365 696 1376 717 ι
1398 686 1409 704 ‘
1419 686 1567 721 'Minime
1577 689 1681 721 noie-

975 731 1056 773 fica,
1070 733 1161 775 quod
1175 734 1302 767 nullius
1320 745 1404 777 opus
1419 736 1681 772 venienus-cit

976 782 1152 815 deterius.'
1175 783 1281 823 Schef.
1504 797 1508 800 ·

1019 836 1038 865 6
1068 833 1177 875 Vivus]
1199 835 1269 867 Ms.
1283 838 1319 867 ut
1329 843 1396 868 vos.
1420 835 1519 869 Gsd.
1573 854 1576 856 v

1018 886 1040 915 6
1066 883 1154 925 Tale]
1185 884 1268 916 Tam
1294 884 1419 921 bonum
1435 893 1682 931 'magunum

976 933 1080 974 Schef.

1018 987 1038 1016 7
1061 984 1231 1017 Successus
1241 985 1469 1028 improborum]
1490 986 1574 1021 Liv-
1587 994 1682 1028 mss

976 1037 1030 1068 12.
1050 1035 1060 1053 ‘
1076 1037 1164 1069 Quoe
1175 1036 1323 1078 pessima
1333 1046 1388 1069 urs
1398 1036 1498 1070 nimis
1507 1039 1682 1080 prospe&

976 1085 1160 1118 multorum
1176 1086 1391 1119 successibus
1406 1087 1538 1120 στενὴ]
1628 1095 1631 1099 ·

1019 1136 1183 1169 Successus
1207 1137 1415 1179 improborum
1435 1139 1542 1180 phu-es
1559 1138 1682 1181 stude]

980 1186 1167 1219 Sedrfinem
1181 1188 1357 1229 respicere
1373 1190 1680 1232 opertusque*-

976 1241 1061 1278 tare,
1071 1247 1171 1279 quam
1182 1238 1228 1270 sit
1239 1238 1348 1270 omnis
1359 1238 1518 1280 illasque
1531 1238 1680 1281 vidos-r,

974 1285 1125 1320 felicitas
1142 1293 1394 1321 momentanea.
1430 1289 1442 1307 ‘
1458 1288 1538 1321 Cito
1551 1289 1679 1331 impro-

973 1336 1095 1370 borum
1131 1338 1214 1371 laeta
1246 1338 1291 1370 ad
1328 1338 1512 1380 perniciem
1539 1327 1643 1373 :flunt
1656 1341 1679 1374 t?

974 1386 1084 1429 inquit
1118 1388 1392 1430 Mimographus.
1446 1390 1680 1430 Pulcherrime

974 1436 1116 1468 Electra
1130 1437 1341 1478 Euripides:
1364 1438 1374 1457 ‘
1391 1439 1448 1471 Ne
1462 1438 1538 1481 quis
1552 1439 1679 1482 impro-

974 1485 1049 1528 bus,
1069 1486 1153 1518 licet
1166 1487 1283 1519 Felice
1297 1497 1416 1529 gressu
1429 1489 1586 1530 primitus
1600 1499 1679 1532 per-

975 1541 1036 1580 gat
1049 1537 1152 1578 bene,
1165 1538 1301 1571 vicisse
1315 1537 1369 1571 fas
1379 1548 1479 1572 omne
1493 1539 1679 1574 arbitretur

974 1600 1010 1623 se
1039 1590 1146 1623 illico.
1205 1591 1391 1632 Expectet,
1416 1601 1527 1634 nsque
1551 1592 1678 1626 lineam

974 1641 1054 1674 dum
1069 1641 1114 1674 ad
1128 1640 1283 1674 ultimam
1295 1641 1515 1684 Pervenerit,
1529 1642 1679 1686 vitoequc

973 1697 1103 1724 metam
1131 1690 1316 1724 inflexerit.
1374 1693 1464 1725 Nam
1493 1694 1676 1728 maximum

217 1742 281 1774 bns
296 1742 444 1774 misisset
459 1741 634 1774 edendos.’
677 1743 723 1773 Et
737 1741 825 1774 hanc
839 1751 918 1774 con·
969 1743 1029 1784 jus
1043 1742 1161 1784 fasque
1176 1742 1279 1774 robur
1294 1741 1453 1774 obtineu’
1496 1743 1586 1777 Qum
1597 1753 1677 1778 cum

208 1794 383 1835 ,iecturam
398 1792 524 1834 probat
535 1792 741 1824 Gronovius.
784 1791 852 1823 Sed
868 1795 917 1823 ta·
936 1789 939 1792 ”

216 1852 297 1876 men
311 1843 481 1876 immittere
493 1842 634 1884 probum
647 1852 722 1875 esse
733 1841 843 1874 videri
858 1852 919 1884 po-

216 1898 299 1934 test,
316 1898 352 1926 et
365 1899 419 1926 est
431 1892 752 1934 proprieiracundi:
776 1896 813 1924 et
824 1892 921 1934 quid·

217 1943 251 1976 ni
267 1942 382 1987 posset
394 1944 576 1985 immittere,
598 1953 661 1984 pro
681 1942 827 1984 simplici
846 1942 918 1974 mit-

216 1998 295 2036 tere,
307 1995 445 2027 dicere?
466 1998 505 2026 ut
512 1993 631 2026 fabula
642 1997 694 2027 28.
706 1993 767 2026 lib.
781 2002 808 2027 1.
829 1993 841 2013 ⁴
853 1992 919 2025 Im-

217 2044 385 2087 portavit’
402 2054 476 2086 pro,
493 2044 662 2077 portavit.
690 2043 793 2076 Gud..

262 2094 416 2136 Immisit]
439 2095 631 2128 Gronovius
647 2094 682 2127 in
704 2094 814 2127 literis
828 2094 915 2127 suis:

753 2302 1009 2346 FABULA

264 2448 282 2477 1
306 2445 454 2486 Sublimi]
476 2447 560 2485 Pro,
571 2444 606 2476 in
617 2444 823 2477 sublimitate
834 2447 917 2488 eJus,

220 2496 255 2527 in
278 2505 408 2527 summo
423 2496 506 2537 ejus.
550 2494 728 2528 Quomodo
744 2494 847 2535 poeta
861 2506 917 2528 ve·

220 2551 277 2578 tus
302 2545 394 2587 apud
412 2546 567 2578 Ciceron.
581 2545 665 2577 Tus.
681 2553 722 2578 ιι.
746 2545 756 2563 ‘
772 2545 824 2577 Ex
842 2546 918 2578 sub-

221 2596 292 2629 limi
306 2597 438 2628 vertice
457 2596 555 2628 saxi.¹
598 2595 684 2628 Ideo
706 2599 743 2627 et
763 2605 841 2628 mox
866 2606 918 2628 se-

220 2646 350 2689 quitur,
362 2646 509 2678 inmedia
518 2655 645 2688 quercu,
656 2646 747 2689 quod
759 2645 919 2679 similiter

221 2700 287 2736 cst,
310 2696 344 2728 in
369 2696 555 2728 medietate
570 2696 655 2738 ejus.
699 2694 801 2728 Adde
815 2705 872 2728 111.
888 2699 918 2729 1.

221 2745 326 2783 Schef.

263 2799 284 2827 2
307 2796 414 2839 Feles]
434 2796 530 2830 Huic
552 2796 612 2829 feli
638 2795 819 2839 persimilis
840 2796 920 2829 Phi-

973 1801 1148 1825 sacrsrum
1164 1791 1357 1824 tabularum
1368 1792 1575 1826 'testimoniis
1585 1793 1678 1826 miri-

972 1842 1038 1875 fice
1053 1846 1255 1883 congruunt.
1277 1842 1348 1874 Rit.

1015 1892 1180 1925 Successus
1199 1892 1408 1932 improborum
1427 1893 1535 1933 plures
1554 1893 1674 1935 anteit]

973 1941 1148 1974 Planudes
1161 1952 1170 1973 ε
1203 1943 1270 1973 Τῶν
1282 1941 1445 1983 ἀνθρώπων
1455 1942 1580 1986 πηροὶ
1593 1944 1675 1985 ἀκρ-

972 1992 1151 2033 Ύετούμενοι
1173 1993 1295 2033 μᾶλλον
1315 1993 1431 2025 sames
1441 1992 1672 2036 rap-&rom

1015 2095 1140 2136 Allicit]
1162 2095 1230 2128 Ms.
1244 2095 1358 2128 anicet.
1385 2095 1479 2128 Gud.

1059 2303 1144 2346 IV.

971 2446 1085 2488 lippus
1110 2444 1259 2477 Macedo
1280 2437 1371 2486 apud
1392 2442 1518 2477 Justin.
1534 2450 1614 2474 vm.
1638 2445 1670 2480 ,1.

972 2501 1009 2528 et
1023 2498 1055 2528 4.
1073 2502 1110 2528 et
1135 2496 1193 2528 lib.
1209 2501 1260 2528 rx.
1284 2496 1316 2526 8.
1339 2494 1350 2512 ⁴
1365 2491 1668 2534 Gratis-:fingere

972 2546 1006 2578 in
1023 2546 1111 2587 odio,
1133 2545 1304 2578 instruere
1319 2545 1410 2576 inter
1424 2542 1670 2576 concordantes

973 2596 1063 2637 odia,
1086 2596 1178 2637 apud
1203 2600 1385 2637 utrumque
1410 2593 1554 2635 gratiam
1578 2600 1671 2634 quae-

973 2655 1059 2685 rere,
1073 2646 1221 2677 solennis
1237 2645 1286 2677 illi
1301 2641 1536 2677 consuetudo!
1564 2643 1648 2674 Nec.

1017 2697 1189 2728 Caret-nam
1203 2695 1333 2737 nancta]
1358 2694 1501 2726 Caverna
1525 2692 1670 2731 arboris,

973 2756 1105 2788 cavum,
1120 2749 1215 2787 rima,
1235 2746 1402 2778 foramen.
1446 2744 1578 2777 Marius
1590 2742 1672 2775 wc*

973 2797 1103 2830 torinus
1129 2797 1164 2829 in
1180 2797 1280 2829 Rhet.
1296 2796 1369 2828 Cic.
1381 2805 1406 2829 1.
1428 2797 1483 2828 75.
1507 2802 1670 2827 cavernam
