1806 3236
272 246 359 291 642

276 356 364 397 vide,
382 365 460 389 voc.
472 365 581 397 porgo.
613 355 721 388 Locus
731 355 923 397 Juvenalis,
937 355 981 388 ad

274 418 376 452 quem
392 407 535 449 respicit
552 406 813 448 Rittershusius,
834 407 879 440 de
894 407 981 440 istoc

276 459 491 503 porrigendae
510 458 636 491 tabulas
652 466 759 501 more,
783 460 881 490 extat
906 458 980 501 Sat.

276 521 357 545 xw.
385 513 460 543 302.
515 508 617 541 Adde
644 509 744 541 Pers.
777 509 849 542 Sat.
872 518 900 542 1.
926 512 980 542 89.

276 564 410 598 Prasch.
464 563 609 595 Veteres
637 562 692 595 ed.
724 562 915 603 porrigunt,
938 572 982 595 ex

277 625 344 658 quo
360 615 504 647 Ursinus
519 617 698 647 contracte
714 614 872 655 Porgunt,
889 614 982 657 quod

277 667 395 709 placet
421 676 493 708 prae
518 666 639 698 aliero.
691 665 791 698 ldem
816 664 983 707 suspicari

276 718 382 750 etiam
396 716 575 750 Heinsium
588 721 629 749 et
642 716 855 750 Gronovium
871 716 982 748 literoe

275 768 428 811 ipsorum
444 776 499 800 me
517 767 722 800 docuerunt.
769 765 917 800 Accedit
931 766 983 798 his

276 820 380 852 etiam
396 819 610 852 Buchnerus.
634 817 741 858 Schef.

319 870 476 912 Portant]
499 870 566 903 Ms.
603 870 759 908 Por-ianm
782 869 842 902 alii
870 869 984 901 Porri-

273 927 367 965 gunt.
414 921 580 956 Rittersli.
601 921 761 962 Porgunt.
801 920 985 953 Salmasius

276 975 396 1008 itidem
421 975 580 1015 Porgunt.
621 972 787 1015 Virgilius
812 973 886 1005 AEn.
902 981 985 1005 vur.

277 1028 287 1045 ‘
308 1027 353 1059 Et
384 1025 507 1068 pocula
536 1023 675 1067 porgite
705 1022 863 1056 dextris!
916 1023 985 1055 Sed

278 1087 362 1110 vera
382 1077 487 1110 lectio
509 1079 564 1108 est
585 1076 744 1109 Portant:
766 1074 832 1106 iet
854 1077 868 1106 t
891 1083 984 1115 saepe

278 1127 312 1161 in
329 1130 414 1162 Mss.
428 1126 698 1162 confunduntur.
725 1125 813 1158 Gud.

322 1180 498 1221 Rogantes]
519 1178 778 1211 Mendicantes.
797 1175 988 1209 Martialis:

279 1232 288 1250 ‘
303 1231 332 1263 A
345 1235 456 1263 matre
471 1230 595 1262 doctus
612 1238 676 1261 nec
687 1238 807 1271 rogare
819 1227 988 1262 Judaeus.'

280 1283 377 1315 Idem
393 1292 401 1313 :
426 1281 436 1299 ‘
452 1281 618 1323 Interque
634 1288 754 1312 raucos
775 1279 916 1312 ultimus
932 1288 987 1310 ro-

281 1331 442 1374 gatores!
475 1331 636 1365 Juvenal.
656 1332 666 1348 ‘
683 1331 801 1364 Mersa
816 1335 893 1363 rate
905 1339 986 1363 nau-

280 1384 396 1425 fragus
412 1392 521 1415 assem
539 1383 628 1414 Dum
646 1380 769 1423 rogat!
792 1381 874 1423 Rig.

323 1439 366 1469 26
402 1434 501 1476 Dixi]
537 1433 770 1476 Interrogatio
799 1438 872 1466 est:
910 1443 985 1476 pro,

734 259 877 291 NOTAE
914 259 1176 292 VARIORUM
1210 260 1263 292 IN

1036 355 1160 388 Nonne
1175 356 1267 389 dixi?
1303 355 1359 390 Sic
1373 356 1553 390 Terentius
1567 350 1676 395 etiam
1689 357 1737 392 ln-

1034 406 1160 449 quitur.
1181 407 1312 441 Pmeh.
1354 408 1436 441 Non
1451 411 1506 442 est
1519 409 1740 452 interrupti·

1035 467 1128 499 vum,
1151 457 1240 500 qnod
1255 468 1424 492 nonnemo
1435 464 1549 502 putat,
1561 459 1623 492 sed
1636 460 1740 504 plane

1034 507 1131 549 illud,
1155 508 1244 550 quod
1261 513 1297 541 et
1311 509 1478 543 Germani
1498 510 1567 543 mei
1589 510 1641 543 sie
1652 509 1739 544 effe·

1034 563 1137 592 runtz
1160 559 1218 593 Ich
1230 562 1321 601 aagte
1342 570 1376 593 eo
1398 561 1564 601 mollifica
1583 561 1674 594 flete
1688 561 1741 594 au

1034 611 1091 642 das
1103 611 1238 653 meinige
1257 611 1315 654 bey
1336 611 1410 646 mir.
1452 612 1608 646 Tacitum
1633 613 1744 647 centl-

1035 666 1096 695 net
1110 661 1425 704 exprobrationem.
1461 661 1577 697 Plant-
1588 664 1628 697 in
1640 662 1740 697 Asin.

1035 723 1072 747 v.
1094 723 1144 747 sc.
1159 716 1192 746 2.
1207 714 1225 747 .‘
1243 713 1426 756 Dicebam,
1443 718 1558 756 pater,
1580 723 1627 748 m
1638 714 1743 749 matri

1037 764 1236 797 consuleres
1265 764 1379 798 male!
1432 765 1559 799 Senec-
1578 761 1743 809 maol.

1038 816 1048 834 ‘
1072 815 1240 849 Dicebam
1272 815 1388 849 vobis:
1418 817 1500 850 Non
1521 816 1744 859 semperfla-

1037 866 1185 899 turnalia
1199 866 1321 900 erunt?
1354 867 1526 901 Ausonius
1541 867 1644 911 Dpig.
1657 875 1744 902 xus.

1038 917 1047 935 ‘
1063 917 1229 951 Dicebam
1255 917 1342 951 tibi:
1366 917 1483 959 Galla,
1507 918 1744 953 nancaei-sus?

1037 968 1147 1010 Sches.
1176 969 1234 1002 Ita
1249 969 1351 1003 Ovid.
1366 969 1486 1003 Amor.
1501 980 1528 1004 1.
1546 973 1600 1007 1⁴.
1614 972 1626 992 ⁴
1638 971 1745 1006 Dioc-

1038 1020 1117 1053 bam
1130 1031 1138 1053 :
1156 1020 1337 1054 Medicare
1350 1024 1426 1054 tuos
1437 1021 1566 1055 desiste
1576 1022 1746 1065 apulos:

1037 1073 1202 1117 Propert.
1217 1082 1244 1106 1.
1260 1075 1290 1105 9.
1314 1073 1324 1092 ‘
1343 1072 1512 1107 Dicebam
1536 1073 1599 1107 tibi
1623 1079 1744 1108 ventu-
1767 1107 1779 1121 ,

1039 1134 1107 1166 ros,
1129 1124 1259 1166 irrisor,
1273 1124 1431 1159 amores!
1472 1124 1543 1158 ubi
1558 1125 1743 1170 vide,qua

1038 1180 1139 1209 notat
1153 1176 1386 1210 Passeratius.
1581 1180 1589 1185 '

1081 1227 1182 1269 Dixi]
1204 1228 1273 1260 Ms·
1295 1227 1406 1261 Dixit.
1427 1226 1520 1261 Gnd.

1080 1282 1122 1312 2⁷
1146 1278 1329 1321 Rapuistis]
1361 1278 1422 1312 Sic
1449 1279 1602 1322 loquitur
1624 1279 1668 1313 ad
1695 1280 1745 1313 in-

1039 1329 1209 1363 nuendam
1233 1328 1492 1362 festinationem
1513 1329 1549 1362 in
1572 1339 1615 1363 eo
1638 1337 1745 1372 nogo-

984 1405 988 1407 -
1040 1382 1107 1422 tio;
1120 1391 1223 1424 supra
1235 1381 1385 1423 dixerat,
1393 1382 1404 1401 ⁴
1415 1381 1590 1424 eolligunt
1602 1391 1656 1415 res
1666 1392 1745 1425 pre-

1040 1432 1179 1467 tium!
1201 1433 1285 1466 item
1307 1433 1318 1451 ‘
1336 1433 1395 1467 Nil
1409 1432 1536 1476 sumis:
1549 1434 1616 1468 dte.
1637 1434 1743 1477 Schts.

771 1703 1029 1748 FABULA
1079 1703 1255 1747 XXII.

326 1840 420 1871 Mons
433 1839 626 1882 parturiens]
651 1839 850 1872 Graecorum
867 1840 990 1881 adagio

283 1890 369 1922 fuit:
389 1889 511 1922 Ὤδινεν
535 1888 636 1932 οὖρος,
666 1888 735 1922 εἶτα
757 1890 815 1930 μῦν
843 1889 987 1923 ἀπέτεκε.

283 1942 476 1974 Notus-est
506 1942 608 1973 etiam
638 1942 739 1983 vulgo
770 1951 888 1974 versus
916 1942 989 1974 Ho-

284 1994 365 2025 ratii
380 2004 388 2025 ε
412 1992 422 2011 ‘
438 1993 645 2025 Parturiunt
660 1996 805 2034 montes,
825 1996 989 2025 nascetur

284 2044 450 2077 ridiculus
474 2044 572 2077 mus.'
615 2043 707 2077 Item
735 2044 845 2076 alter:
869 2043 989 2078 ‘Quid

284 2096 426 2137 dignum
456 2099 552 2128 tanto
590 2094 680 2128 feret
719 2096 773 2129 hic
804 2095 991 2138 promissor

283 2147 417 2179 hiatu?
440 2146 483 2179 de
509 2146 712 2189 magnificis,
735 2157 853 2180 verum
883 2147 989 2180 inani-

283 2197 357 2234 bus,
374 2197 548 2239 promissis
564 2202 601 2231 et
616 2198 858 2231 molitionibus.
880 2198 969 2231 Ritt.

328 2250 424 2282 Mons
462 2249 659 2291 parturiens]
704 2249 831 2282 Horat.
861 2249 921 2282 lib.
946 2249 990 2282 de

286 2300 383 2334 Arte.
439 2301 627 2334 Fabulator
655 2301 714 2333 ille
744 2300 861 2333 nescio
893 2301 989 2343 quisz

285 2353 295 2372 ⁴
312 2353 420 2384 Terra
435 2356 556 2394 tumet,
579 2356 694 2384 tumor
712 2352 771 2384 ille
792 2353 911 2394 gemit,
935 2362 992 2394 ge-

286 2404 441 2445 mituque
468 2402 600 2436 fatetur
624 2402 789 2442 Partum;
816 2412 906 2444 pene
931 2413 992 2445 pe·

285 2455 333 2486 rit
348 2464 450 2486 sexus
467 2458 612 2496 uterque
628 2458 732 2485 metu.
757 2453 849 2485 Dum
862 2457 994 2486 tumeat

286 2505 400 2546 tellus,
415 2499 585 2537 monstrat
604 2514 641 2537 se
657 2509 808 2536 monstra
822 2504 992 2537 daturam.

288 2556 434 2598 Dicunt,
450 2561 486 2588 et
501 2556 688 2597 trepidant,
714 2559 751 2588 et
776 2565 884 2598 prope
899 2560 993 2588 stare

287 2608 423 2640 timent.
467 2607 510 2639 In
541 2607 645 2639 risum
675 2606 777 2640 timor
804 2607 861 2638 ille
891 2607 992 2640 redit.

288 2658 380 2690 Nam
411 2658 549 2700 turgida
577 2667 707 2690 murem
747 2658 858 2690 Terra
888 2658 991 2699 parit.

287 2709 394 2742 Jocus
409 2714 475 2751 est,
491 2710 548 2752 qni
564 2709 666 2741 timor
682 2713 761 2742 ante
776 2708 855 2741 fuit.
891 2709 994 2751 Saepe

287 2759 397 2792 minus
424 2759 559 2792 faciunt
587 2759 754 2801 homines,
786 2760 844 2802 qui
874 2769 995 2801 magna

289 2810 482 2843 minantur:
507 2811 607 2852 Saepe
628 2810 716 2853 gerit
740 2810 862 2843 nimios
889 2821 993 2845 eausa

290 2861 412 2901 pusilla
425 2861 558 2895 metus!
584 2862 660 2902 Rig.

1089 1844 1106 1873 1
1132 1840 1227 1872 Mons
1236 1838 1435 1881 parturibat]
1461 1839 1589 1872 Terrar-
1601 1838 1637 1871 in
1655 1847 1749 1872 mnn-

1045 1891 1088 1924 tis
1119 1891 1232 1923 locum
1260 1893 1421 1931 surrogat
1449 1889 1648 1931 Anonymus
1678 1888 1748 1922 fab.

1043 1945 1098 1975 25.
1131 1942 1200 1975 Sed
1214 1940 1472 1988 convenientius
1482 1945 1537 1974 est
1551 1940 1595 1973 de
1609 1944 1748 1974 monte-2

1044 2003 1122 2036 quae
1162 2003 1227 2025 vox
1272 1991 1479 2035 proverbiali
1514 1991 1749 2034 superlatione

1040 2043 1313 2086 magnitudinem
1323 2042 1512 2086 significat.
1534 2042 1628 2076 Hine
1639 2042 1650 2062 ⁸
1662 2041 1751 2076 Auri

1043 2095 1197 2128 montes'
1220 2095 1312 2137 apud
1338 2095 1457 2128 Plaut-
1482 2093 1632 2128 Stich-1.
1649 2095 1750 2127 Lu.

1043 2150 1081 2179 et
1110 2147 1253 2179 Terent.
1286 2146 1352 2178 Pb.
1381 2155 1406 2179 1.
1433 2148 1467 2179 2.
1494 2147 1552 2178 18.
1581 2143 1642 2177 nbi
1671 2143 1751 2186 vide

1045 2197 1238 2231 chrestum.
1268 2197 1388 2230 Boeel.
1425 2205 1502 2230 voc.
1527 2205 1654 2230 aarum.
1702 2195 1752 2228 Et

1043 2250 1053 2267 ‘
1069 2248 1180 2292 Aquae
1194 2249 1300 2282 mons’
1314 2247 1406 2290 apud
1420 2247 1498 2280 AEn.
1515 2256 1540 2280 1.
1554 2249 1628 2280 1⁰5.
1652 2245 1750 2279 Hinc

1003 2329 1030 2350 Ι,
1044 2300 1287 2342 explicandum
1321 2308 1446 2332 nomen
1482 2297 1672 2331 Aharonis:
1710 2300 1751 2329 nt

1045 2353 1237 2394 praesertim
1252 2349 1455 2393 Hieronymi
1467 2349 1568 2382 dictis
1578 2350 1751 2382 monstrat

1046 2412 1115 2435 non
1142 2401 1285 2434 neminis
1311 2410 1356 2435 ex
1378 2399 1592 2434 eruditorum
1615 2397 1748 2431 familia

1046 2453 1148 2495 liber,
1176 2462 1256 2485 mox
1279 2451 1426 2485 fortasse
1456 2450 1666 2493 proditurus,
1693 2448 1751 2482 eui

1047 2505 1188 2538 titulus:
1212 2504 1506 2536 Illustramentum
1523 2501 1615 2534 Novi
1629 2501 1751 2533 'resta-

1047 2556 1165 2588 menti.
1190 2555 1324 2588 Prason.

1091 2605 1295 2646 Parturibat]
1317 2603 1407 2637 Vide
1431 2603 1529 2636 Serv.
1555 2601 1599 2634 ad
1625 2600 1750 2643 virgil.

1046 2657 1122 2689 AEn.
1141 2666 1190 2689 vr.
1206 2659 1282 2689 468.
1327 2655 1385 2688 Sic
1412 2655 1422 2673 ‘
1446 2652 1625 2686 audibanr
1646 2652 1751 2687 Ovid.

1050 2707 1162 2749 Epist.
1174 2716 1253 2740 xlv.
1265 2710 1318 2739 36.
1360 2705 1463 2739 Adde
1481 2705 1576 2738 Voss.
1590 2704 1635 2737 de
1645 2703 1748 2737 Anal-

1049 2768 1105 2791 111.
1116 2761 1169 2791 34.
1187 2759 1301 2790 Burm.

1091 2810 1248 2842 Immunes
1263 2808 1362 2850 ciens]
1385 2808 1453 2840 Ms.
1478 2807 1572 2840 imma
1586 2817 1625 2840 ne
1639 2807 1749 2840 sciens.

1048 2861 1142 2894 Gud-
