1806 3236
647 208 741 241 ma.
776 207 841 240 ιν.
875 206 1150 239 pannosus.
1547 193 1635 236 195

163 306 300 350 Hune
318 305 561 350 obtrectare
582 305 623 349 si
643 304 761 349 volet
776 304 1043 361 malignitas,
1580 302 1640 344 15

161 375 336 419 Imitari
353 374 456 418 dum
476 389 568 419 non
588 375 750 430 possit,
771 375 989 418 obtrectet
1006 375 1130 418 licet.

160 443 275 487 Mihi
294 447 425 500 parta
443 443 546 487 laus
565 447 647 496 est,
671 443 795 499 quod
818 447 880 496 tu,
903 443 1026 499 quod
1042 443 1210 487 similes
1231 441 1314 494 tui,

158 511 347 557 Vestras
365 514 413 556 in
427 513 606 557 chartas
625 513 764 556 verba
782 513 1032 556 transfertis
1053 525 1172 564 mea,

158 579 445 640 Dignumque
463 583 596 638 longa
610 582 831 638 Judicatis
851 582 1079 625 memoria.
1646 628 1649 629 ⁷

158 650 419 695 Illiteratum
438 653 650 708 plausum
669 664 750 696 nec
769 650 996 695 desidero.
1574 648 1633 691 20

155 785 253 809 maa·
261 785 324 810 rea.
370 775 461 809 Dum
475 779 513 809 tu
526 776 646 810 otiam
658 777 744 817 leges
757 776 849 810 hunc
861 779 1007 819 quartam
1022 775 1150 815 librum,
1169 774 1197 806 si
1211 774 1292 807 livor
1303 772 1436 807 voluerit
1448 772 1546 809 fillum
1566 782 1636 805 car-

151 829 243 861 pere,
254 822 367 862 carpat
381 829 445 863 per
459 830 515 853 me
529 820 615 861 licet,
630 822 718 853 modo
732 831 794 853 non
807 823 898 862 queat
911 820 1003 853 hunc
1019 819 1141 861 assequi
1154 818 1317 850 imitando.
1372 817 1540 859 Aequi-rita
1554 816 1637 848 milii

154 866 203 897 ent
214 863 332 904 gloria,
351 864 433 905 quod
457 866 494 896 tu
515 868 555 897 et
578 865 659 905 quod
674 864 736 896 viri
752 864 800 896 tui
818 863 942 905 ingenii
967 862 1181 895 transcribatis
1204 871 1287 894 meos
1307 861 1452 902 apologos
1471 861 1506 892 in
1519 860 1636 892 vestris

152 907 401 947 commentariis,
423 910 456 939 et
477 907 672 941 existimatis
695 907 808 949 dignos
828 907 1020 941 oetoenitate.
1068 905 1170 948 Cupio
1191 906 1297 938 venire
1318 905 1353 938 in
1380 903 1635 947 approbationem

153 949 352 984 literatorum
365 950 552 985 hominum.

781 1045 1020 1061 ‘Oebomleeb

153 1125 199 1148 ex
214 1114 353 1157 ingenio
367 1113 491 1158 edidit,
504 1115 581 1148 dum
593 1116 700 1149 vaeiae
724 1116 880 1158 perleges.
925 1114 1007 1149 Vid.
1035 1114 1128 1148 Gud.
1147 1114 1323 1148 Pithoeum
1339 1114 1467 1148 deinde
1481 1114 1632 1147 virorum

154 1158 336 1203 doctorum
350 1167 419 1192 non
434 1159 538 1201 pauci
549 1160 661 1192 secuti
672 1164 764 1192 sunt.
794 1158 837 1191 Τὸ
851 1159 940 1192 varie
954 1159 1045 1192 enim
1061 1168 1105 1191 ex
1121 1159 1337 1201 compendio,
1353 1159 1406 1191 vel
1420 1159 1511 1191 mala
1525 1158 1633 1200 scrip-

148 1206 246 1243 tura,
256 1205 376 1236 natum
391 1211 470 1237 esse
486 1202 637 1235 videtur.
682 1203 763 1235 vid.
777 1203 896 1236 Burm.
942 1202 1020 1235 Etsi
1036 1202 1128 1235 enim
1143 1202 1279 1242 Gudius
1301 1206 1339 1234 et
1354 1202 1537 1235 Schutzius
1552 1201 1632 1235 crit.

151 1245 191 1278 in
203 1245 272 1278 Ph.
285 1245 371 1280 oba.
387 1255 423 1288 p.
439 1247 472 1278 9.
487 1245 577 1278 varie
589 1246 752 1288 perlegere
769 1247 860 1279 tueri
876 1246 1041 1287 student3
1064 1251 1171 1289 atque
1186 1246 1292 1279 etiam
1308 1246 1439 1288 Rigalt.
1458 1248 1490 1278 1.
1508 1246 1539 1279 N
1544 1245 1633 1278 evel.

151 1287 384 1333 Hauoviensis
398 1291 496 1323 1603.
525 1299 591 1322 nee
606 1299 672 1323 non
690 1289 803 1323 Editt.
819 1289 925 1323 Fabri
949 1295 988 1323 et
1015 1290 1182 1332 Hoogstr.
1205 1289 1373 1323 exhibent
1399 1290 1510 1327 varie,-
1532 1294 1633 1322 recte

150 1334 268 1378 tannen
283 1332 515 1372 Burmannus,
541 1333 628 1366 varie
651 1333 812 1376 perlegere
834 1343 947 1377 neque
962 1333 1087 1367 Latine
1104 1333 1186 1375 dici,
1207 1343 1321 1376 neque
1346 1342 1485 1366 sensum
1512 1336 1634 1375 aptum

149 1375 294 1418 habere,
310 1376 445 1410 statuit.
491 1376 598 1410 Certe
625 1375 819 1419 fatendum,
837 1386 990 1419 sensum,
1005 1386 1073 1421 quo
1089 1377 1232 1420 capiunt
1255 1377 1321 1410 viri
1345 1376 1441 1410 docti
1464 1375 1504 1408 τὸ
1533 1376 1634 1418 varie,

149 1419 250 1454 nimis
261 1429 338 1453 esse
375 1419 547 1462 uoesitum.
593 1419 729 1454 Gudiun
745 1425 864 1454 autem
879 1425 959 1464 pout
973 1423 1060 1461 dum,
1085 1421 1175 1463 quod
1191 1421 1348 1463 explicat
1363 1419 1559 1462 dummodo,
1574 1420 1632 1462 ju·

149 1463 210 1510 het
225 1431 373 1498 rescribi
385 1467 434 1506 ta,
457 1463 564 1507 idque
589 1465 694 1497 metri
720 1474 839 1507 causa,
868 1464 959 1507 quod
980 1465 1038 1498 hic
1066 1464 1243 1505 ἑμφατικῶς
1269 1464 1417 1506 positum
1435 1470 1633 1506 opponatur

149 1506 301 1550 maligno
314 1507 557 1542 obtrectatori.
602 1508 675 1549 Sic,
691 1513 822 1550 praeter
844 1509 943 1550 alim,
956 1509 1080 1551 legunt
1102 1509 1232 1541 Danet.
1247 1508 1415 1550 Hoogstr.
1443 1507 1566 1540 Didot.
1597 1507 1633 1539 in

149 1549 248 1584 Edit.
261 1554 477 1594 stereotypa,
491 1551 551 1594 qui
564 1552 641 1583 dum
665 1555 702 1584 tu
726 1553 815 1585 varie
831 1552 975 1594 perleges
988 1551 1186 1584 ediderunt.
1232 1552 1362 1584 Contra
1386 1550 1445 1584 alii
1459 1552 1536 1583 dam
1549 1550 1634 1583 reti-

149 1593 226 1628 neri
241 1603 343 1636 posse
357 1599 498 1637 negant,
513 1604 590 1627 eum
605 1604 732 1628 nexum
748 1596 847 1628 luxet
861 1606 871 1635 ;
894 1596 975 1627 hinc
991 1595 1086 1628 varie
1103 1600 1251 1629 mutant.
1283 1594 1430 1639 [Anton-
1448 1595 1593 1632 Quarum
1606 1595 1632 1628 l.

148 1640 187 1672 tu
198 1647 271 1671 cnm
284 1637 372 1671 narie
385 1638 554 1681 perlegam
599 1638 746 1671 Ursinus
762 1638 896 1680 mallet,
917 1649 999 1672 nunc
1014 1639 1134 1680 vaeive,
1152 1639 1208 1671 eui
1221 1648 1286 1681 ego
1300 1639 1419 1681 parui;
1441 1637 1631 1671 Tzscliuck.

146 1684 230 1758 ἔασε
243 1680 437 1724 Guyetum‚
451 1681 596 1714 Lallem.
613 1682 760 1724 alios,-tu
774 1682 882 1716 vacive
894 1693 906 1720 ,·
919 1683 1102 1724 Bipontini
1117 1683 1203 1715 satis
1219 1682 1386 1716 audacter
1401 1685 1437 1714 tu
1448 1684 1630 1720 duntaxat,-

181 1724 343 1768 enticius,
354 1735 425 1758 cum
447 1725 571 1757 vacarit
592 1727 749 1768 perleges,
767 1725 824 1758 cai
853 1726 997 1759 lectioni
1022 1725 1119 1759 favet
1143 1735 1202 1759 ιιι.
1217 1726 1311 1759 Prol.
1327 1729 1360 1759 2.
1406 1726 1555 1759 secutus
1587 1725 1632 1758 de

144 1767 324 1803 Schiraeh.
341 1768 439 1802 Clav-
456 1778 490 1800 v.
503 1768 632 1807 ναι-ἅνω
655 1769 893 1802 Desbillonius
907 1771 1011 1803 etiam
1028 1770 1303 1812 excogitaverat,
1317 1771 1392 1802 dum
1408 1773 1443 1803 tu
1455 1770 1530 1809 rite,
1541 1769 1632 1812 qnod

146 1812 375 1846 nonmultum
390 1821 412 1845 a
427 1816 546 1845 vetere
561 1813 735 1855 scriptura
751 1811 895 1846 differre
911 1813 972 1847 ait.
1019 1812 1104 1854 Alii,
1131 1813 1256 1857 quibus
1284 1812 1390 1846 vacive
1406 1814 1577 1846 insuetum
1594 1818 1633 1845 et

148 1853 340 1890 inauditum
354 1855 504 1898 videtur,
518 1859 700 1889 tentavere
716 1856 794 1897 alia.
841 1857 1012 1899 Cuningh.
1036 1858 1194 1900 conjicit,
1217 1859 1293 1890 dum
1312 1857 1410 1898 ferioe
1432 1860 1538 1898 erunt,
1558 1866 1632 1898 per-

148 1899 246 1941 leget.
288 1899 484 1933 Praeiverat
510 1899 713 1941 Richter-us,
743 1900 862 1942 legens
878 1901 914 1933 in
927 1900 1124 1943 Specimine
1141 1901 1228 1933 Crit.
1247 1911 1280 1942 p.
1295 1904 1350 1934 67.
1375 1901 1531 1941 Parvum,
1556 1902 1631 1932 dum

138 1940 251 1985 ferie,
264 1942 404 1977 libellam
414 1943 571 1985 perleges,
584 1944 654 1982 vel,
668 1945 826 1985 Quarum,
840 1945 915 1976 dum
921 1944 1032 1985 seriae,
1048 1945 1069 1977 l.
1085 1949 1122 1976 at
1135 1944 1298 1976 observat
1310 1945 1500 1976 Burmann.
1515 1945 1526 1962 ‘
1540 1943 1567 1976 si
1583 1943 1633 1976 ita

144 1986 233 2030 ¹licet
244 1986 434 2029 conjicere,
455 1987 551 2019 nulla
564 1996 626 2020 nos
643 1997 795 2029 unquam
818 1987 1014 2020 morabitur
1029 1987 1235 2020 difficultas:
1280 1987 1414 2020 Postea
1429 1987 1544 2020 Richt.
1559 1987 1631 2019 edi·

147 2029 215 2071 dit,
229 2031 302 2064 dum
316 2030 424 2064 :aciae
433 2031 589 2072 perleges.
633 2031 668 2065 J.
686 2031 725 2064 F.
741 2031 896 2064 Gronov.
913 2035 950 2063 et
961 2031 1111 2073 Hoogst.
1126 2030 1160 2063 in
1173 2030 1268 2063 Edit.
1281 2039 1360 2063 ann.
1377 2033 1473 2063 1711.
1486 2030 1631 2063 mallent

146 2073 295 2106 metaum-
317 2074 328 2092 ‘
343 2083 443 2106 aures
469 2072 631 2106 vacivus?
655 2074 746 2106 dixit
767 2074 886 2107 Plaut.
913 2075 1028 2108 Casin.
1054 2074 1150 2106 Prol.
1178 2073 1309 2106 Harius
1324 2084 1333 2107 z
1365 2075 1440 2106 dum
1465 2078 1501 2107 tu
1527 2074 1631 2107 aalide

143 2115 302 2159 perleges,
315 2115 407 2160 qnod
420 2126 489 2159 quo
503 2126 604 2149 sensu
620 2121 658 2149 et
673 2126 775 2160 quam
791 2118 969 2159 eleganter
983 2117 1132 2158 dicatur,
1156 2117 1293 2159 ignorat
1316 2118 1546 2159 Burmannus,
1565 2118 1631 2151 nisi

147 2169 212 2202 pro
227 2161 317 2194 valde
329 2159 522 2203 capiamus,
544 2164 585 2193 ut
599 2170 694 2202 saepe
711 2160 814 2201 alibi3
836 2160 898 2193 sed
914 2170 979 2194 nec
995 2161 1045 2194 sic
1062 2161 1202 2203 placet3
1224 2161 1407 2194 Sehiitzius
1430 2162 1452 2194 l.
1467 2171 1499 2194 c.
1524 2162 1631 2198 Quar-

148 2206 218 2237 tum
244 2203 384 2237 libellum
405 2203 481 2236 dam
503 2203 592 2236 varie
618 2203 768 2246 perlegis,
791 2204 858 2237 hoc
883 2214 1006 2237 sensu:
1043 2205 1204 2247 quoniam
1229 2206 1371 2247 placent
1394 2205 1458 2238 tibi
1488 2203 1629 2246 fabulae,

146 2247 267 2291 plnres
280 2245 405 2288 effero,
420 2245 502 2279 dum
529 2250 568 2279 tu
594 2247 729 2290 priores
757 2248 885 2280 lustras
909 2248 1044 2288 animo;
1065 2249 1101 2283 J.
1130 2248 1285 2282 Gronov.
1311 2249 1471 2286 Quartum
1491 2248 1629 2282 libellum

146 2291 275 2324 dmum
288 2291 377 2324 varie
387 2291 541 2333 perleges,
555 2290 615 2323 sed
631 2300 665 2324 v.
682 2291 872 2324 Burmann.
918 2292 1020 2325 Brot.
1046 2292 1136 2325 hunc
1150 2292 1264 2325 locum
1289 2292 1340 2325 ita
1365 2293 1570 2325 constituit:
1593 2296 1631 2325 tu

145 2335 222 2367 dum
247 2333 356 2368 Varioe
375 2334 529 2377 perleges,
558 2334 769 2378 miraturque
795 2335 967 2368 neminem
993 2335 1265 2378 deprehendisse
1293 2346 1410 2369 veram
1432 2336 1630 2378 lectionem,

146 2378 347 2412 latitantem
361 2377 397 2410 in
423 2378 498 2411 Ms.
510 2377 606 2411 Pith.
633 2378 669 2411 iu
696 2389 764 2422 quo
788 2384 856 2421 est,
880 2380 956 2412 dum
980 2379 1080 2412 variae
1103 2380 1258 2421 perleges.
1303 2380 1392 2414 Quae
1419 2380 1629 2421 emendatio,

148 2421 251 2455 avide
281 2425 425 2464 recepta
454 2431 476 2454 a
499 2421 728 2463 Desbillonio,
755 2422 822 2455 etsi
849 2432 915 2455 non
942 2423 1080 2465 penitus
1107 2423 1322 2465 repudianda
1351 2423 1503 2464 videtur,
1540 2423 1628 2467 (vid.

148 2465 293 2507 Ephem.
307 2464 467 2506 Gotting.
490 2465 584 2498 liter.
609 2475 689 2498 ann.
706 2468 804 2499 1784.
829 2466 964 2500 Partic.
980 2470 1014 2499 6.
1027 2465 1079 2508 7.)
1102 2477 1166 2508 ego
1183 2473 1297 2500 tamen
1322 2467 1476 2499 nondum
1492 2477 1628 2508 possum

147 2508 266 2542 induci
283 2513 322 2542 ut
337 2509 602 2552 recipiam—18
625 2508 709 2542 Vid.
725 2510 1002 2543 Rumam-220
1026 2510 1066 2543 In
1081 2510 1191 2544 Codd.
1208 2511 1293 2545 Mss.
1310 2510 1406 2544 Pith.
1423 2515 1458 2543 et
1475 2511 1573 2543 Rem.
1589 2511 1627 2544 it.

816 2619 966 2654 NOTAE

190 2696 234 2727 20
267 2693 474 2735 lastemnam,
492 2693 576 2736 spa]
610 2694 669 2737 [Ia
696 2695 862 2728 literarum
917 2696 962 2729 do
988 2696 1200 2729 eruditorum
1228 2696 1401 2730 hominum
1431 2697 1628 2731 :estimatio-

145 2745 288 2787 plausum
301 2745 348 2777 ire
359 2745 516 2787 desidero]
538 2746 665 2778 Parum
682 2757 765 2779 curo
778 2747 861 2790 quid
917 2759 993 2782 nem
1010 2749 1164 2781 habeam.

149 2796 193 2828 de
209 2806 262 2829 me
281 2797 408 2830 sentiat
426 2798 547 2840 vulgus
564 2808 604 2832 ac
627 2798 776 2842 judicet,
792 2809 861 2833 mo-
