1806 3236
262 192 322 248 64
552 204 756 237 minum
791 205 1102 239 mnu-LARUM
1135 207 1439 241 AEsopmnuu

266 297 520 342 Clamorem
541 300 688 343 subito
707 301 814 344 totis
835 302 1151 355 tollitviribuS,

266 366 488 423 Novoque
507 369 656 412 turbat
667 369 836 412 bestias
854 370 1082 414 miraculo.

268 433 386 487 Quae
406 435 507 477 dum
528 439 742 490 paventes
762 436 910 480 exitus
929 441 1061 487 notos
1079 441 1253 494 petunt,

267 502 435 544 Leonis
456 502 709 557 affliguntur
722 503 940 548 horrendo
959 506 1144 560 impetu.
1670 505 1729 552 10

267 567 360 621 Qui
379 576 622 625 postquam
639 571 766 614 caede
783 571 934 615 fessus
954 576 1036 624 est,
1057 572 1246 615 Asinum
1270 578 1449 628 evocat,

267 681 378 713 erectis
390 681 501 713 statim
513 682 663 714 auriculis
685 684 792 726 coepit
803 686 916 717 rudere
935 696 1027 727 quam
1041 686 1191 727 maxime,
1212 690 1243 719 et
1257 690 1375 719 terrere
1387 686 1554 726 jerarhae
1567 688 1637 718 aree
1647 685 1730 719 inuo-

266 723 338 756 litm-
385 724 466 760 Quae
476 725 639 757 exterritae
656 727 729 757 dum
743 731 886 768 quoerunt
898 727 1019 770 effugia
1033 729 1099 761 sibi
1111 732 1198 770 nota,
1216 729 1434 771 opprimantur
1446 729 1646 772 imprudente
1658 728 1731 762 hor-

266 767 364 799 renda
377 766 503 800 Leonis.
551 768 616 805 Qui
636 772 800 811 postquam
813 769 1009 812 defatigatus
1022 774 1069 804 est
1084 775 1182 804 tanta
1195 775 1315 815 strage,
1334 776 1423 806 uocat
1443 772 1487 806 ad
1500 781 1538 806 ee
1551 772 1686 806 unum
1698 774 1732 804 et

1097 873 1117 886 e

267 933 414 968 fendens
424 935 592 978 auriculas,
602 936 713 978 malit,
730 938 903 971 Clamorem
917 939 1065 981 subitum,
1081 938 1206 972 omissa
1220 939 1347 981 copula
1359 942 1403 972 et.
1447 938 1536 974 Quae
1546 937 1651 973 lectio
1663 947 1733 973 non

268 981 386 1020 potest
400 978 549 1013 admitti.
592 980 731 1013 Docent
752 981 841 1014 enim
867 982 981 1015 Faber
1005 987 1043 1015 et
1067 983 1255 1016 Burmann.
1276 981 1417 1015 dubium
1441 990 1531 1024 esee,
1556 991 1600 1015 an
1624 981 1734 1016 tollere

267 1021 437 1064 auriculae,
463 1031 526 1063 pro
549 1022 698 1064 erigere,
720 1024 777 1056 vel
803 1025 965 1066 arrigere,
990 1026 1112 1058 Latine
1138 1026 1257 1058 dicere
1282 1025 1399 1059 liceat.
1441 1024 1579 1058 Deinde
1603 1024 1651 1057 dn
1674 1025 1736 1058 lex

267 1063 436 1097 ablativus
461 1064 604 1106 illepide
630 1066 768 1098 videtur
793 1067 908 1100 dictus
933 1077 998 1100 nec
1024 1073 1252 1110 venustatem,
1278 1068 1338 1100 sed
1358 1067 1606 1101 obscuritatem
1679 1071 1735 1101 ert

266 1107 394 1140 sensui.
439 1107 596 1150 Denique
607 1108 682 1140 haec
694 1109 798 1142 lectio
811 1110 878 1142 vim
895 1092 977 1143 facit
988 1111 1115 1144 versui.
1158 1110 1352 1144 Secundam
1367 1111 1457 1143 enim
1469 1110 1634 1152 syllabam
1647 1111 1735 1145 nri·

266 1150 455 1183 eulahabet
470 1151 622 1184 brevem.
667 1151 792 1194 Itaque
815 1163 893 1186 cum
918 1155 953 1186 in
979 1154 1062 1187 Cod.
1079 1155 1170 1187 Dan.
1185 1155 1231 1187 sit
1253 1154 1430 1192 auriculum
1450 1153 1580 1194 Rigalt.
1594 1151 1734 1187 Edita.

267 1191 394 1233 Faber,
417 1193 538 1227 Heius.
565 1193 813 1236 Hoogstratan.
841 1196 899 1229 alii
922 1202 1151 1238 reposuerunt
1175 1197 1357 1234 aar-italum
1378 1196 1445 1229 etsi
1469 1197 1543 1229 hoec
1556 1205 1626 1229 vox
1640 1196 1734 1239 apud

196 1234 209 1250 *
266 1234 453 1268 Phaedrum
481 1237 589 1269 solum
610 1237 817 1271 inveniatur.
860 1239 929 1272 Sed
952 1239 1058 1272 habet
1079 1240 1185 1273 Ovid.
1207 1241 1301 1272 Fast.
1324 1248 1373 1271 v1.
1398 1241 1474 1272 469.
1496 1243 1534 1272 et
1554 1237 1676 1272 Amor.
1690 1247 1734 1273 ιι.

267 1278 324 1312 El.
350 1281 383 1311 7.
411 1282 464 1311 15.
485 1280 495 1297 ‘
509 1279 662 1321 auritus:
688 1290 751 1322 pro
769 1281 879 1321 asino,
903 1281 990 1314 adeo
1013 1286 1053 1315 ut
1078 1283 1198 1315 eadem
1219 1281 1330 1314 forma
1345 1281 1413 1314 dici
1436 1282 1546 1323 possit
1564 1282 1736 1323 maula,

268 1330 337 1371 qua
365 1322 495 1354 centies
521 1323 653 1363 Cicero,
679 1324 845 1365 Catullus,
870 1325 929 1356 alii
958 1325 1120 1358 dixerunt
1145 1325 1336 1365 barbariam,
1359 1325 1531 1375 numam,
1549 1324 1737 1374 anaim,

264 1364 415 1406 polztulue
423 1375 436 1403 ‚·
459 1369 496 1397 et
506 1366 662 1399 auritulus
672 1367 774 1399 unice
788 1376 906 1399 verum
919 1377 995 1400 esse
1011 1368 1181 1401 videatur.
1227 1367 1344 1400 Nihilo
1358 1376 1440 1400 vero
1455 1377 1567 1400 secius
1581 1367 1736 1400 Brouer.

268 1410 387 1440 tuetur
412 1408 581 1449 auriculas,
607 1414 643 1440 et
670 1419 718 1442 vs.
747 1420 796 1452 sq.
813 1412 985 1443 ‘clamorem
1007 1413 1039 1442 et
1060 1411 1173 1443 cubito.
1218 1410 1326 1443 Putat
1351 1410 1455 1449 enim,
1476 1411 1532 1443 vel
1549 1409 1736 1443 Phaon-um

267 1450 475 1491 produxisse
502 1452 684 1484 secundam
711 1453 878 1494 syllabam
905 1454 940 1485 in
963 1453 1132 1493 auriculae,
1156 1457 1194 1486 ut
1209 1458 1246 1486 et
1259 1452 1463 1495 produxerit
1477 1453 1512 1485 in
1533 1453 1544 1470 ‘
1559 1452 1736 1496 qnotidie’

268 1492 328 1525 lib.
341 1501 383 1525 11.
399 1492 468 1526 fab.
484 1496 518 1526 4.
534 1497 566 1527 8.
580 1493 671 1537 quod
687 1496 792 1528 etiam
805 1494 982 1529 Scheffero
998 1506 1066 1529 non
1079 1496 1241 1538 displicet
1256 1507 1266 1537 3
1286 1497 1341 1528 vel
1353 1495 1544 1538 geminasse
1554 1494 1691 1529 literam
1703 1506 1736 1537 e,
1753 1527 1760 1535 ,

267 1538 308 1567 ut
337 1535 397 1568 lib.
425 1545 482 1569 nx.
503 1535 574 1569 fab.
608 1540 663 1570 18.
689 1540 741 1571 15.
767 1538 803 1570 id
825 1540 985 1577 recciaat,·
1018 1541 1074 1573 vel
1103 1540 1239 1572 demum
1267 1539 1428 1586 maluisse
1453 1538 1732 1588 trochoenmbpro

265 1578 1270 1665 3333?ss2222?3,eiii}„fffl{⁰:¹2233’13ffi13'23323,
1285 1581 1536 1666 :1⁶33ssth
1544 1581 1734 1656 W„-

267 1664 354 1696 culus
366 1674 443 1705 pro,
459 1666 574 1707 erigit,
588 1666 719 1708 arrigit.
762 1668 816 1700 Ex
832 1677 900 1711 quo
919 1667 1135 1710 intelligitur,
1161 1667 1242 1710 quid
1261 1667 1482 1700 statuendum
1496 1666 1542 1699 nit
1555 1666 1600 1698 de
1619 1675 1736 1712 emen-

267 1705 407 1739 datione
423 1708 641 1750 Desbillonii‚
667 1710 727 1752 qui
753 1719 871 1743 omnes
896 1720 997 1743 voces
1026 1711 1110 1743 Cod.
1135 1710 1231 1743 Pith.
1256 1710 1410 1751 retineri,
1434 1713 1472 1741 et
1492 1709 1587 1742 salvo
1612 1713 1736 1751 metro,

267 1749 364 1782 salva
377 1755 414 1782 et
429 1750 637 1791 Latinitate,
649 1752 697 1784 sie
713 1753 783 1795 legi
796 1763 895 1794 posse
903 1753 1060 1795 judicat:
1087 1753 1257 1794 Fugientes
1271 1753 1337 1794 ipse
1351 1752 1519 1794 exciperet.
1564 1750 1735 1786 Auaricum

267 1792 319 1824 hic
334 1796 364 1824 et
374 1793 549 1827 Clamorem
559 1795 659 1826 subito
673 1795 756 1827 tollit
770 1796 847 1827 totis
859 1796 987 1829 viribus.
1033 1796 1122 1828 Nam
1138 1796 1295 1828 voculam
1308 1795 1360 1827 laic
1372 1799 1453 1827 ante
1470 1795 1622 1827 vocalem
1636 1799 1736 1828 reete

268 1835 396 1877 corripi
410 1837 544 1878 statuit,
557 1840 598 1869 ut
612 1838 712 1879 Virg-
728 1838 805 1871 AEn.
817 1848 866 1871 Vl.
883 1841 958 1872 792.
988 1874 990 1876 ,
1003 1839 1060 1871 Ne
1076 1838 1202 1880 dicam,
1215 1838 1399 1871 lectionem
1420 1837 1473 1870 hic
1487 1837 1644 1872 autimas
1657 1846 1735 1870 ene

268 1878 530 1921 elegantiorem,
544 1884 581 1912 et
607 1880 651 1912 ad
675 1879 848 1922 poeticam
873 1881 1043 1914 rationem
1064 1881 1232 1914 accedere
1260 1881 1475 1922 propina—7
1500 1881 1736 1913 Clamores-nu-

267 1920 344 1953 bito.
390 1921 475 1954 eod.
500 1922 569 1955 Ms.
595 1923 693 1955 Rem.
715 1932 816 1965 quein
831 1924 1002 1956 Meursius
1026 1924 1195 1966 sequitur,
1211 1924 1386 1956 Clamorem
1407 1923 1532 1956 subito.-
1553 1923 1622 1956 Ms.
1638 1923 1734 1956 Pith.

270 1964 445 1996 Clamorem
463 1968 495 1997 et
520 1965 637 2006 subito,
651 1966 730 2008 quia
753 1970 977 2008 praecesserat
990 1966 1147 1999 auriculas
1157 1977 1170 2004 ‚·
1192 1966 1277 1999 Cod.
1292 1966 1384 1998 Dan.
1409 1966 1584 1998 Clamorem
1597 1964 1736 1998 ειώίειιιη

268 2009 293 2039 t.
307 2010 372 2040 tv.
395 2007 488 2040 Hinc
503 2007 687 2040 ediderunt
702 2009 804 2041 varie.
851 2010 1010 2042 Nevelet.
1034 2009 1160 2051 Rigalt.
1174 2011 1208 2041 2.
1232 2009 1365 2041 Walcli.
1380 2007 1496 2040 Ursin.
1521 2009 1668 2040 Clamore
1680 2017 1734 2040 au-

268 2049 333 2083 bito
344 2061 359 2089 ‚·
380 2050 504 2088 Faber,
526 2051 726 2092 Hoogstrat.
750 2052 926 2084 Clamorem
946 2051 1095 2093 subitum,
1110 2052 1206 2094 quod
1218 2051 1364 2093 probant
1377 2049 1542 2084 Scheffer.
1555 2051 1615 2093 qui
1631 2054 1735 2083 antea

268 2092 338 2134 legi
355 2092 506 2134 jubebat
531 2094 688 2127 Clamores
710 2095 828 2135 subito,
852 2098 888 2127 et
910 2095 962 2127 Cl.
977 2095 1150 2127 Schirach.
1177 2095 1213 2126 in
1239 2095 1337 2127 Clav.
1357 2094 1400 2126 P.
1415 2103 1442 2126 1.
1468 2104 1502 2134 p.
1524 2095 1578 2125 30.
1600 2093 1735 2135 recepit
1771 2093 1777 2099 '

270 2135 375 2167 etiam
393 2136 515 2168 Didot.
539 2136 661 2168 Heius.
688 2138 846 2169 clamores
870 2137 999 2170 subitos.
1043 2138 1112 2170 Sed
1127 2142 1229 2179 recte
1246 2138 1378 2179 placuit
1400 2136 1505 2169 lectio
1530 2135 1618 2176 Cod.
1635 2136 1735 2168 Rem.

269 2178 327 2210 Sic
342 2177 401 2212 lib.
416 2187 466 2211 1v.
490 2178 557 2211 fab.
573 2183 604 2211 5.
617 2182 671 2212 29.
699 2181 757 2211 lib.
774 2189 800 2211 x.
817 2178 887 2212 fab.
903 2183 954 2214 12,
966 2183 997 2212 7.
1020 2179 1092 2213 fab.
1110 2183 1162 2212 15.
1178 2182 1209 2213 ὃ.
1236 2178 1295 2212 lib.
1309 2189 1350 2212 11.
1366 2178 1436 2212 fab.
1452 2181 1485 2211 7.
1500 2181 1621 2211 7.-10
1642 2179 1735 2223 Affli-

266 2223 398 2261 guntur.
442 2221 536 2253 Olim
559 2222 738 2263 legebatur
762 2223 952 2265 afficiuntur,
977 2223 1066 2264 quod
1092 2228 1147 2255 est
1169 2224 1204 2255 in
1231 2223 1317 2254 Mss.
1342 2221 1438 2254 Pith.
1465 2225 1502 2253 et
1526 2221 1625 2254 Rem.
1641 2221 1736 2254 Edit.

270 2263 402 2338 Riffalt.
418 2266 451 2295 2.
476 2263 638 2297 Nevelet.
654 2265 770 2297 Ursin.
814 2266 872 2297 Sic
896 2275 1030 2307 quoque
1053 2263 1175 2298 Barth.
1200 2264 1291 2297 Adv.
1307 2273 1363 2296 111.
1379 2267 1432 2297 19.
1448 2263 1506 2305 qni
1524 2263 1652 2296 frustra
1666 2264 1734 2306 qffi-

268 2315 321 2338 cer

271 2349 452 2390 genuinam
474 2359 590 2382 omnes
615 2349 689 2382 fere
716 2351 838 2382 Critici
862 2351 971 2383 secuti
994 2353 1171 2382 eunte—11
1197 2349 1274 2386 Qui.
1318 2349 1486 2390 Pithoeus,
1509 2348 1564 2380 eui
1587 2352 1624 2380 et
1646 2348 1734 2382 Bro-

270 2391 351 2424 tier.
373 2392 584 2434 obsequitur,
608 2393 684 2425 Hic.
729 2392 843 2435 Atque
874 2393 978 2425 etiam
1002 2393 1164 2424 Heinsius
1191 2392 1267 2431 Hic,
1292 2392 1346 2424 vel
1368 2391 1470 2432 Hinc,
1490 2390 1546 2423 vel
1575 2391 1628 2423 Ibi
1653 2400 1734 2424 con-

262 2434 354 2475 jicit.
397 2435 467 2467 Sed
491 2436 610 2467 melius
636 2435 670 2466 in
687 2435 772 2468 Mas.
796 2436 889 2468 Pith.
905 2440 941 2467 et
965 2436 1062 2468 Rem.
1088 2435 1217 2476 legitur
1241 2434 1405 2471 Qui—est.
1450 2435 1560 2466 Deest
1588 2434 1624 2466 in
1650 2434 1734 2467 Mu.

270 2477 363 2510 Pith.
391 2483 428 2510 et
458 2478 558 2510 Rem.
617 2477 740 2519 Itaque
768 2478 902 2510 Gudius
928 2488 959 2509 m
986 2478 1020 2509 in
1049 2478 1171 2510 asinum
1194 2486 1262 2509 non
1291 2481 1393 2519 putat
1420 2486 1496 2509 esse
1526 2475 1732 2518 elidendum,

270 2523 310 2552 ut
325 2524 461 2553 constet
477 2530 612 2561 versus;
638 2522 693 2553 vel
718 2521 785 2563 legi
807 2529 907 2562 posse
931 2520 1080 2563 defessus,
1106 2520 1270 2562 absorpta
1291 2519 1421 2563 syllaba
1434 2520 1473 2552 de
1487 2529 1507 2552 a
1521 2520 1615 2562 caede,
1639 2519 1731 2562 quod

358 2307 524 2348 explicat,
545 2317 682 2339 vexare.
726 2308 815 2339 Nam
843 2309 1027 2350 affliguntur
1054 2307 1161 2340 habet
1190 2306 1275 2339 Cod.
1303 2307 1396 2339 Dan.
1423 2315 1524 2348 qnam
1550 2306 1734 2338 lectionem

932 2622 1074 2655 NOTAE

315 2689 357 2718 10
392 2686 507 2719 Leonis
545 2687 730 2729 affliguntur
766 2686 976 2729 [afficiuntur]
1027 2687 1078 2720 tio
1094 2687 1206 2720 verior
1220 2687 1368 2729 videtur,
1380 2691 1572 2730 quanquam
1586 2685 1731 2728 primam

270 2737 422 2769 horrendo
447 2738 580 2779 impetu]
613 2738 671 2770 Sic
686 2737 810 2778 legitur
833 2738 869 2768 in
896 2747 976 2779 quo·
1026 2737 1239 2777 retinuerim,
1261 2738 1341 2780 quia
1355 2738 1446 2771 hunc
1460 2738 1572 2770 locum
1590 2735 1731 2770 Phaedri

272 2787 350 2820 dam
366 2788 564 2831 exemplari,
586 2789 788 2831 affliguntur,-
809 2798 885 2831 quae
910 2789 977 2821 lec·
1026 2797 1095 2822 non
1110 2788 1282 2822 obscurat.
1730 2797 1733 2799 ·
