1806 3236
230 208 318 254 608

699 220 843 252 No'l'AE
874 218 1140 254 VAmoRUM
1176 219 1227 251 IN

275 320 296 350 2
322 315 405 353 Quia
429 314 516 348 dives
537 315 626 357 arca]
648 315 822 348 Isocrates
837 324 938 358 aper-
986 324 1110 348 nores=
1139 317 1333 358 persalutare
1361 318 1427 354 est,
1451 313 1693 348 suut-timis

233 374 292 402 te:
317 369 459 400 Πλοῦτος
484 365 593 400 κακίας
617 368 740 407 μᾶλλον
762 366 782 405 ἢ
802 372 938 399 καλοκα-

232 419 343 461 γαθίας
367 417 521 461 ὑπηρέτης
547 417 644 460 ἐστὶν,
663 417 801 459 ἐξουσίαν
821 417 939 461 μὲντῃ

231 470 360 513 ῥαθυμίᾳ
387 468 638 512 παρασκευάζων.
695 469 785 503 Vide
815 469 940 502 AEliau.

233 523 316 555 Var.
334 522 427 554 Hist.
444 530 496 554 xi.
512 524 546 554 9.
573 521 631 554 ubi
655 531 698 553 ex
724 521 809 554 Mss.
836 521 940 553 Pala-

234 574 307 606 tino
332 578 368 606 et
394 573 489 606 Plut.
510 573 546 605 in
562 572 738 616 Apophth.
755 575 850 616 leges
865 585 940 616 χρυ-

234 625 307 657 σοῦς
323 635 387 666 pro
402 623 527 666 χρυσία.
557 624 638 656 Neo.

279 677 382 709 Dives
393 678 484 719 arca]
513 677 702 719 Eleganter
725 686 811 716 arco,
839 686 941 719 prop—

235 734 289 761 ter
309 738 456 770 sequens
478 728 651 770 intercipit,
672 729 766 761 velut
782 727 941 770 excipula

232 779 372 812 insidias
386 784 523 811 struens
538 779 630 812 laudi
645 779 778 812 alienae.
822 779 941 811 Habe·

235 830 320 863 bant
336 830 420 862 elias
436 831 469 862 in
487 831 575 863 arcis
599 831 792 872 pecuniam,
809 840 849 863 uc
865 829 940 862 fere

233 882 268 912 iu
294 880 382 913 foro.
436 882 597 915 Juvenal.
628 882 703 914 Sat.
730 891 765 914 x.
796 882 806 900 ‘
826 881 942 914 Prima

233 931 309 965 fere
321 938 610 973 vota,...crescant
622 938 662 966 ut
674 942 772 976 opes,
783 937 823 966 ut
837 934 943 966 maxi-

233 994 290 1016 ma
305 988 380 1017 toto
400 985 531 1017 Nostra
544 985 588 1017 sit
601 994 680 1017 arca
693 985 794 1018 foro.'
839 985 941 1018 Adde

233 1034 282 1066 ibi
299 1034 513 1067 Scholiasten
529 1040 693 1068 veterem.
722 1037 815 1069 Hinc
832 1037 940 1069 illud:

232 1086 243 1104 ‘
260 1086 437 1120 Quantum
468 1088 613 1130 quisque
640 1098 702 1120 sua
729 1097 942 1120 nummorum

234 1139 387 1180 possidet
403 1139 509 1172 arca!
542 1140 664 1173 Cicero
680 1139 807 1173 Parad.
833 1139 843 1158 ‘
858 1139 944 1172 Ani·

234 1200 308 1223 mus
331 1192 477 1224 hominis
497 1191 607 1233 dives,
622 1201 689 1224 non
713 1202 805 1232 arca,
824 1191 943 1234 appel-

233 1242 299 1273 lari
315 1241 427 1274 solet-⁹
463 1242 620 1275 Catullus
644 1243 745 1284 Epig.
770 1245 824 1274 23.
850 1241 861 1260 ‘
878 1242 943 1274 Cui

233 1302 346 1336 neque
361 1302 478 1326 servus
494 1299 560 1336 est,
575 1304 687 1336 neque
702 1294 805 1327 arca!
835 1293 941 1333 Schef.

279 1345 383 1377 Dives
406 1355 481 1377 arca
503 1355 609 1378 voram
629 1346 752 1378 laudem
765 1344 943 1386 intercipit]

235 1395 381 1428 Litterae
398 1396 501 1436 enim,
519 1399 559 1428 ut
575 1396 624 1428 ait
640 1396 683 1428 B.
701 1396 944 1438 Hieronymus,

233 1446 444 1488 marsupium
464 1455 531 1478 non
555 1450 766 1489 sequuntur:
790 1445 944 1489 quamvis

235 1498 371 1530 Croesos
393 1497 469 1539 quis
490 1498 602 1539 spiret
617 1502 655 1530 et
669 1497 815 1530 Darios:
838 1496 944 1529 Sudo-

234 1548 281 1580 ris
297 1548 441 1581 comites
458 1552 538 1580 sunt
555 1551 592 1581 et
607 1547 748 1581 laboris,
792 1547 843 1580 At
856 1546 946 1579 πενία

234 1599 348 1641 σοφίαν
361 1598 474 1640 ἔλαχε,
487 1598 540 1631 καὶ
561 1599 641 1640 μόνα
651 1599 709 1632 τὰς
725 1597 843 1640 τέχνας
866 1598 946 1639 ἐγεί-

233 1662 295 1693 ρει;
319 1655 359 1683 nt
374 1655 428 1683 est
442 1651 534 1693 apud
549 1651 784 1684 Theocritum.
812 1651 901 1683 Ritt.

277 1707 297 1735 3
325 1704 409 1735 Coelo
422 1702 576 1745 receptus]
604 1703 651 1735 Et
669 1703 758 1734 hauc
779 1701 849 1735 fab.
864 1710 944 1734 exe·

234 1758 332 1787 cutus
348 1758 402 1786 est
416 1754 561 1796 AEsopus
575 1752 648 1786 fab.
663 1756 738 1785 194.
769 1753 902 1785 Prosch.

281 1805 462 1848 C'oelo‚85c.]
491 1805 642 1846 Egregie
666 1804 742 1845 ipse
766 1804 859 1846 apud
882 1803 943 1849 ξε-

233 1865 353 1889 necem
383 1860 541 1888 extremo
579 1855 733 1887 Hercule
768 1856 872 1888 OEteo
899 1853 944 1886 ad

235 1908 438 1940 Alcmenam
467 1911 632 1939 matrem:
667 1907 678 1925 ⁴
695 1905 789 1940 Quid
810 1915 866 1938 me
891 1909 944 1938 te-

234 1963 375 1991 nentem
391 1968 499 2000 regna
522 1957 649 1990 siderei
671 1958 753 2000 poli,
778 1957 944 2000 Coeloque

234 2009 374 2042 tandem
390 2008 577 2049 redditum,
592 2009 734 2050 planctu
745 2008 845 2051 jubes
859 2008 945 2041 Sen-

235 2060 303 2092 tire
318 2058 449 2092 fatum?
471 2069 601 2102 parce:
628 2069 705 2091 nam
731 2061 839 2092 virtus
861 2058 945 2091 mihi

236 2112 278 2143 In
307 2116 412 2152 astra,
438 2115 475 2143 et
499 2110 592 2152 ipsos
616 2110 701 2144 fecit
727 2110 771 2143 ad
796 2111 945 2152 Superos

236 2161 326 2194 iter!
371 2162 419 2194 Et
446 2165 587 2204 postea:
615 2163 625 2181 ‘
643 2162 763 2194 Virtus
790 2162 825 2194 in
850 2166 945 2195 astra

236 2212 370 2252 tendit3
395 2213 429 2244 in
453 2217 598 2246 mortem
620 2213 745 2248 timon-‚¹
783 2213 847 2246 Cui
870 2214 944 2256 pul-

236 2264 319 2296 chre
333 2264 481 2296 succinit
497 2264 631 2296 Chorus
647 2265 795 2298 ibidem:
819 2266 829 2284 ‘
847 2265 945 2298 Nun-

236 2324 337 2357 quam
354 2315 493 2356 Stygias
524 2314 636 2347 fertur
657 2316 701 2347 ad
727 2316 864 2348 umbras
888 2316 945 2348 In-

237 2366 322 2398 clita
337 2366 468 2398 virtus:
493 2366 611 2398 Vivite
636 2365 756 2407 fortes,
777 2367 854 2399 Nec
880 2367 944 2399 Le-

237 2421 312 2448 teos
339 2427 431 2448 saeva
455 2426 520 2459 per
546 2426 661 2449 amnes
685 2418 757 2448 Vos
781 2416 853 2449 fata
877 2421 944 2449 tra-

236 2468 340 2509 hent;
363 2468 425 2500 sed
441 2478 519 2500 cum
535 2478 683 2500 summas
699 2468 826 2510 Exiget
843 2468 943 2500 horas

237 2523 418 2551 consumta
431 2519 518 2558 dies,
534 2520 610 2551 Iter
629 2519 673 2552 nd
701 2519 850 2560 Superos
871 2520 942 2561 glo-

236 2571 285 2602 ria
301 2570 452 2612 pandet?
486 2571 578 2603 Vide
594 2575 709 2603 tamen
725 2570 943 2602 Lactantium

237 2622 354 2654 Divin.
370 2622 458 2654 Inst.
475 2622 534 2654 lib.
553 2632 580 2655 1.
595 2625 626 2655 9.
649 2622 707 2654 ubi
719 2623 944 2663 demonstrat,

237 2673 364 2705 nullam
380 2674 415 2704 in
430 2673 581 2706 Hercule
595 2674 756 2706 virtutem
771 2672 887 2714 fuisse,
901 2674 944 2706 ob

238 2734 340 2766 quam
357 2724 479 2766 dignus
495 2729 586 2757 esset
601 2726 688 2757 coelo
705 2725 822 2766 recipi.
856 2725 942 2757 Ritt.

283 2775 451 2817 Hercules]
475 2777 543 2808 Ms.
560 2776 720 2809 Herculis.
752 2775 845 2807 Gud.

282 2829 301 2857 4
327 2826 548 2868 Gratulantes]
570 2827 643 2869 Ipsi
667 2835 770 2859 novos
789 2826 871 2859 istos
886 2827 945 2859 ho-

987 366 1135 400 omnium
1151 366 1263 408 finire,
1283 367 1373 400 sicut
1398 367 1409 384 ‘
1424 362 1694 402 Pemrare'ssdb

989 418 1109 460 cimus,
1129 420 1166 461 et
1187 419 1198 437 ‘
1211 419 1428 462 Permanere?
1453 422 1491 452 et
1515 418 1564 474 id
1574 419 1694 463 gensi!-

990 468 1097 508 Solus.

1033 523 1053 552 δ
1082 520 1246 562 Veniente]
1266 521 1334 555 Ms.
1353 521 1511 554 Venienti.
1534 520 1628 554 God
1664 523 1689 542 ’θ’

1035 570 1146 612 Pluto]
1171 571 1361 604 Plutonev.
1379 571 1419 604 C.
1425 571 1531 605 *Plan
1554 570 1672 604 Hau.

1035 622 1144 663 Pluto,
1156 621 1227 663 qa]
1244 622 1358 655 Gaecoe
1373 622 1493 656 matris
1507 627 1697 666 cmpre-

990 673 1053 705 les.
1089 673 1180 705 Vide
1195 673 1463 716 Aristophanem
1476 673 1603 708 nimo.
1626 674 1698 709 =Ut

992 729 1107 757 autem
1121 725 1179 757 ille
1191 725 1246 758 hie
1258 725 1357 758 malis
1379 724 1509 758 amisus
1522 721 1698 759 fflffl‘-

992 779 1067 808 tur:
1091 776 1140 808 ita
1154 781 1275 809 contra
1290 775 1334 809 de
1354 771 1570 820 Paupertate
1563 762 1698 820 W

991 826 1177 859 Petronius
1193 826 1364 860 Arbiter:-
1379 826 1390 846 ‘
1403 826 1531 866 Nescio
1543 821 1700 870 qubffl

992 877 1035 910 do
1050 877 1148 910 bonae
1164 876 1291 910 mentis
1304 886 1400 910 soror
1414 881 1474 910 est
1480 875 1701 920 pm?

992 929 1039 962 Et
1066 934 1105 962 ut
1130 929 1245 962 idem:
1278 930 1289 948 ‘
1305 928 1414 962 Amor
1434 927 1577 978 ingenii
1589 923 1700 963 nemi·

992 991 1071 1014 nem
1094 990 1242 1024 unquam
1270 981 1413 1014 divitem
1436 978 1577 1013 feeit!
1590 978 1703 1022 cujus
1744 1014 1746 1017 ,

992 1035 1043 1067 rei
1060 1044 1196 1067 causam
1221 1033 1364 1077 inquirit
1386 1028 1703 1090 Aristotelesffl-

993 1087 1095 1120 blein.
1109 1090 1141 1121 4.
1156 1087 1250 1121 sect.
1260 1090 1314 1121 29.
1337 1087 1425 1120 Ritt.
1487 1098 1490 1103 ·
1559 1100 1562 1102 ·
1597 1098 1605 1103 ·‘
1627 1083 1659 1108 Ψ*

1036 1140 1188 1172 Fortunae
1213 1142 1259 1172 est
1277 1138 1386 1182 filius]
1416 1136 1569 1171 &Aliter
1584 1128 1700 1171 tu'n'e'n

993 1189 1241 1231 ἐγενεαλόγησεν
1268 1188 1454 1230 Hesiodus,
1474 1186 1547 1232 qui
1552 1178 1700 1226 &lilium

994 1241 1132 1274 Cereris
1161 1240 1270 1273 filium
1299 1239 1408 1273 fecit:
1447 1243 1484 1272 et
1508 1237 1611 1283 fecit
1638 1237 1700 1272 iiie

993 1292 1143 1334 quidem.
1202 1291 1307 1332 Nam,
1333 1295 1372 1323 ut
1398 1289 1455 1332 iis,
1481 1279 1541 1336 qni
1572 1289 1699 1323 Graece

993 1341 1208 1384 penitissime
1224 1342 1350 1382 sciunt,
1364 1345 1482 1374 notum
1498 1344 1564 1373 est·
1553 1340 1699 1384 ,priscis

995 1392 1210 1435 temporibus
1222 1393 1360 1425 πλοῦτος
1379 1390 1499 1435 fruges
1514 1394 1552 1425 et
1564 1391 1635 1430 alin
1654 1391 1701 1424 ud

994 1455 1161 1478 annonam
1176 1455 1216 1477 ac
1232 1453 1357 1487 penum
1371 1440 1584 1486 pertinentis
1597 1441 1702 1485 sigui-

994 1496 1135 1529 ficabat.
1180 1495 1281 1531 Quod
1309 1497 1375 1528 hoc
1404 1495 1480 1528 loco
1506 1492 1703 1538 probarem,

994 1548 1060 1580 nisi
1073 1547 1108 1580 id
1123 1548 1167 1581 V.
1182 1547 1233 1579 Cl.
1249 1546 1376 1579 Daniel
1396 1542 1560 1579 Heinsius
1583 1544 1620 1577 in
1642 1552 1702 1578 no-

994 1599 1041 1632 tis
1055 1598 1098 1631 ad
1114 1597 1306 1631 Hesiodum
1322 1595 1542 1630 ostendisset.
1576 1596 1701 1631 Quem

993 1650 1108 1682 locum
1138 1649 1166 1681 si
1191 1647 1333 1690 legeris,
1362 1657 1383 1680 e
1411 1645 1449 1680 re
1475 1644 1717 1687 tus--stcsris.2

994 1702 1100 1742 Ergo,
1110 1699 1239 1732 dixerit
1252 1698 1447 1742 Schoppius
1463 1694 1597 1741 aliquis,
1608 1703 1702 1731 em·

995 1751 1046 1784 vit
1074 1750 1253 1782 Phaedrus.
1282 1770 1290 1778 -
1314 1749 1426 1782 Hem!
1460 1748 1554 1782 bona
1577 1746 1702 1794 verbe,

993 1811 1072 1834 nam
1088 1805 1126 1834 et
1142 1799 1348 1841 Hesiodum,
1365 1804 1404 1832 ut
1419 1808 1537 1832 omnes
1552 1800 1588 1832 in
1687 1808 1701 1825 ‘-

995 1853 1047 1885 cia
1075 1852 1188 1894 pueri,
1213 1852 1367 1893 legerat3
1406 1854 1444 1883 et
1465 1860 1538 1883 rem
1563 1798 1701 1893 rx&

992 1903 1084 1942 ἠθικὰ
1098 1901 1230 1935 referre
1245 1901 1376 1934 maluit.
1412 1901 1505 1936 Quid
1522 1896 1641 1934 enirn?
1656 1908 1700 1934 an

994 1965 1064 1988 non
1079 1963 1198 1987 verum
1213 1958 1280 1995 est,
1305 1950 1388 1986 κατά
1411 1963 1453 1994 γε
1475 1951 1551 1985 nius·
1565 1950 1700 1995 Μυσοὺς,

995 2008 1149 2048 Plutum,
1171 2006 1207 2039 id
1237 2009 1304 2047 est,
1331 2004 1374 2037 τὰ
1401 2003 1550 2047 χρήματα
1576 2008 1652 2038 esse
1672 2013 1702 2044 ,ι

995 2058 1172 2091 Fortuna?
1197 2056 1335 2090 Addam
1360 2054 1517 2098 amplius,
1538 2065 1609 2089 non
1633 2047 1703 2090 οὔῖ-

994 2119 1056 2142 nes
1086 2113 1222 2141 veteres
1246 2108 1309 2141 hnc
1340 2108 1375 2140 in
1402 2116 1439 2140 re
1463 2110 1602 2140 secutos
1619 2110 1720 2146 esse

997 2160 1144 2193 Hesiodi
1157 2159 1412 2192 auctoritatem.
1450 2159 1503 2191 En
1520 2158 1582 2191 tibi
1591 2157 1703 2191 homi-

995 2221 1087 2252 nem,
1102 2211 1160 2254 qui
1175 2214 1212 2244 et
1232 2210 1448 2243 simulacrum
1465 2209 1560 2242 Pluti
1574 2209 1610 2242 in
1624 2210 1701 2245 sinu

996 2267 1032 2295 et
1047 2262 1202 2294 manibus
1214 2262 1378 2294 Fortunae
1389 2261 1478 2293 vldit
1489 2260 1567 2293 olim
1580 2271 1590 2301 3
1602 2259 1702 2303 quip-

995 2324 1040 2357 pe
1052 2319 1223 2356 praeterea
1232 2313 1402 2345 rationem
1414 2311 1523 2354 addit,
1530 2320 1594 2345 eur
1603 2307 1701 2358 ilium

995 2367 1157 2398 Fortunae
1184 2364 1291 2397 filium
1317 2373 1391 2396 esse
1412 2363 1565 2396 nonnulli
1582 2368 1700 2396 cense-

995 2420 1089 2457 reut3
1116 2416 1145 2448 is
1167 2420 1232 2457 est,
1251 2409 1450 2448 ‘Pausanias
1470 2415 1504 2447 ἐν
1525 2414 1700 2448 nomnaeots

995 2477 1073 2510 pag.
1101 2470 1177 2500 294.
1218 2466 1305 2499 edit.
1344 2465 1572 2499 Wechellan'oe
1589 2476 1598 2498 ε
1638 2463 1700 2497 Καὶ

993 2518 1128 2558 πλησίον
1139 2517 1246 2559 Τύχης
1258 2517 1344 2551 ἐστὶν
1365 2517 1453 2560 ἱερόν.
1479 2515 1563 2560 φέρει
1584 2515 1643 2558 μὲν
1661 2517 1700 2556 δὴ

994 2572 1136 2603 Πλοῦτον
1147 2571 1254 2602 παῖδα..
1284 2569 1420 2602 Deinde
1437 2568 1605 2601 rationem
1622 2567 1700 2600 sub·

995 2621 1064 2653 dit:
1088 2620 1191 2662 Σοφὸν
1210 2619 1268 2661 μὲν
1288 2619 1325 2658 δὴ
1354 2618 1404 2651 καὶ
1431 2617 1554 2651 τούτοις
1577 2618 1615 2651 τὸ
1628 2619 1700 2656 βού-

994 2678 1104 2714 λευμα,
1119 2671 1260 2704 εἷσθεῖναι
1275 2671 1416 2703 Πλοῦτον
1436 2669 1478 2702 εἷς
1498 2671 1557 2703 τὰς
1579 2672 1700 2714 χεῖρας,

995 2723 1051 2756 ἅτε
1064 2722 1155 2765 μητρὶ
1169 2722 1189 2761 ἢ
1201 2723 1304 2765 τροφῷ
1317 2722 1360 2764 τῇ
1371 2720 1470 2764 Τύχῃ.
1495 2721 1611 2756 Faber..
1643 2722 1698 2755 Ex

995 2776 1206 2820 quorundam
1222 2784 1288 2807 non
1303 2774 1451 2806 omnium
1463 2779 1591 2807 mente.
1609 2773 1698 2806 Vide

994 2827 1143 2860 Pausan.
1175 2818 1210 2857 in
1239 2824 1418 2867 Boeoticis,
1457 2834 1558 2868 quem
1586 2825 1698 2858 locum
