1806 3236
216 196 302 240 210
501 206 704 240 prmum
738 206 1051 238 rAsunARuM
1085 205 1386 239 AEsoriAnuiu

221 302 364 346 Pinus
381 304 560 358 bipenni
580 302 848 345 concidisset
860 301 1079 345 Thessala
1089 303 1110 344 'i

222 370 403 433 Nec.lad
422 371 633 426 professae
654 370 807 412 mortis
826 369 1040 412 audacem
1056 371 1176 413 viam

224 438 509 480 Fabricasset
529 436 677 492 Argus
696 451 828 493 opere
845 437 1048 480 Palladio
1067 442 1220 490 ratem,

223 505 516 561 Inhospitalis
537 506 680 560 prima
699 518 802 561 quae
824 504 956 547 Ponti
974 505 1097 547 sinus

224 575 454 626 Patefecit,
474 575 519 616 in
538 575 777 630 perniciem
797 573 986 617 Graium
1006 577 1053 615 et
1072 574 1334 616 Barbarum.

225 643 433 697 Namque
452 647 499 684 et
517 643 700 698 superbi
718 642 841 696 luget
860 641 1002 684 AEetae
1025 641 1195 693 domus,

226 711 284 753 Et
302 724 434 765 regna
453 709 593 753 Peliae
613 711 782 753 scelere
799 709 976 764 Medeae
991 709 1166 764 jacent:

228 779 361 832 Quae,
383 792 554 822 saevum
573 778 793 834 ingenium
811 777 947 821 variis
967 777 1199 820 involvens
1217 776 1378 828 modis,

1621 505 1678 548 10

227 921 329 962 Pelei,
342 931 439 963 neque
453 921 562 962 Argus
576 921 752 964 edificasse&
765 931 873 954 navem
887 924 956 953 ‹ir-te
970 920 1111 953 Palladis
1121 921 1161 953 ad
1173 920 1236 953 iter
1249 921 1354 953 audax
1367 919 1476 952 morere
1487 919 1685 954 indubitate.

228 965 311 997 Hoec
324 965 427 1006 primo
441 965 566 996 reclusit
579 964 682 996 sinum
704 965 802 996 Ponti
816 964 953 1005 Euxini,
964 965 1066 996 maris
1081 964 1288 1005 inhospitalis,
1299 965 1335 996 in
1354 964 1479 996 ruinam
1502 963 1687 997 Groeemm

226 1012 258 1040 et
274 1007 497 1040 Barbarorum.
543 1008 686 1048 Namque
694 1007 823 1047 familia
838 1007 943 1040 AEetoe
956 1007 1082 1049 superbi
1095 1007 1191 1047 dolet,
1210 1010 1241 1038 et
1256 1006 1420 1048 imperium
1436 1006 1534 1039 Peliae
1550 1016 1687 1046 eaerum

228 1054 274 1084 est
290 1050 433 1095 flagitiis
446 1051 590 1090 Medeoe;
607 1060 688 1093 quoe,
702 1054 811 1092 tegens
823 1050 958 1083 diversis
972 1049 1092 1082 artibus
1105 1049 1244 1082 animum
1260 1049 1424 1092 crudelem,
1438 1049 1504 1082 mic
1523 1049 1588 1082 sibi
1603 1048 1686 1090 fecit

839 1135 861 1147 O

1017 1134 1075 1147 ΟΝ

230 1189 333 1222 Pelio.
357 1189 526 1231 Cuningh.
543 1194 680 1223 secutus
697 1189 894 1232 Heinsium,
910 1191 1006 1223 dedit
1021 1189 1106 1222 Pelii
1120 1190 1155 1222 in
1169 1200 1201 1222 n.
1209 1189 1329 1230 j.—12
1354 1191 1457 1222 AEetae
1479 1191 1597 1224 domm.
1618 1190 1687 1224 Ms.

230 1232 325 1265 Pith.
337 1235 430 1264 aetate
442 1235 561 1265 domas.
595 1233 675 1265 Vid.
690 1234 850 1266 Nevelet.
864 1233 908 1265 ad
919 1233 1207 1275 marginem—13
1229 1232 1338 1274 [Pelia
1349 1232 1416 1275 legi
1418 1232 1522 1275 jubet
1529 1236 1688 1267 metrum.

230 1275 447 1317 Anton.]—14
470 1276 631 1308 Involvens
644 1276 752 1308 modis.
786 1276 947 1308 Heinsius
963 1276 1113 1308 malebat
1134 1276 1272 1308 evolvens
1284 1275 1374 1315 dolis,
1389 1279 1513 1308 contra
1525 1281 1690 1318 mentem,

230 1321 270 1350 ut
286 1318 404 1352 Burm.
419 1318 556 1360 probat,
571 1319 699 1360 poetae,
714 1318 774 1361 qui
788 1319 955 1351 saevitiam
973 1318 1146 1351 abdidisse
1164 1323 1201 1350 et
1221 1318 1448 1351 dissimulasse
1464 1318 1566 1351 variis
1580 1318 1690 1352 modis

230 1361 433 1402 (involvens)
447 1362 609 1394 Medeam
632 1362 748 1394 dicere
765 1362 884 1404 voluit,
908 1366 945 1394 et
972 1362 1087 1404 specie
1102 1371 1237 1404 semper
1251 1361 1397 1403 quadam
1418 1362 1568 1402 celasse;
1592 1362 1691 1405 cujus

231 1405 441 1436 contrarium
464 1409 517 1437 est
532 1406 682 1445 evolvere,
706 1414 772 1447 quo
786 1414 884 1437 sensu
900 1404 973 1437 Cic.
989 1405 1054 1437 Or.
1070 1414 1111 1436 11.
1127 1414 1203 1446 cap.
1220 1407 1274 1437 86.
1289 1404 1365 1437 init.
1381 1408 1470 1437 teste
1486 1405 1604 1438 Burm.
1647 1405 1691 1438 In

234 1447 298 1488 Ep.
313 1456 364 1480 vi.
386 1447 429 1479 ad
448 1446 574 1480 Scheff.
601 1447 763 1479 Heinsius
778 1448 937 1480 involvens
956 1448 1036 1479 dolis
1056 1447 1210 1489 corrigit.
1262 1447 1343 1479 Vid.
1364 1446 1448 1489 Syll.
1466 1447 1556 1490 Epp.
1570 1447 1693 1480 Burm.

233 1493 317 1522 tom.
347 1499 383 1522 v,
420 1500 455 1532 p.
475 1493 507 1523 8.
539 1490 631 1532 quod
661 1490 788 1522 rectius
816 1490 954 1523 videtur
983 1491 1193 1530 Burmanuo,
1221 1490 1303 1532 qnia
1322 1490 1389 1522 doti
1415 1495 1453 1522 et
1480 1491 1565 1523 modu·
1588 1488 1692 1524 facile

232 1536 380 1574 potuere
406 1533 622 1567 commutari.
650 1533 951 1568 evolverufleinsii
972 1533 1134 1577 placebat
1159 1542 1294 1578 quoque
1323 1532 1474 1577 Guyeto.
1523 1532 1692 1576 Cuningh.

896 1636 1036 1678 NO'TAE

276 1730 296 1760 7
324 1727 424 1760 Pinus
454 1726 614 1771 Thessala]
659 1729 744 1763 Quae
774 1729 810 1762 in
839 1730 939 1763 Pelio

233 1783 350 1810 monte
363 1778 543 1811 Thessaliae
566 1780 738 1821 reperitur
762 1779 937 1822 frequens.

234 1829 336 1862 Unde
366 1828 471 1861 Ovid.
503 1829 664 1862 ‘Summa
694 1830 807 1863 virent
842 1831 939 1873 pinu,

235 1884 355 1912 cetera
369 1888 510 1921 quercus
527 1880 654 1913 habet?

278 1934 300 1963 9
322 1930 521 1963 Fabricasset
534 1931 645 1972 Argus
665 1931 781 1974 ratem]
811 1932 846 1964 Is
872 1931 940 1965 fuit

235 1981 332 2014 navis
346 1981 436 2013 illius
452 1981 589 2024 artifex,
603 1992 670 2026 qua
685 1986 806 2015 vectus
821 1988 872 2014 est
881 1982 940 2016 Ja-

234 2042 297 2075 vson
323 2032 359 2064 in
386 2032 596 2071 Colchidem,
616 2034 660 2066 ad
677 2034 785 2067 vellus
800 2043 940 2066 aureum

236 2083 492 2125 reportandum.
578 2116 579 2119 ,

281 2134 384 2174 Opere
395 2133 554 2176 Palladio]
578 2134 730 2167 Palladis
745 2134 889 2168 consilio
904 2138 940 2167 et

237 2188 326 2216 arte.

282 2238 323 2266 10
345 2235 547 2277 Inhospitalis
569 2236 672 2278 prima
697 2247 766 2279 (μω
780 2236 878 2269 Ponti
898 2237 943 2268 si·

237 2286 309 2327 nus]
340 2285 474 2318 Pontus
504 2286 670 2327 Euxinus,
696 2291 800 2320 antea
828 2287 942 2319 dictus

237 2335 392 2376 Axenus,
407 2336 444 2368 id
460 2340 526 2376 est,
541 2337 742 2379 inhospitas,
759 2342 848 2370 teste
872 2338 943 2370 Pli-

236 2386 305 2419 nio.
349 2387 435 2418 Erat
450 2387 540 2418 inter
554 2387 712 2419 Moesiam
733 2388 943 2429 inferiorem,

239 2440 276 2469 et
291 2436 474 2471 Thraciam
489 2436 532 2469 ad
546 2446 728 2478 occasum;
751 2438 869 2471 Asiam
883 2438 944 2470 mi-

238 2497 357 2520 norem
382 2487 426 2521 ad
451 2487 651 2527 meridiem;
675 2489 873 2521 Colchidem
900 2490 944 2522 ad

239 2541 373 2577 ortum;
397 2541 434 2570 et
457 2538 657 2570 Sarmatiam
684 2539 893 2581 Europeam,
907 2544 944 2572 et

238 2588 441 2620 Sarmatiam
458 2587 647 2622 Asiaticam
662 2588 705 2621 ad
720 2588 868 2622 boream.

284 2640 326 2669 12
347 2638 452 2669 AEetoe
465 2638 583 2678 domus,
599 2638 647 2670 Et
659 2648 759 2679 regna
772 2639 873 2673 Peliae
882 2648 944 2671 sce-

240 2687 302 2719 lere
329 2688 451 2722 Medeoe
472 2687 599 2729 jacent]
635 2689 753 2730 Jamn,
775 2688 943 2730 suadente

240 2742 366 2780 patruo
379 2749 440 2771 suo
456 2738 566 2780 Pelia,
579 2740 657 2771 navi
673 2742 805 2782 parata,
820 2744 857 2771 et
872 2740 943 2772 col-

240 2788 332 2821 lecta
357 2788 462 2822 nobili
489 2790 667 2833 societate,
692 2789 868 2833 profectus
888 2794 943 2823 est

993 1731 1151 1772 Colchos,
1177 1741 1238 1773 pro
1263 1741 1367 1765 aureo
1392 1731 1521 1765 vellere
1538 1729 1695 1764 obtinen-

992 1781 1057 1821 do;
1080 1791 1181 1824 quem
1206 1782 1279 1814 filia
1305 1782 1395 1824 regis
1416 1781 1619 1815 Colchorum
1634 1780 1694 1814 ad·
1712 1803 1723 1813 ,

993 1832 1139 1873 amavit3
1162 1832 1259 1874 eujus
1271 1833 1397 1864 auxilio
1409 1831 1619 1874 consilioque
1634 1831 1695 1864 de-

991 1881 1128 1916 functus
1154 1882 1270 1914 multis
1295 1882 1472 1924 periculis,
1485 1882 1594 1914 vellus
1609 1881 1696 1914 obti-

991 1933 1079 1964 nuit.
1122 1932 1285 1966 Jasonem
1308 1942 1390 1975 ergo
1408 1932 1550 1974 Medea,
1565 1932 1696 1965 relictis

992 1982 1192 2025 parentibus
1207 1983 1300 2025 (erat
1313 1988 1429 2016 autem
1439 1982 1549 2016 AEetae
1565 1992 1609 2016 ex
1623 1982 1696 2016 He·

994 2039 1073 2067 cate
1088 2032 1187 2076 fllia),
1202 2038 1324 2066 secuta
1338 2038 1404 2074 est,
1425 2038 1462 2067 et
1476 2033 1597 2067 eadem
1611 2029 1698 2077 nup.-

995 2089 1043 2118 ta.
1089 2085 1203 2118 Creon
1225 2094 1286 2117 rex
1309 2085 1573 2126 Corinthiorum,
1593 2083 1696 2118 filiam

993 2145 1089 2168 suam
1115 2136 1304 2168 traditurus
1325 2136 1446 2169 Jasoni
1467 2136 1501 2168 in
1525 2135 1697 2168 matrimo-

995 2186 1100 2226 nium,
1111 2186 1219 2228 jussit
1233 2186 1343 2218 occidi
1357 2186 1517 2219 Medeam
1533 2186 1576 2219 ob
1590 2187 1698 2220 malas

996 2239 1112 2275 artes3
1135 2235 1209 2276 sed,
1233 2236 1392 2278 precibus
1417 2237 1565 2279 hsonis,
1588 2242 1700 2270 muta·

996 2290 1070 2319 tum
1085 2290 1138 2318 est
1152 2287 1270 2319 mortis
1282 2287 1484 2329 supplicium
1500 2288 1534 2320 in
1549 2288 1698 2321 exilium.

996 2337 1137 2377 Medea,
1165 2337 1318 2370 obtentis
1350 2338 1445 2370 exilii
1480 2338 1626 2370 induciis
1652 2339 1698 2370 ad

997 2388 1145 2430 spatium
1161 2387 1258 2419 unius
1273 2387 1354 2426 diei,
1370 2388 1508 2420 Creusae
1521 2386 1601 2419 filiae
1615 2387 1699 2421 Cre-

997 2438 1098 2480 ontis,
1104 2439 1177 2481 jam
1191 2439 1311 2472 Jasoni
1331 2439 1557 2480 desponsata,
1571 2438 1697 2480 pallam

997 2499 1128 2522 veneno
1156 2490 1301 2527 tinctam
1330 2490 1448 2530 dedit;
1483 2499 1586 2533 quam
1615 2488 1697 2522 dum

997 2543 1164 2572 tractaret
1179 2541 1322 2581 Creusa,
1342 2549 1503 2572 accensus
1519 2539 1696 2582 subitoig-

996 2589 1048 2621 nis
1074 2590 1166 2622 illam
1192 2600 1269 2622 cum
1292 2594 1388 2631 patre
1403 2591 1597 2623 consumsit.
1639 2591 1697 2623 Sic

995 2640 1093 2681 luget
1106 2640 1225 2673 domus
1240 2641 1347 2673 AEetae
1362 2644 1506 2682 propter
1521 2641 1617 2673 varia
1627 2650 1700 2675 sce·

995 2690 1071 2722 lera
1084 2689 1164 2723 filiae
1186 2690 1334 2723 Medeae.
1378 2690 1436 2722 Ita
1455 2700 1589 2733 quoque
1605 2691 1695 2724 dele-

995 2743 1078 2824 {aad
1083 2744 1136 2772 est
1150 2742 1285 2783 penitus
1294 2750 1434 2783 regnum
1445 2741 1554 2775 Peiiae
1569 2741 1697 2776 artibus

1036 2799 1056 2824 e
1081 2800 1142 2824 eae.
