1806 3236
398 189 602 227 PnAEnm
635 190 747 222 ms.
780 187 1089 222 AESOPJARUM
1124 188 1220 222 us.
1252 189 1299 222 v.
1329 178 1371 222 2.

145 295 185 321 re
198 285 374 330 ostendes,
387 286 445 330 qui
460 287 513 319 vir
527 285 619 320 sies!
646 286 756 327 Schef.

189 337 423 382 Attentaoen't]
445 337 543 371 Bene
555 338 600 372 de
614 336 857 372 invadentibus

146 383 193 424 ex
207 390 354 424 insidiis.
394 391 586 425 Columella
600 401 685 424 vm.
709 401 786 434 cap.
802 393 856 424 12.

148 441 160 460 ‘
173 441 330 475 Primum
351 445 419 485 est,
440 452 510 476 non
532 440 714 486 attentari,
736 452 858 476 secun·

145 491 228 526 dum
244 497 300 527 est
314 493 514 527 lacessitum
534 492 674 527 fortiter
688 498 726 528 et
741 503 858 538 perse·

146 549 308 579 veranter
322 544 518 579 vindicari!
541 545 648 587 Schef.

190 596 401 640 Adtentarit]
430 596 500 631 Ms.
514 597 713 631 adtemtarit.
743 595 837 630 Gud.

188 647 455 691 Depnqmerat]
482 648 553 691 Qui
566 658 609 681 ex
621 658 738 692 pugna
747 648 860 682 victor

146 699 345 737 exstiterat.
374 699 452 734 Liv⁴
468 708 535 734 vu.
551 702 606 734 29.
643 701 654 719 ‘
671 701 858 743 Depugna-

122 797 125 799 Δ
145 755 290 796 tumque
305 751 573 796 haudquaquam
599 752 759 796 ambiguo
785 761 860 790 cer-

145 801 276 836 tamine
290 811 371 836 cum
386 801 498 836 Gallis
513 802 592 838 est!

189 855 211 887 9
234 853 456 898 Constantior]
480 853 692 897 Animosior,
707 854 736 888 si
751 853 859 888 dixis·

146 913 205 938 ses
227 903 346 948 modo,
370 915 450 939 cum
478 905 562 940 mihi
588 907 767 950 negotium
792 906 860 940 fuit

147 965 227 989 cum
247 955 386 990 latrone
411 957 484 991 illo.
531 957 591 991 Sic
607 957 731 991 Cicero
748 957 815 992 Off.
831 967 858 991 1.

145 1006 157 1026 ‘
174 1006 292 1041 Fortis
315 1010 354 1040 et
369 1008 560 1042 constantis
575 1008 680 1043 animi
704 1008 780 1052 est‚'
793 1010 856 1043 &c.

190 1111 233 1145 10
244 1109 397 1154 Facilem]
421 1109 591 1147 Refertur
603 1111 693 1147 etad
706 1110 837 1148 ferrum
849 1121 859 1152 ;

143 1158 384 1206 ferra-asama,
394 1161 487 1206 quod
500 1161 545 1197 ad
557 1163 711 1206 speciem
723 1163 861 1197 inanem

146 1216 316 1260 gestatur,
327 1222 444 1257 neque
459 1223 560 1255 usum
573 1213 693 1249 habet.
724 1213 834 1255 Schef.

166 1260 169 1262 ⁷
190 1259 351 1308 Famem]
375 1260 566 1306 Mflfutile.
600 1265 694 1300 Gud-

189 1317 234 1351 12
269 1315 408 1353 Quantis
424 1315 542 1359 ,frigiae
567 1316 703 1360 viribus]
742 1318 862 1362 Longe

144 1362 358 1415 festiviorem
386 1367 467 1402 hnic
492 1368 571 1402 loco
600 1369 863 1412 interpretatio·

144 1425 227 1451 nem
257 1416 335 1452 fore
372 1423 459 1462 puto
490 1419 559 1454 illis
595 1420 716 1455 Plauti
747 1422 862 1465 verbis

145 1457 307 1517 'Prinum-
323 1472 396 1513 ιρι.
409 1478 470 1505 111.
489 1481 538 1506 sc.
549 1473 584 1505 2.
608 1472 668 1506 ubi
684 1483 804 1507 servus
819 1473 864 1507 de

145 1517 231 1552 hero
260 1516 323 1553 suo
338 1519 472 1567 ¹ignavo
496 1522 664 1566 loquitur,
685 1534 762 1558 cum
790 1535 863 1568 prae

146 1567 267 1614 inopia
281 1570 399 1615 aliquo
411 1571 668 1620 profugiturum
680 1576 864 1611 latrocina-

148 1625 224 1671 tum
241 1620 297 1670 vel
310 1621 346 1655 in
363 1621 543 1660 militiam:
565 1625 576 1643 ‘
588 1626 703 1663 Credo
717 1627 761 1660 ad
774 1638 864 1661 sum·

148 1671 223 1706 mos
232 1667 423 1717 bellatores
441 1683 557 1714 acrem
572 1674 758 1719 Fugitorem
773 1677 862 1722 fore,

148 1718 520 1770 Rt'capturummspolia
532 1725 581 1765 ibi
595 1721 705 1770 illum,
719 1729 776 1773 qui
786 1739 864 1763 meo

147 1769 232 1808 sero
247 1773 416 1816 adversus
428 1770 590 1815 'venerim’
629 1779 731 1813 Dicit
744 1780 864 1824 ltaque

149 1824 264 1859 viator
272 1825 357 1876 ,ioco
374 1827 535 1872 quodam,
548 1839 586 1864 se
595 1830 671 1873 jam
683 1839 790 1874 opere
804 1840 864 1864 ex·

148 1882 308 1933 pertum,
321 1886 429 1927 quam¹
437 1880 548 1913 soleat
554 1890 669 1915 comes
682 1892 762 1915 suus
774 1882 865 1916 vires

147 1929 227 1963 suas
249 1938 318 1963 non
336 1930 377 1964 'in
404 1930 622 1965 defendendo
649 1938 687 1967 et
714 1934 866 1968 arcendo

149 1980 250 2015 boste
266 1981 329 2015 sed
344 1991 428 2030 vero
454 1981 625 2028 fugiendo
650 1994 815 2021 exercere
830 1990 867 2018 et

151 2033 380 2077 contendere,
394 2044 542 2081 eumque
555 2045 670 2069 acrem
685 2042 723 2070 et
738 2036 866 2071 fortem

150 2093 228 2117 esse
244 2082 447 2130 fugitorem.
469 2085 599 2130 semp.
645 2088 797 2122 Omnino
807 2089 867 2123 ad-

150 2134 280 2187 posite.
323 2137 389 2170 Est
416 2137 508 2171 euim
538 2138 717 2183 urbanitas
748 2149 791 2173 ex
825 2151 867 2175 eo

149 2193 279 2229 genere
309 2186 529 2232 facetiarum,
558 2189 617 2223 ubi
650 2190 661 2209 ‘
685 2191 780 2224 alind
809 2202 868 2225 ex·

148 2240 358 2282 spectamus,
369 2239 463 2273 aliud
473 2239 624 2284 dicitur,'
636 2246 674 2276 ut
682 2243 732 2276 ait
744 2242 868 2277 Cicero

151 2288 196 2322 de
213 2286 316 2324 Orat.
337 2299 378 2324 ιι.
393 2293 450 2325 63.
495 2292 572 2326 Nec
587 2292 719 2326 alienus
744 2301 800 2328 est
815 2305 867 2331 re·

151 2340 244 2375 latus
266 2340 311 2375 ab
336 2342 491 2386 Rigaltio
516 2343 636 2378 Plauti
665 2345 762 2379 locus
787 2345 869 2384 Am-

151 2392 259 2436 phitr.
293 2394 304 2413 ‘
319 2393 408 2427 Cum
422 2394 472 2427 illi
488 2396 691 2438 pugnabant
707 2397 869 2439 maxime,

151 2453 218 2488 ego
229 2443 405 2490 fugiebam
417 2445 590 2479 maxime!
607 2447 756 2482 Freinsh.
782 2448 869 2482 Cum

150 2495 286 2529 ironica
311 2496 478 2529 allusione
503 2496 549 2530 ad
565 2508 728 2541 pugnam,
742 2499 786 2532 de
802 2510 872 2544 qna

152 2546 335 2590 precedit.
374 2547 431 2593 Sic
446 2547 553 2582 habes
576 2549 586 2568 ‘
603 2548 731 2585 Acrem
747 2550 870 2595 fugito-

155 2606 229 2631 rem
239 2597 250 2613 '
272 2597 365 2643 apud
373 2598 539 2633 Plautum
550 2600 586 2634 in
597 2601 748 2636 Trinum.
761 2602 871 2644 Schef.

199 2649 337 2687 Quantis
339 2650 456 2693 fugias
469 2651 603 2694 viribus]
627 2653 794 2688 Demissis
805 2655 871 2688 sci-

154 2699 240 2736 licet
268 2701 440 2745 manibus,
465 2707 505 2738 ut
530 2703 678 2739 Plautus
708 2704 772 2741 ait.
823 2706 871 2740 Et

1537 177 1626 222 671

905 289 1025 318 noster
1049 285 1110 320 lib.
1126 295 1152 318 1.
1175 285 1248 319 fab.
1265 288 1320 319 29.
1358 285 1368 303 ‘
1384 284 1554 319 Demissis
1569 295 1628 328 pe·

911 335 1036 370 dibus.'
1080 336 1169 369 Riu.

956 391 996 421 13
1006 387 1080 420 Scio
1090 387 1188 431 quod]
1201 388 1291 421 Sunt
1303 388 1425 432 quibus
1435 388 1501 422 hoc
1513 388 1626 422 minus

912 439 1072 473 Latinum
1108 450 1183 473 esse
1213 439 1389 482 videatur,
1425 440 1506 474 Scio
1535 440 1627 484 quod

911 495 1073 525 strenuus
1100 500 1149 533 es,
1172 491 1252 524 Scio
1278 492 1371 535 qnod
1391 495 1560 525 venturus
1577 502 1628 535 es,

912 545 981 577 &c.
1017 543 1069 578 At
1083 553 1148 587 ego
1159 545 1307 588 reperiri
1319 543 1411 588 apud
1421 544 1626 578 Ciceronem

912 596 1024 639 ipsum
1040 595 1212 630 affirmare
1228 607 1381 640 possum.
1423 597 1516 631 Nam
1537 596 1629 640 apud

912 648 1092 683 Justinum
1106 648 1260 692 quidem,
1282 654 1320 682 et
1344 649 1514 684 Quintum
1531 649 1631 694 Sym·

913 699 1070 733 maehum
1106 699 1390 733 florentissimum
1426 700 1632 744 scriptorem

915 759 1010 792 saepe
1021 751 1187 793 reperias.
1204 750 1286 784 Fab.
1301 751 1503 785 Imitatione
1510 749 1632 784 Plauti

915 800 1015 834 Asin.
1043 806 1114 835 act.
1129 811 1155 834 1.
1187 811 1236 835 sc.
1252 805 1283 835 1.
1323 802 1335 822 ‘
1351 801 1521 846 Equidem
1547 802 1634 846 scio,

910 852 985 895 jam
1014 851 1106 886 filius
1135 853 1227 897 quod
1254 857 1348 887 amet
1369 852 1490 886 meus?
1529 852 1632 887 Adde

913 904 1017 937 Voss.
1035 903 1078 938 de
1095 904 1232 938 Constr.
1246 915 1324 948 cap.
1339 907 1394 944 20.
1411 908 1449 938 et
1463 906 1518 939 62.
1540 899 1633 938 'Non

914 965 1054 999 possum
1078 959 1194 989 tamen
1219 966 1286 990 non
1303 956 1516 998 adscribere,
1540 956 1633 1000 quod

914 1012 1039 1051 postea
1077 1008 1122 1041 de
1157 1009 1226 1042 hoc
1262 1009 1341 1042 loco
1365 1007 1470 1042 didici
1501 1018 1545 1041 ex
1577 1008 1634 1042 Cl.

914 1058 1113 1102 Gronovio;
1125 1060 1155 1093 is
1167 1060 1258 1093 enim
1268 1060 1319 1100 ita
1330 1059 1473 1093 scribit:
1491 1059 1503 1078 ‘
1516 1058 1632 1102 Lego:

915 1109 990 1143 Scio
1014 1120 1106 1152 quam
1130 1110 1245 1143 virtuti
1253 1121 1264 1143 .·
1298 1119 1411 1154 neque
1438 1108 1534 1150 enim,
1556 1118 1634 1152 per-

916 1159 1040 1193 suadet
1048 1160 1233 1204 Scioppius
1244 1170 1323 1194 cum
1333 1170 1394 1194 suo
1402 1159 1637 1203 Mariangelo,

915 1212 981 1244 scio
994 1213 1075 1254 quod
1099 1212 1226 1246 Latine
1248 1212 1339 1253 dici;
1365 1215 1427 1245 aut
1451 1211 1543 1245 enim
1560 1222 1637 1245 cor-

916 1269 1022 1306 rupta
1061 1270 1154 1307 sunt,
1191 1269 1251 1298 aut
1285 1264 1391 1298 aliter
1418 1263 1636 1307 accipienda,

918 1324 1138 1359 quaecunqne
1164 1316 1199 1349 in
1223 1317 1313 1350 hanc
1347 1326 1423 1355 rem
1451 1325 1636 1358 congesse-

919 1366 1024 1399 runt.5
1055 1366 1162 1408 Schef.
1210 1368 1300 1402 Vide
1325 1368 1447 1401 Virum
1471 1367 1636 1401 Celeber-

918 1417 1043 1451 rimum
1068 1419 1147 1453 Jac.
1174 1419 1394 1454 Perizonium
1429 1419 1473 1452 ad
1502 1419 1636 1452 Sanctii

918 1468 1115 1502 Minervam
1133 1470 1193 1503 lib.
1208 1480 1265 1503 ιιι.
1280 1481 1311 1503 c.
1328 1473 1379 1504 14.
1395 1480 1428 1503 n.
1442 1472 1496 1503 16.
1616 1474 1618 1481 ’

962 1519 1036 1554 Scio
1063 1521 1167 1564 quod]
1208 1522 1313 1555 Hanc
1337 1522 1547 1554 locutionem
1569 1531 1638 1555 non

919 1582 993 1606 esse
1009 1573 1182 1617 Latinam,
1198 1574 1327 1607 acriter
1337 1572 1521 1607 contendit
1530 1574 1637 1607 Sanc-

919 1624 989 1657 tius
1004 1624 1157 1658 MinerV.
1174 1625 1237 1659 lib.
1255 1634 1313 1659 ιιι.
1359 1625 1405 1658 Et
1422 1629 1510 1668 puto
1525 1628 1639 1658 recte.

919 1675 1012 1708 Nam
1027 1675 1084 1709 hic
1110 1676 1144 1708 in
1171 1677 1242 1710 Ms.
1259 1676 1360 1710 Rem.
1385 1675 1518 1718 legitur
1541 1675 1638 1718 quitis,-

919 1726 1012 1760 unde
1027 1728 1130 1770 lego:
1154 1727 1229 1761 Scio
1249 1729 1326 1772 quid
1348 1727 1466 1760 virtuti
1491 1737 1573 1760 nunc
1594 1727 1639 1759 sit

919 1780 1108 1812 credendum
1135 1783 1212 1813 tuoe.
1273 1778 1314 1812 Id
1340 1783 1406 1820 est,
1433 1777 1507 1811 scio
1533 1787 1638 1819 nunc,

920 1828 1004 1872 quid
1032 1829 1255 1863 tribuendum
1282 1830 1337 1863 sit.
1376 1830 1471 1862 Num:
1493 1828 1641 1872 respicit

920 1883 1189 1924 antecedentia;
1214 1883 1381 1926 imprimis
1391 1881 1488 1924 illud,
1510 1881 1639 1915 ‘Nune

921 1933 1062 1967 conde!
1113 1935 1224 1967 Locus
1249 1934 1369 1967 Plauti
1401 1934 1436 1966 in
1465 1933 1640 1975 Asinaria,

922 1985 981 2029 qui
993 1986 1083 2018 male
1099 1985 1223 2021 habuit
1245 1986 1438 2027 Sanctium,
1453 1985 1503 2018 sic
1520 1985 1640 2029 legen-

921 2036 986 2070 dus
1003 2041 1040 2069 et
1055 2037 1318 2080 distinguendus
1334 2042 1410 2070 est:
1439 2038 1450 2056 ‘
1465 2036 1640 2080 Equidem

922 2087 1087 2131 sciojarn‚
1098 2087 1188 2125 tilius
1203 2088 1285 2133 quid
1297 2092 1519 2131 amet'meus:
1537 2086 1640 2121 istam

922 2139 1144 2173 meretricem
1175 2150 1200 2172 e
1224 2139 1394 2184 proximo,
1419 2133 1642 2173 Phileniuin!

916 2190 1014 2224 Gud.

971 2242 1115 2285 Virtuti]
1151 2242 1292 2286 Quippe
1313 2253 1389 2286 qnae
1415 2242 1451 2276 in
1473 2241 1641 2286 fugiendo

923 2299 993 2338 est,
1015 2305 1083 2328 non
1107 2296 1141 2328 in
1170 2295 1371 2338 pugnando,
1393 2299 1480 2328 tota.
1516 2295 1642 2338 Respi-

924 2345 975 2378 cit
991 2346 1206 2388 praecedens,
1232 2345 1358 2389 quantis
1369 2345 1486 2388 fugias
1507 2345 1641 2379 viribus.

923 2396 1042 2430 Schef.

969 2451 1009 2481 15
1037 2448 1102 2486 Qui
1116 2458 1150 2480 re
1164 2448 1314 2491 secunda]
1344 2447 1414 2491 Qui
1428 2451 1482 2481 est
1507 2447 1518 2467 ⁸
1533 2447 1641 2481 Extra

925 2499 1017 2533 bella
1030 2500 1099 2541 leo,
1108 2500 1207 2542 lepus
1221 2499 1255 2531 in
1267 2497 1467 2532 discrimine
1479 2507 1605 2541 pugne
1617 2497 1641 2530 :’

926 2556 965 2584 ut
981 2550 1166 2595 aliquando
1182 2549 1354 2583 faciebam
1381 2560 1424 2583 ex
1439 2549 1504 2582 hoc
1523 2549 1641 2583 Nonni

925 2613 1027 2636 versu
1044 2602 1078 2634 in
1103 2601 1335 2644 Dionysiacis,
1355 2611 1423 2644 quo
1445 2599 1643 2642 θρασύδειλοι-

926 2655 1136 2688 denotatur:
1171 2653 1275 2695 Νόσφι
1301 2651 1405 2693 μύθοιο
1429 2651 1569 2695 λέοντες,
1598 2652 1642 2684 ἐνὶ

925 2705 1111 2748 πτολέμοισι
1122 2703 1254 2747 λαγωοί.
1278 2703 1365 2738 Rite.
