1806 3236
427 231 630 264 rusi-:nm
667 231 774 262 rAn.
807 230 1110 262 AEsopunum
1147 231 1240 262 LIB.
1274 230 1326 261 11.
1356 220 1400 262 6.

177 336 257 370 neni
283 326 354 361 dici
381 330 480 372 putat
510 325 635 360 Isidor.
667 325 731 359 Or.
761 335 830 359 xn.
854 330 886 358 6.

175 379 312 415 Μ.
345 378 406 411 Sic
421 377 573 411 Serenus
584 377 821 411 Sammonicus
838 386 889 410 os-

176 430 260 465 treis
272 429 338 464 dat
363 429 374 448 ‘
393 428 527 471 Tecta‚'
555 433 592 462 et
617 429 768 462 cochleis
791 431 802 449 ‘
817 429 889 463 Do-

172 479 271 515 net!
313 479 393 514 vid.
406 479 591 514 Kenchen.
605 486 706 514 notas
719 491 798 524 pag.
812 484 888 515 122.

171 532 184 550 ‘
198 531 399 570 cmcrcm'
421 533 630 566 concharum
654 533 745 566 dixit
766 533 888 567 Manil.

169 590 216 617 Π.
229 585 287 616 00.
320 583 476 616 Carneum
491 587 607 616 autem
624 594 686 626 pro
702 584 790 617 duro
805 585 889 627 poni

171 634 318 670 vidimus
332 635 376 669 nd
393 636 539 670 Petron.
553 644 661 670 xmrr.
683 637 800 670 Burm.

213 688 238 720 6
259 686 389 727 Pouet]
410 687 480 720 Ms.
500 687 612 729 pouit.
636 687 731 721 Gud.

213 739 236 771 ’1
260 738 414 781 Propter]
445 738 530 772 Scil.
557 737 732 782 Aquilam,
754 737 791 771 id
821 742 889 780 est,

163 788 282 832 juxta,
305 790 340 823 in
355 790 496 831 vicinia,
516 790 553 824 in
569 791 776 835 propinquo.
819 792 888 825 Te-

170 840 317 883 renni-⁵,
339 841 411 875 ulii.
434 841 543 882 Scies.
588 842 681 876 Vide
706 843 750 876 ad
776 842 885 876 Ovid.

172 890 263 925 Met.
279 899 314 924 v.
331 894 409 925 159.

213 943 352 986 Propter
379 943 503 986 uhu]
525 943 568 977 Id
599 948 665 986 est,
693 945 824 988 Juxta;
847 950 888 979 ut

170 993 264 1036 apud
289 995 492 1029 Terentium
516 997 527 1015 ‘
543 997 699 1040 Propter
723 997 886 1031 dormire’

171 1049 240 1086 est,
254 1045 508 1079 Concumbere.
533 1048 621 1081 Rite.

211 1098 235 1129 8
258 1097 422 1139 Opia-an]
444 1098 503 1131 Ita
524 1098 598 1132 Cic.
619 1099 706 1133 Ver.
726 1109 783 1134 ιιι.
808 1100 887 1142 Opi-

112 1151 118 1157 “
167 1156 231 1188 ma,
251 1151 319 1188 est,
343 1147 493 1190 pinguis.
540 1149 687 1182 Festus:
711 1150 721 1168 ‘
748 1150 886 1185 Hostiae

166 1197 303 1240 opimae,
335 1199 538 1241 praecipuae,
573 1199 744 1242 pingues-⁹
791 1201 879 1236 Ideo

166 1249 359 1289 Columella
373 1249 434 1283 lib.
445 1259 511 1284 vn.
527 1260 557 1284 c.
573 1253 607 1284 8.
629 1253 640 1270 ⁸
654 1251 692 1283 Si
708 1251 826 1294 pingui
842 1257 879 1286 et

165 1299 281 1343 opimo
305 1300 441 1344 liquore
463 1300 668 1344 conficitur,'
682 1304 749 1336 ἃς.
774 1302 881 1344 Scires.

215 1353 240 1384 ο
281 1351 491 1395 Mun-u]
533 1353 628 1396 Lege
674 1354 880 1394 faciundum.

165 1401 291 1437 Heius.

207 1455 250 1488 10
283 1454 518 1499 Nequiquam]
553 1457 712 1499 Frustra,
751 1459 881 1503 absque

162 1503 291 1539 metu.
335 1506 479 1552 Curtius
508 1515 570 1540 m.
593 1517 672 1551 cap.
700 1512 734 1543 2.
767 1511 777 1528 ‘
803 1511 880 1544 Nisi

160 1564 256 1590 nune
276 1555 415 1598 dixero,
436 1558 524 1592 alias
545 1561 777 1603 nequicquam
799 1571 880 1595 con·

161 1606 313 1641 tincher)
356 1608 414 1643 lta
434 1609 635 1653 Terentius,
661 1612 799 1655 Cicero,
823 1614 880 1647 Li·

161 1659 252 1701 vlns,
270 1659 342 1692 alii.
365 1659 476 1700 Sem.

207 1710 254 1745 st
274 1710 422 1754 emus]
452 1712 709 1755 Recipienduin
736 1714 878 1758 quidem

160 1770 206 1795 ex
219 1762 309 1796 Mss.
335 1762 467 1796 ambit
481 1767 581 1806 puto,
598 1763 694 1807 qnod
710 1767 878 1809 exemplis

157 1811 366 1856 quibusdam
388 1813 543 1848 vindicat
564 1815 642 1849 διο.
664 1815 876 1859 Gronovius,

158 1865 347 1909 Gndioque
369 1865 416 1899 ob
443 1866 610 1900 indicium
633 1868 763 1910 gratias
789 1869 876 1912 agit,

158 1920 197 1950 et
221 1917 336 1959 simul,
350 1917 472 1959 judice
499 1917 776 1962 rhagau-atauo,
799 1921 876 1963 ejus

156 1968 270 2002 labori
295 1974 459 2012 proterve
485 1970 655 2005 insultat:
679 1971 741 2005 sed
759 1976 876 2006 tamen

160 2020 303 2053 minime
317 2030 440 2054 verum
462 2026 531 2063 est,
552 2021 678 2056 Latine
700 2033 770 2056 non
794 2023 877 2066 dici,

158 2081 192 2104 ne
220 2071 351 2114 laam,
382 2080 463 2104 narn
492 2071 544 2105 ita
573 2073 704 2106 Lucan.
733 2083 769 2106 v.
799 2077 876 2108 466.

156 2123 168 2142 ⁸
182 2122 320 2157 Neuter
329 2123 434 2166 longo
448 2132 485 2156 se
495 2124 633 2166 gurgite
649 2125 781 2160 lassat!
812 2125 875 2167 At,

159 2173 240 2207 Non
265 2173 411 2208 ferendo
436 2173 486 2207 ibi
509 2184 548 2207 se
572 2175 692 2215 lassat,
718 2176 779 2209 sed
795 2186 874 2210 cur-

158 2224 280 2266 rendo,
301 2225 419 2265 dicet3
443 2225 540 2269 quasi
555 2225 697 2270 referat,
718 2238 787 2271 quo
802 2238 873 2262 mo-

154 2275 215 2310 do.
239 2275 350 2309 Burni.

199 2329 239 2360 11
254 2327 423 2370 Scapula·-
432 2327 541 2371 ευμεν]
558 2329 646 2363 Hoec
660 2339 714 2364 res
729 2330 871 2375 AEschy·

154 2378 188 2410 lo
202 2382 350 2412 mortem
364 2378 506 2413 accivit.
538 2380 632 2414 Nota
644 2385 700 2416 est
711 2381 869 2417 historia.

198 2482 241 2513 12
262 2479 351 2513 Auis
369 2480 410 2514 ab
428 2481 541 2524 astris]
563 2481 726 2525 Poe'tice‚
748 2494 826 2528 pro,
848 2496 868 2519 e

154 2530 307 2572 sublimi,
321 2540 367 2564 ex
382 2541 516 2565 summa
527 2537 628 2574 parte
644 2533 746 2568 aeris.
763 2536 867 2577 Schef.

196 2581 336 2615 Auno-b
349 2582 464 2624 antris]
486 2582 640 2617 AElianus
656 2584 713 2618 lib.
728 2596 785 2620 ιιι.
810 2591 866 2622 20.

154 2630 332 2674 mptum
344 2631 432 2666 ἰδίαν.
455 2632 500 2666 de
524 2634 674 2668 cochleis
700 2642 737 2671 et
762 2639 864 2674 laris:

154 2682 217 2716 xci
226 2681 283 2724 μέν
294 2695 344 2716 τοι
354 2683 407 2717 καὶ
417 2684 448 2717 οἱ
459 2683 564 2728 λάροι,
577 2686 618 2720 ὡς
630 2687 767 2730 Εὸδημός
775 2697 865 2733 φησι,

154 2733 227 2770 τοὺς
240 2735 374 2777 uexatus·
385 2736 635 2782 μετεωρίζοντες,
652 2739 705 2773 καὶ
722 2742 799 2782 ὑψοῦ
818 2743 865 2776 αἴ·

156 2796 274 2827 ρον-ης,
285 2788 355 2820 ταῖς
364 2785 488 2830 πέτραις
498 2789 667 2827 βιαιότατα
689 2794 864 2838 προσαράτ-

155 2848 272 2871 τονσιν.
313 2838 446 2874 Plinius
461 2841 520 2876 lib.
535 2850 571 2876 x.
589 2843 648 2877 ubi
664 2844 708 2878 de
724 2845 865 2891 Aquila,

1568 216 1654 263 455

939 327 949 344 ⁴
965 326 1147 370 Ingenium
1160 332 1213 359 est
1229 326 1285 369 ei,'
1304 326 1447 370 inquit,‘
1463 328 1655 361 testudines

939 384 1063 421 captas
1079 378 1238 422 frangere
1267 389 1286 411 e
1309 378 1448 412 sublimi
1465 379 1651 421 jaciendo:

938 440 1015 473 quae
1043 440 1118 462 sors
1147 430 1326 464 interemit
1350 429 1489 472 poetam
1512 429 1653 474 AEschy·

938 480 1031 515 lum!
1055 481 1133 522 Rig.

982 534 1108 566 Duram
1151 534 1316 576 corticem]
1368 534 1493 577 Supra,
1537 536 1548 554 ‘
1567 535 1652 569 Cor-

938 595 1037 618 neam
1054 585 1217 619 domum!
1260 585 1318 618 Sic
1346 586 1482 619 Plinius
1508 587 1651 630 superfi-

937 636 1027 669 ciem
1057 636 1244 670 testudinis
1265 638 1276 655 ‘
1302 637 1491 671 Corticem'
1515 640 1653 673 vocavit

938 688 1022 722 Nat.
1042 687 1137 721 Hist.
1163 696 1200 722 x.
1225 691 1278 722 10.
1321 688 1381 723 Sic
1403 689 1556 723 Martial.
1582 691 1651 734 Ep.

936 739 998 773 lib.
1029 748 1066 773 Χ.
1092 742 1146 774 3⁷.
1168 739 1178 757 ‘
1195 739 1346 774 Conchae
1369 741 1560 774 corticem!
1603 743 1652 776 Et

939 791 1005 833 Ep.
1030 791 1091 824 lib.
1107 799 1191 824 xm.
1205 794 1261 825 86.
1281 792 1292 810 ‘
1306 792 1382 825 Iste
1407 793 1494 826 licet
1522 793 1651 838 digitos

937 842 1116 876 testudine
1139 848 1274 886 pungat
1298 848 1413 887 acuta,
1428 840 1569 879 Cortice
1591 846 1653 878 de-

938 892 1051 934 posito
1068 893 1181 927 mollis
1203 894 1344 928 echinus
1358 896 1451 929 erit!
1497 895 1651 930 Avienus

937 942 1010 977 fab.
1026 946 1060 977 2.
1081 945 1092 962 ‘
1114 945 1278 978 Protinus
1308 955 1328 978 e
1356 947 1469 980 rubris
1500 949 1649 982 conchas

937 993 1115 1036 proferret
1139 997 1266 1037 arenis,
1288 997 1399 1031 Queis
1426 999 1575 1041 pretium
1603 1000 1652 1032 ni-

937 1044 1011 1078 tido
1026 1046 1157 1080 cortice
1171 1046 1279 1081 bacca
1294 1048 1418 1083 daret.’
1439 1051 1519 1092 Rig.

980 1097 1106 1129 Duram
1120 1098 1283 1141 corticem]
1301 1100 1397 1134 Nota
1411 1099 1451 1133 τὸ
1463 1106 1573 1135 cortex
1587 1101 1651 1136 foe-

935 1147 1054 1180 minini
1068 1149 1218 1190 generis.
1245 1150 1332 1184 Gud.

981 1198 1156 1241 corticem]
1178 1199 1334 1233 Abusive
1352 1211 1416 1244 pro
1430 1206 1533 1237 testa.
1579 1204 1650 1238 Pli-

935 1248 1013 1282 nius
1034 1258 1091 1283 1x.
1117 1260 1193 1293 cap.
1209 1253 1262 1284 12.
1287 1252 1296 1269 ‘
1313 1251 1527 1295 Aquatilium
1551 1259 1649 1298 tegu-

934 1305 1055 1334 menta
1069 1302 1169 1344 plura
1184 1306 1284 1343 sunt3
1308 1303 1376 1336 alia
1396 1305 1491 1337 corio
1513 1310 1551 1338 et
1575 1307 1649 1349 pilo

931 1351 1147 1395 integuntur,
1168 1359 1207 1386 ut
1223 1354 1345 1395 vituli;
1366 1356 1433 1388 alia
1448 1357 1593 1398 cortice,
1612 1362 1650 1390 ut

933 1405 1149 1438 testudines.’
1209 1405 1310 1440 Adde
1337 1417 1415 1451 cap.
1444 1412 1496 1442 lo.
1538 1409 1648 1450 Schef.

933 1456 1102 1489 Feminini
1130 1458 1265 1500 generis
1280 1459 1334 1492 hic
1351 1460 1508 1493 sumitur.
1554 1462 1648 1495 Vide

931 1506 1058 1542 Heius.
1070 1507 1114 1540 ad
1131 1508 1239 1542 Ovid.
1255 1509 1346 1543 Met.
1363 1519 1414 1544 iv.
1431 1514 1508 1545 3⁷5.

975 1560 1017 1590 13
1043 1559 1116 1597 Qua
1130 1561 1320 1594 comminuta
1330 1561 1430 1600 facile
1443 1566 1588 1596 cescatur
1601 1564 1646 1597 ci·

930 1607 983 1649 bo]
1013 1610 1175 1644 Valerius
1201 1612 1297 1645 Max.
1323 1613 1382 1646 lib.
1409 1622 1461 1647 rx.
1486 1624 1566 1658 cap.
1593 1618 1646 1649 12.

928 1660 990 1693 ubi
1005 1660 1050 1693 de
1063 1660 1244 1705 AEschylo:
1269 1664 1279 1681 ‘
1289 1663 1404 1707 Super
1419 1675 1523 1709 quem
1536 1666 1645 1710 Aqui-

928 1713 975 1754 la,
985 1714 1196 1747 testudinem
1211 1713 1340 1758 ferens,
1350 1717 1448 1750 elusa
1457 1718 1646 1761 splendore

928 1763 1069 1805 capitis,
1094 1766 1187 1808 (erat
1211 1766 1301 1799 enim
1323 1768 1459 1809 capillis
1482 1770 1644 1811 vacuum)

928 1816 1076 1857 perinde
1103 1821 1208 1861 atque
1236 1818 1343 1861 lapidi
1370 1828 1446 1852 eam
1473 1821 1581 1863 illisit,
1605 1827 1644 1855 ut

927 1866 1040 1901 fracta
1057 1878 1162 1902 carne
1177 1871 1406 1905 vesceretur!
1430 1872 1510 1914 Rig.

972 1919 1067 1962 Cibo]
1091 1921 1331 1956 Pleonasmus.
1377 1923 1504 1957 Cicero
1528 1925 1575 1958 N.
1597 1925 1642 1960 D.

925 1970 984 2003 lib.
999 1980 1039 2004 ιι.
1055 1973 1065 1990 ‘
1079 1972 1141 2004 Dii
1156 1982 1222 2006 nec
1237 1973 1324 2007 escis
1339 1977 1559 2009 vescuntur?
1572 1979 1640 2012 &c.

927 2021 1032 2062 Schef.
1066 2022 1172 2065 Puto,
1180 2023 1276 2063 sacili
1291 2029 1434 2058 vescatur
1448 2026 1526 2060 cibo.
1548 2028 1640 2062 Vide

926 2083 1004 2116 quae
1043 2074 1239 2107 notavimus
1282 2076 1325 2108 ad
1354 2076 1497 2112 Petron.
1531 2088 1640 2115 xcnr.

926 2124 1042 2157 Burm.

970 2177 1010 2208 14
1034 2176 1183 2220 Inducta]
1205 2177 1314 2210 Pleue
1336 2183 1403 2221 est,
1425 2180 1568 2215 inducta
1594 2184 1639 2216 ad

923 2226 1147 2261 credendum.
1184 2229 1323 2262 Cornel.
1337 2231 1430 2274 Nep.
1453 2233 1488 2266 in
1505 2234 1640 2269 Conon.

922 2287 953 2311 c.
970 2281 1003 2311 3.
1026 2281 1037 2298 ⁸
1056 2280 1135 2312 Non
1151 2279 1258 2314 facile
1280 2281 1324 2315 ad
1347 2282 1560 2319 credendum
1587 2286 1638 2320 in·

922 2329 1137 2364 ducebatur·'
1194 2332 1263 2365 Sed
1293 2333 1361 2367 isto
1397 2335 1501 2369 modo
1531 2338 1638 2371 etiam

920 2382 1045 2415 Cicero
1070 2383 1116 2417 de
1142 2383 1211 2417 LL.
1232 2383 1294 2418 lib.
1310 2394 1351 2418 ιι.
1375 2390 1412 2419 et
1437 2387 1519 2421 alii:
1543 2399 1639 2422 usur-

919 2439 1024 2476 patur
1050 2435 1094 2468 de
1123 2445 1178 2474 eo.
1201 2437 1259 2479 qui
1290 2436 1373 2480 quid
1405 2439 1636 2480 persuadetur

920 2486 1056 2520 ratione
1072 2487 1244 2530 probabili
1260 2492 1321 2521 aut
1338 2489 1524 2523 verisimili.
1562 2491 1634 2525 Pro

917 2538 1021 2571 uerbis
1048 2538 1180 2581 optime
1212 2539 1367 2586 Gronov.
1397 2541 1490 2574 veria.
1535 2543 1634 2577 Diat.

918 2589 1009 2623 Stat.
1042 2600 1119 2632 cap.
1143 2593 1196 2623 13.
1222 2590 1329 2631 Schej.
1388 2592 1530 2626 Rectius
1556 2594 1633 2637 hoc,

918 2650 1020 2684 quam
1031 2642 1246 2683 Buchnerus‚
1270 2643 1328 2685 qui
1344 2643 1378 2676 in
1395 2645 1487 2677 notis
1504 2646 1547 2679 ad
1563 2647 1632 2680 Ve-

916 2692 1027 2725 nantii
1054 2693 1186 2735 Hymn.
1217 2693 1261 2726 de
1290 2693 1433 2729 Resurr.
1458 2706 1550 2731 vers.
1575 2701 1630 2732 42.

915 2742 1010 2776 verba
1023 2743 1142 2776 monita
1151 2744 1302 2786 junctim
1319 2746 1426 2789 capit.
1477 2748 1580 2782 Verba
1593 2755 1631 2783 et

914 2803 990 2827 vera
1026 2793 1192 2827 confundi
1234 2794 1411 2830 docebunt
1454 2803 1491 2831 te
1535 2804 1629 2833 note

917 2845 1071 2879 Broukh.
1088 2845 1130 2878 ad
1149 2846 1254 2891 Prop.
1276 2856 1302 2881 1.
1322 2851 1353 2882 8.
1368 2850 1422 2882 22.
1447 2854 1485 2884 et
1506 2850 1627 2887 Heius.
