1806 3236
256 223 345 267 624

302 330 459 370 Confusus
471 327 588 374 subito]
611 331 702 366 Quid
719 332 772 366 hic
788 337 843 366 est
858 334 964 374 confu-

256 394 310 417 sus
315 382 458 426 fragor?
501 384 581 417 Non
598 383 698 425 capio
711 393 848 416 sensum
861 384 963 426 hujus

256 435 351 468 vocis
376 435 411 468 in
427 434 491 467 hoe
506 435 594 467 loco.
640 434 780 467 Mallem
807 434 963 468 scribere

254 486 389 527 confusi,
400 490 438 518 et
452 484 584 517 referre
600 484 642 517 ad
657 495 760 527 canes,
775 490 814 519 ut
829 486 875 519 sit
888 496 964 520 sen-

255 547 312 570 sus
326 548 334 569 ε
359 536 437 579 quia
451 536 564 569 subito
579 535 695 569 factus
708 541 762 570 est
783 536 902 579 fragor
918 548 962 570 ex

255 596 420 619 concusso
436 587 589 628 fulmine,
613 587 704 629 ideo,
725 592 764 620 ut
779 598 823 621 ex
837 598 874 621 re
890 588 962 621 ino-

253 640 383 682 pinata,
409 640 631 678 vehementer
649 640 858 674 terrefactus
873 651 960 674 esse.

252 691 418 732 Virgilius
443 692 518 724 AEn.
535 700 603 724 xu.
628 691 842 735 ‘Obstupuit
868 694 962 726 varia

253 740 413 775 confusus
427 742 575 784 imagine
589 746 723 776 rerum.'
760 743 887 777 Fabius
898 745 958 778 lib.

251 803 279 827 ι.
296 796 348 827 10.
362 795 373 813 ‘
388 794 467 827 Non
483 794 602 826 eodem
614 793 777 827 confusus
787 799 882 828 metu
899 806 957 829 ex-

252 845 400 878 ercitum
423 844 655 887 perdidisset!
699 846 744 878 Et
767 846 908 888 propius
922 847 956 879 in

251 894 350 929 Decl.
366 905 408 929 ιι.
430 896 441 914 ‘
454 895 594 937 Sciatis,
618 895 788 928 neminem
802 895 908 929 fuisse
920 898 955 930 in

251 946 366 988 domo,
381 956 483 990 quem
497 956 567 980 non
582 945 700 989 fragor
714 947 771 980 ille
793 947 956 982 confude-

251 997 321 1030 rit!
343 997 449 1038 Schef.

293 1049 422 1091 Subito]
457 1050 606 1092 Elegans
630 1054 684 1084 est
705 1060 768 1093 pro
781 1051 823 1083 αι’
838 1050 954 1093 impro-

249 1100 330 1132 visto
341 1112 355 1140 ‚·
377 1101 441 1133 nisi
463 1101 539 1144 quis
553 1101 663 1143 malit,
676 1101 797 1134 subitus
811 1103 891 1144 quod
897 1102 955 1141 fu-

248 1152 455 1193 eratsragor5
473 1162 540 1195 quo
556 1153 696 1195 propius
714 1154 756 1186 ad
770 1153 954 1195 Virgilium

248 1212 343 1235 suum
355 1203 500 1236 accedat
515 1204 695 1244 Pliaedrus‚
706 1204 762 1246 qui
776 1214 784 1236 :
809 1204 819 1222 ‘
834 1204 955 1238 Subito

247 1251 386 1296 fragore
401 1253 581 1286 Intonuit!
618 1253 816 1295 Salmasius,
830 1263 893 1296 pro
899 1254 955 1294 fw-

246 1306 328 1344 erat,
345 1304 388 1336 ad
409 1314 502 1336 oram
516 1304 598 1337 libri
608 1304 742 1337 notavit
755 1308 874 1338 ruerat.
895 1304 953 1337 Sic

248 1354 375 1388 Horat.
402 1355 470 1388 Od-
485 1365 512 1388 1.
537 1358 591 1388 16.
614 1355 827 1388 ‘Tremendo
852 1356 952 1398 Jupi-

246 1408 301 1439 ter
310 1406 386 1449 ipso
400 1415 501 1439 ruens
514 1405 685 1439 tumultu.’
708 1406 794 1440 Gud.

290 1457 546 1500 Fuerutfragor]
569 1458 677 1500 Lege,
689 1461 808 1491 ruerat.
829 1458 950 1492 Senee.

246 1507 393 1550 Hippoi.
409 1511 486 1542 674.
509 1507 654 1541 ‘Omnis
679 1509 846 1551 impulsus
871 1513 951 1542 ruat

245 1559 378 1592 aether.'
420 1560 529 1592 Mart.
557 1569 614 1593 ιιι.
645 1562 719 1593 100.
751 1560 762 1578 ‘
775 1559 949 1593 Imbribus

243 1609 433 1643 immodicis
458 1610 583 1643 coelum
596 1620 675 1643 nam
690 1609 780 1643 forte
799 1609 947 1644 ruebat!

244 1660 351 1694 Ovid.
370 1661 463 1694 Fast.
487 1671 545 1694 111.
569 1665 646 1695 367.
670 1662 680 1680 ‘
695 1662 742 1694 Et
765 1662 878 1704 gravis
902 1672 946 1695 ae-

243 1712 363 1744 thereo
393 1713 488 1745 venit
518 1713 560 1745 ab
590 1722 655 1746 axe
684 1712 825 1755 fragor.'
889 1714 946 1746 Sic

240 1764 251 1780 ‘
265 1762 378 1796 Ruina
405 1763 507 1805 coeli,'
536 1773 613 1806 pro,
640 1763 788 1796 tonitru:
823 1764 945 1807 Virgil.

241 1814 319 1847 AEn.
334 1824 362 1847 1.
378 1817 454 1848 129.
477 1814 537 1847 ubi
552 1825 584 1848 v.
598 1815 697 1848 Serv.
735 1815 782 1848 Et
796 1815 873 1849 AEn.
885 1825 944 1850 111.

240 1865 444 1898 ‘Horrifleis
464 1865 534 1898 ruit
547 1865 650 1898 AEtna
671 1865 803 1899 ruinis.'
829 1866 945 1901 Heius.

240 1917 365 1950 Mallet
378 1916 470 1950 Nob.
486 1916 650 1949 Heinsius
664 1920 785 1959 ruerat,
799 1917 944 1951 Horatio

240 1971 396 2009 auctore,
411 1966 470 2010 qui
484 1966 630 2000 alicubi:
649 1968 659 1985 ‘
670 1967 750 2000 Non
764 1968 945 2001 tremendo

238 2019 378 2062 Jupiter
403 2019 479 2061 ipse
501 2028 604 2051 ruens
620 2017 792 2052 tumultu!
834 2018 944 2053 Quem

239 2071 351 2103 locum
367 2069 507 2103 tametsi
523 2069 634 2102 Faber
644 2073 783 2102 censeat
797 2069 863 2103 hue
886 2080 945 2112 pa-

238 2120 312 2154 rum
329 2120 520 2163 pertinere,
543 2124 648 2163 atque
676 2120 776 2162 adeo,
802 2130 845 2153 an
873 2131 943 2154 rue-

237 2175 291 2205 rat
307 2172 427 2213 fragor
449 2171 518 2204 dici
546 2171 670 2204 Latine
695 2172 820 2212 soleat,
851 2171 942 2204 haud

239 2224 340 2266 sciat,
349 2224 515 2265 derogare
525 2227 640 2256 tamen
652 2223 850 2256 Heinsianae
863 2223 942 2256 huic

239 2275 421 2309 sententiae
432 2275 480 2307 nil
491 2278 618 2317 potest.
642 2274 684 2306 ld
701 2275 791 2317 quod
803 2275 878 2318 ipse
893 2276 940 2309 N.

237 2326 401 2359 Heinsius
414 2335 475 2358 suo
491 2329 646 2368 tempore
659 2324 830 2358 ostendet.
854 2326 939 2358 Pro-

236 2376 315 2419 pius
330 2376 374 2409 ad
390 2380 538 2409 veterem
553 2375 755 2417 scripturam
776 2374 825 2408 sic
845 2376 937 2409 Clar.

238 2427 455 2460 Gronovius:
492 2427 503 2445 ‘
519 2427 626 2468 Lege,
651 2424 791 2464 coru‘usos
817 2425 938 2459 subitus

235 2488 312 2521 quos
326 2478 452 2518 fecerat
466 2476 594 2518 fragor.
638 2476 690 2508 Ut
710 2474 814 2508 ovid.
830 2475 841 2493 ‘
858 2476 935 2509 Nec

236 2530 346 2562 minus
371 2533 426 2561 est
455 2527 597 2561 confusa
618 2527 737 2560 Venus
765 2526 934 2560 moriente

234 2579 390 2612 Tibullo.'
432 2579 637 2611 Petronius:
657 2577 832 2611 ‘Tristem
855 2588 934 2610 eon-

233 2628 449 2672 fusumque?
481 2633 518 2662 et
544 2628 646 2661 alibi:
669 2628 680 2647 ‘
702 2627 872 2661 Confusus
897 2633 935 2661 et

236 2680 369 2713 consilii
383 2679 507 2722 egens!
519 2679 529 2695 ⁷
564 2679 656 2714 Quid
672 2688 755 2712 vero
776 2678 844 2712 isto
859 2679 934 2712 loco

234 2727 367 2762 Faber?
404 2732 415 2749 ‘
428 2730 620 2763 Mirabilem
655 2739 802 2771 versum,
833 2731 934 2762 Canes

231 2781 376 2820 confusos
387 2781 488 2814 subito
500 2792 574 2824 quos
577 2781 700 2821 fecerat
705 2780 832 2822 fragor.
855 2781 932 2813 Nec

233 2831 447 2874 AEsculapius
461 2843 536 2866 cum
552 2832 754 2878 Machaone,
779 2840 842 2865 nec
857 2835 931 2865 tota

723 237 866 269 NoTAE
902 237 1166 288 vgimoRUM
1199 240 1251 272 IN

1014 334 1275 378 Asclepidarum
1301 334 1431 370 familia
1452 335 1640 370 remedium
1664 332 1733 382 lut

1014 385 1159 429 faciant,
1187 387 1238 419 ita
1265 387 1390 420 misere
1418 387 1454 420 in
1482 387 1576 421 lecto
1595 387 1715 423 cubat.

1014 435 1119 468 Aliud
1157 436 1274 480 itaque
1309 441 1389 470 ante
1432 438 1549 471 oeulos
1593 437 1716 475 hebuit

1013 485 1219 529 Schefferus,
1236 487 1327 519 aliud
1342 487 1506 530 scripsit?
1527 488 1606 531 Ego
1620 488 1714 522 aliud

1011 537 1186 570 habuerim
1202 541 1283 570 ante
1296 538 1427 581 oeulos,
1450 537 1545 571 aliud
1566 538 1713 582 scripse-

1011 587 1098 620 rim?
1155 587 1298 620 Possum
1331 587 1446 630 reipsa
1478 587 1714 623 demonstrare

1011 637 1196 680 diversum,
1222 639 1250 671 si
1271 648 1412 671 necesse
1426 638 1483 672 sit.
1525 637 1577 672 At
1591 639 1715 682 Faber,

1010 699 1088 722 cum
1115 689 1298 723 edidissem
1324 699 1402 732 ego,
1422 689 1565 729 carduos
1577 690 1713 733 mmm,

1009 741 1067 773 ille
1092 740 1178 774 fecit
1201 740 1345 781 confusos
1365 741 1478 774 subito.
1520 742 1571 775 m
1593 742 1712 776 videre

1009 791 1147 830 debeat,
1160 792 1195 824 in
1217 801 1316 835 quem
1323 791 1403 834 jure
1418 791 1545 834 potiori
1559 792 1624 826 boe
1638 791 1713 826 'dic-

1008 845 1130 877 terium
1148 844 1341 878 conveniat.
1384 845 1587 888 Quanquam
1608 843 1712 878 facile

1005 896 1220 938 ignoscamus
1234 895 1364 929 homini
1382 894 1660 939 occupatissimo,
1673 899 1713 930 et

1005 951 1090 989 tum,
1104 957 1181 980 cum
1196 947 1264 980 ista
1278 947 1458 989 scriberet,
1479 950 1621 988 aegroto.
1663 947 1711 980 11-

1004 998 1063 1030 lud
1096 1007 1162 1031 non
1201 998 1383 1041 omiserim,
1410 1007 1465 1031 me
1492 997 1595 1030 aliter
1617 1006 1710 1031 nune

1006 1049 1227 1082 emendatum
1244 1049 1356 1083 locum
1378 1049 1483 1082 istum
1499 1058 1520 1081 a
1533 1048 1608 1081 viro
1622 1057 1712 1081 sum-

1003 1110 1059 1132 mo
1075 1099 1110 1132 in
1134 1099 1313 1133 Addendis
1327 1099 1371 1133 ad
1385 1099 1446 1132 lib.
1462 1107 1567 1132 xxxx·
1580 1102 1636 1133 45.
1658 1098 1709 1132 in·

1003 1151 1243 1192 comparabilis
1271 1150 1434 1184 editionis
1468 1149 1620 1183 Liviana.
1645 1159 1709 1183 nu·

1004 1210 1067 1243 per
1082 1201 1258 1235 adornatae
1277 1199 1548 1243 deprehendere.
1591 1199 1708 1233 Verba

1003 1252 1071 1285 ista
1086 1257 1188 1286 sunt:
1210 1254 1222 1272 ‘
1233 1253 1338 1295 Apud
1354 1252 1540 1285 Phaedrum
1565 1250 1636 1284 fab·
1651 1254 1702 1285 74.

1002 1302 1130 1345 legitur
1143 1314 1152 1335 :
1180 1304 1281 1336 Canes
1294 1302 1438 1343 confusus
1451 1301 1553 1335 subito
1563 1301 1705 1345 quodfa-

1001 1356 1069 1386 erat
1076 1353 1195 1395 fragor
1206 1364 1220 1392 ‚-
1242 1363 1344 1397 quum
1356 1353 1540 1396 legendnm
1555 1353 1623 1387 sit:
1642 1354 1704 1387 cn-

1001 1415 1056 1438 nes
1065 1405 1208 1446 confusos
1219 1405 1343 1438 subitus
1349 1405 1474 1446 fecerat
1480 1403 1613 1446 fragor,
1624 1404 1682 1438 vel
1693 1414 1704 1438 2

1004 1455 1107 1488 Canes
1121 1455 1279 1500 (confusos
1291 1455 1413 1488 subitus
1417 1454 1542 1495 fecerat
1547 1454 1705 1498 fruger-‚Y

999 1505 1115 1539 Schef.
1152 1507 1231 1540 Non
1246 1505 1469 1548 improbanda
1479 1505 1584 1539 lectio
1595 1505 1705 1549 Hein-

999 1557 1062 1590 sii:
1089 1559 1191 1591 Canes
1214 1557 1347 1600 confusi,
1365 1558 1469 1592 subito
1488 1559 1568 1601 quod
1594 1563 1701 1593 ruerat

989 1609 1110 1650 fragor
1123 1620 1135 1643 .-
1171 1609 1221 1642 sic
1250 1609 1373 1651 Virgil.
1400 1609 1477 1642 Gul.
1507 1611 1583 1642 850.
1623 1609 1703 1653 fAc

997 1669 1100 1693 ruere
1125 1659 1161 1693 in
1189 1664 1299 1693 terras
1323 1659 1402 1703 coerli
1428 1659 1567 1702 fragor!
1610 1659 1711 1694 vide>

995 1711 1118 1745 Heins.
1138 1711 1181 1743 ad
1199 1711 1277 1744 Val.
1292 1711 1385 1744 Flac.
1399 1720 1425 1744 1.
1439 1713 1516 1743 663.
1537 1709 1597 1743 ubi
1611 1709 1702 1744 hune

993 1762 1106 1795 locum
1129 1760 1284 1804 profert;
1304 1761 1368 1794 sed
1393 1761 1438 1794 ad
1466 1759 1587 1794 Claud.
1611 1761 1700 1794 Con-

995 1813 1059 1846 sul.
1090 1812 1213 1855 Olybr.
1234 1815 1312 1844 211.
1333 1811 1440 1854 legit:
1463 1812 1473 1831 ‘
1486 1811 1597 1845 Canes
1617 1820 1699 1845 eon·

994 1862 1073 1906 fusi,
1088 1863 1222 1896 subitus
1238 1861 1328 1905 quod
1343 1865 1462 1898 ruerat
1473 1859 1611 1903 fragor:
1653 1860 1698 1894 In

994 1914 1072 1946 loco
1108 1913 1247 1956 Virgilii
1281 1912 1360 1945 AEn.
1395 1921 1452 1945 m.
1488 1914 1566 1944 371.
1593 1921 1697 1955 quem

995 1964 1159 1998 Heinsius
1174 1963 1300 2006 adfert,
1324 1966 1364 1996 ut
1376 1962 1415 1996 τὸ
1427 1962 1496 1996 ruit
1505 1961 1631 2006 firmet,
1645 1963 1695 1996 le-

996 2017 1100 2060 gitur,
1116 2017 1126 2036 ‘
1138 2014 1321 2050 Horrificis
1333 2018 1433 2048 tonat
1446 2015 1550 2048 AEtna
1560 2014 1695 2056 ruinius

994 2077 1106 2111 neque
1132 2067 1267 2100 variant
1292 2066 1427 2109 scripti,
1450 2065 1515 2098 nisi
1539 2065 1630 2108 quod
1658 2065 1696 2098 in

995 2118 1197 2162 quibusdam
1213 2117 1259 2151 sit
1271 2120 1371 2151 sonat.
1415 2117 1486 2151 Qui
1506 2115 1694 2157 saernttde·

994 2169 1139 2203 fendere
1166 2169 1260 2211 velit,
1285 2169 1346 2202 ille
1370 2167 1492 2201 similia
1518 2168 1607 2210 loca,
1633 2168 1694 2201 ubi

991 2221 1002 2239 ⁴
1015 2221 1072 2254 Fit
1086 2220 1214 2264 fragor'
1244 2219 1407 2260 occurrit,
1425 2219 1578 2261 reperiet
1597 2219 1691 2262 apud

992 2273 1148 2306 eumdem
1172 2273 1354 2306 Heinsium
1376 2272 1419 2305 ad
1434 2272 1614 2306 claudian.
1630 2271 1692 2304 Gi-

991 2328 1086 2367 gant.
1101 2326 1155 2358 ⁷4.
1200 2324 1305 2357 certe
1316 2323 1583 2364 confumfragor
1596 2326 1690 2356 stare

989 2385 1057 2408 non
1073 2378 1208 2418 potest3
1231 2374 1290 2408 ille
1304 2375 1394 2408 enim
1419 2383 1486 2407 non
1512 2373 1689 2407 confundi-

989 2431 1057 2468 tur,
1070 2427 1130 2459 sed
1146 2426 1229 2459 alios
1245 2424 1426 2459 confundit
1436 2429 1472 2458 et
1487 2424 1668 2467 perturbat
1678 2433 1689 2455 ε

986 2478 1145 2520 apposite
1156 2481 1317 2510 monente
1325 2475 1513 2517 Scheffero,
1521 2475 1686 2510 Quinctil.

985 2529 1088 2561 Decl.
1101 2537 1152 2560 xi.
1168 2531 1219 2560 20.
1243 2527 1254 2546 ‘
1266 2527 1445 2561 Neminem
1455 2526 1560 2559 fuisse
1575 2526 1609 2569 in
1624 2525 1685 2558 do·

985 2587 1051 2619 mo,
1066 2588 1166 2621 quem
1182 2588 1248 2610 non
1264 2576 1379 2620 fragor
1390 2577 1448 2609 ille
1459 2575 1654 2609 confuderit
1661 2577 1686 2617 ;'

985 2633 1022 2661 et
1037 2629 1154 2670 paullo
1170 2632 1259 2670 post,
1280 2629 1290 2645 ‘
1302 2629 1352 2660 Ut
1376 2627 1521 2669 primum
1544 2637 1599 2659 me
1614 2626 1682 2660 fra-

985 2688 1048 2721 gor
1062 2679 1193 2720 domus,
1208 2683 1245 2711 et
1261 2678 1354 2711 velut
1365 2677 1415 2710 tui
1426 2676 1612 2710 confudere
1626 2688 1683 2720 ge-

982 2729 1108 2762 mitus-¹
1130 2730 1244 2762 Burm-

1023 2783 1066 2812 26
1089 2778 1285 2821 Reclamant]
1315 2779 1443 2811 Iterum
1459 2779 1620 2820 clamant,
1640 2784 1682 2813 ut

981 2841 1090 2875 nuper
1114 2830 1283 2873 fecerant,
1312 2839 1389 2863 cum
1415 2829 1546 2873 priores
1576 2831 1680 2873 legati
