1806 3236
186 225 274 270 520

187 341 256 364 non
287 331 375 365 vidit
401 333 511 366 locum
533 333 622 366 hunc
640 342 715 367 esse
730 332 894 377 imitatio-

188 391 266 416 nem
280 382 458 416 Ciceronis
466 383 501 416 in
512 377 572 416 De
584 383 656 417 Off.
668 393 710 418 11.
726 385 737 402 ⁴
752 384 894 418 Veritas

186 433 325 466 limatur
362 434 398 467 in
429 434 686 476 disputatione:
730 434 894 468 Ceterum

186 485 269 519 mihi
285 485 367 518 satis
384 486 500 528 placet
516 485 739 519 Rittershusii
755 490 894 518 senten-

187 536 249 577 tia,
260 536 487 569 existimantis
501 537 576 570 haec
594 537 700 570 verba
715 537 763 579 (a
777 537 895 570 radici-

187 586 267 627 bus)
288 587 390 630 jungi
419 597 497 621 cum
531 587 598 621 illis
633 587 763 620 debere
794 589 895 629 (Nem

187 638 360 679 evertisset,
386 637 458 680 ξε.)
494 638 584 681 quod
617 638 668 672 illi
701 639 895 673 Salustiano

186 689 296 722 simile
312 689 400 722 erit:
430 690 439 708 ‘
453 690 603 732 cartago
626 699 647 721 a
661 688 768 731 stirpe
792 690 898 722 inter-

187 738 256 772 iit!
293 740 409 774 Faber.
453 739 636 781 Absolute,
669 750 746 783 pro,
770 741 895 773 exami-

186 793 315 832 nasset,
329 790 521 825 imitatione
535 792 707 833 Tulliana,
726 791 816 825 sicut
831 792 897 824 Fa-

187 841 255 875 ber>
276 843 407 884 optime
435 842 608 876 observat.
650 842 756 882 Schef.
801 842 897 875 Male

188 893 393 936 Schioppius
419 894 572 927 rimasset.
616 893 675 927 Sic
708 893 899 926 ‘Limatus'

189 947 226 977 et
238 945 249 963 ‘
260 940 403 978 Subtilis
418 944 561 978 Orator'
590 954 683 987 saepe
699 955 720 990 s.
731 944 898 977 Cicerone

189 995 455 1038 conjunguntur.
492 996 503 1015 ‘
521 994 660 1030 Limare
696 989 898 1037 c'onsilium,’

187 1047 346 1081 ‘Limare
361 1047 560 1081 ratIonibus'
583 1047 775 1091 Cyprianus
798 1047 834 1080 in
855 1048 900 1080 E-

189 1099 334 1140 pistolis.
371 1100 486 1132 Heins-
530 1099 663 1132 Probat
692 1099 780 1132 hane
803 1098 901 1132 verbi

190 1149 300 1183 limare
313 1150 601 1193 significationem
623 1151 787 1193 stephan.
821 1150 902 1184 Joh.

191 1201 358 1243 Stephan.
375 1201 416 1234 ad
430 1202 556 1235 Saxon.
571 1202 667 1236 Hist.
692 1203 785 1235 Dan.
801 1202 862 1235 lib.
874 1211 900 1235 ι.

190 1263 271 1295 pag.
286 1256 340 1287 77.
356 1263 458 1296 quem
473 1253 564 1287 vide.
590 1254 704 1287 Burm.

233 1304 405 1345 Limasset]
428 1306 509 1347 Pro,
521 1304 705 1337 elimasset.
727 1304 899 1337 Prudent.

193 1354 292 1387 Cam.
320 1364 387 1387 vu.
412 1358 490 1388 200.
534 1355 568 1387 Α
594 1356 698 1396 limus,
719 1354 822 1396 λοξὸς,
845 1359 900 1388 est

191 1405 312 1446 limare,
326 1405 493 1439 collimare.
537 1406 652 1440 Gloss.
665 1407 745 1440 Vet.
773 1408 782 1426 ‘
795 1409 899 1450 Ζητεῖ,

190 1455 357 1495 Limatur,
373 1455 558 1489 Rimatur.'
589 1457 717 1490 Limare
732 1462 798 1499 est,
822 1458 900 1491 dili·

192 1507 328 1548 gentius
345 1508 556 1551 perspicere,
567 1508 702 1541 intueri.
719 1510 763 1543 V.
779 1509 899 1543 Guiet.

195 1558 282 1593 Gud.

235 1610 391 1643 Isimasset
405 1621 425 1643 a
439 1611 610 1654 radicibus,
634 1611 709 1645 Non
721 1611 900 1654 evertisset]

191 1661 326 1694 Peccat
339 1671 416 1694 meo
442 1662 581 1704 quidem
606 1662 718 1695 animo
738 1663 813 1695 haec
835 1663 903 1696 dis·

193 1712 327 1745 tinctio.
371 1713 464 1747 Quid
491 1714 582 1746 euim
599 1718 667 1755 est,
690 1714 801 1747 limare
815 1723 835 1746 a
849 1724 902 1747 ra-

192 1762 335 1796 dicibus?
379 1764 532 1799 Evertere
547 1775 566 1797 a
588 1765 748 1797 radicibus
763 1766 903 1807 elegan-

193 1818 250 1858 ter
263 1814 412 1854 dicitur3
427 1814 513 1847 illud
527 1825 598 1847 non
617 1815 713 1857 item,
739 1819 779 1847 ut
805 1819 902 1858 puto.

195 1865 312 1899 Quare
328 1874 461 1898 mecum
488 1865 539 1898 sic
561 1866 676 1908 potius
704 1866 901 1908 distingue:

194 1917 233 1949 Si
241 1917 435 1949 mendacium
442 1917 602 1949 subtiliter
615 1916 767 1958 limasset,
781 1927 801 1949 a
815 1917 902 1949 radi-

194 1967 281 2000 cibus
305 1968 378 1999 Non
392 1967 553 2000 evertisset
566 1968 681 2000 scelere
687 1967 838 2007 funditus
848 1968 903 1999 do·

194 2029 290 2052 mum.
334 2020 478 2062 Major-is
493 2020 698 2062 emphasews
714 2027 819 2052 causa
835 2019 902 2052 duo

195 2070 349 2110 ejusdem
392 2070 652 2112 significationis
696 2070 876 2113 conjunxit
893 2082 902 2103 ε

188 2119 337 2158 funditus
352 2132 372 2153 a
384 2115 543 2153 radicibus
563 2125 719 2154 evertere:
743 2121 833 2164 quod
849 2126 903 2155 est

195 2170 314 2213 ῥιζόθεν
323 2171 535 2214 προθέλυμνον
545 2172 688 2214 ἀναιρεῖν.
713 2173 797 2206 Rite.

239 2223 271 2256 A
299 2223 475 2264 radicibus]
519 2223 597 2256 Hoc
627 2223 904 2264 distinguendum

198 2284 273 2307 esse
291 2284 310 2306 a
326 2274 569 2317 superioribuS,
594 2279 630 2306 et
646 2284 723 2307 cum
747 2275 906 2308 evertisset

198 2325 489 2368 conjungendum,
500 2329 644 2358 censent
656 2326 906 2359 Ritte1·shusius

199 2381 236 2409 et
252 2376 377 2418 Faber,
399 2377 488 2419 quod
505 2377 664 2409 existimo
687 2386 763 2409 esse
778 2387 905 2410 verum.

200 2428 352 2459 Evertere
375 2437 395 2458 a
423 2427 592 2468 radicibus,
621 2432 660 2460 ut
696 2429 707 2446 ‘
721 2428 906 2470 Expellere

201 2478 245 2510 ab
261 2477 447 2511 radicibus’
461 2478 553 2520 apud
568 2478 690 2520 Virgil.
705 2478 826 2511 Cicero
842 2488 907 2519 pro

199 2529 253 2561 his
265 2529 354 2561 dixit
366 2529 376 2546 ‘
388 2529 567 2561 Radicitus
580 2529 785 2562 extrahere:
799 2529 907 2569 Schef.

199 2580 306 2612 Forte
333 2590 369 2612 ac
396 2580 551 2612 radicitus
582 2581 666 2620 Non,
690 2581 745 2621 ᾅτ.
786 2579 907 2612 Heius.

201 2631 299 2663 Nihil
314 2634 465 2664 mutem:
489 2631 573 2663 licet
589 2635 625 2663 et
644 2628 837 2663 Schefl'erus
864 2630 908 2662 ad

204 2683 334 2725 Obseq.
360 2694 390 2716 c.
406 2686 480 2716 123.
505 2693 568 2725 pro
592 2684 751 2717 radicibus
771 2687 908 2717 evertere

204 2733 364 2766 videatur
393 2734 541 2775 probare
572 2735 734 2767 radicitus.
779 2734 909 2766 Eadem

205 2784 292 2816 ratio
308 2785 449 2818 alterius
464 2785 659 2829 locutionis,
681 2796 702 2819 a
716 2785 835 2828 stirpe:
859 2789 911 2828 ut,

652 238 797 272 NOTAE
833 240 1099 273 VARIORUM
1134 242 1186 274 ΙΝ

943 333 952 351 ‘
969 332 1002 367 A
1023 334 1131 377 stirpe
1157 343 1240 377 gens
1266 335 1464 370 exstincta?
1505 336 1580 371 Liv.
1594 335 1666 373 αἱ

943 387 999 416 :34-
1025 388 1064 418 et
1086 385 1176 419 Stat.
1203 395 1270 418 vn.
1295 389 1371 420 20⁷.
1414 388 1425 406 ⁸
1439 387 1652 430 Pelopi-qn·

943 445 964 468 s
975 436 1087 478 stirpe
1101 440 1248 479 nepotes
1260 437 1415 472 Tardum
1429 437 1568 472 anctore
1588 438 1651 472 mi·
1683 450 1685 453 ·

944 485 999 519 hi!
1043 486 1196 520 Dubium
1212 497 1306 529 vero,
1321 497 1364 521 an
1374 489 1569 524 «radicibus
1581 496 1651 524 non

944 547 1023 570 cum
1049 538 1186 571 timeat
1209 539 1373 580 conjungi
1391 539 1536 581 debeat,
1562 539 1652 574 facit

945 587 1080 621 Gudius
1106 598 1150 621 cx
1181 588 1240 621 illo
1265 589 1383 623 Plauti
1406 589 1442 623 in
1463 591 1603 625 Tria-1.
1618 594 1655 625 2.

946 641 1022 672 180.
1042 638 1054 657 ‘
1070 640 1172 674 Quod
1199 639 1230 672 si
1257 640 1460 683 exquiratur
1485 651 1591 685 usque
1605 641 1654 676 sb

945 691 1056 733 stirpe
1068 691 1256 724 auctoritas
1270 689 1292 730 ;'
1315 691 1377 724 sed
1399 691 1447 724 ibi
1461 701 1539 727 cun
1561 692 1653 730 Grn-

945 741 1047 774 novio
1061 741 1233 774 auctoritas
1245 741 1285 774 ab
1306 742 1405 783 stirpe
1423 741 1655 786 jungendam,

947 795 984 824 et
997 791 1195 825 sumendum
1208 802 1271 833 pro
1281 792 1390 834 primo
1401 797 1555 828 auctore.
1591 794 1656 829 Se·

947 844 1068 887 quenti
1080 851 1181 878 versu
1196 845 1332 878 mallem
1345 844 1507 883 funestam
1519 845 1657 880 doum·

947 897 1068 929 Burm.
1567 919 1571 927 ,

990 950 1033 980 64
1061 947 1186 989 Etiam]
1229 947 1464 981 Referendum
1493 947 1538 980 sd
1568 948 1656 991 fluo,

948 998 1046 1041 quasi
1068 998 1222 1031 diceret:
1254 1000 1390 1032 Praeter
1410 999 1446 1032 id
1469 999 1562 1042 quod
1579 999 1655 1042 jam

948 1049 1235 1091 proposui‚etiam
1242 1050 1306 1082 hoc
1319 1054 1447 1092 potent.
1461 1049 1566 1091 Schts.
1588 1051 1657 1084 1--

948 1110 1005 1133 mo
1021 1110 1120 1142 vero,
1129 1100 1224 1133 etiam
1232 1101 1398 1143 simplices,
1404 1101 1604 1144 jungenda
1619 1101 1658 1135 id

949 1158 1014 1195 est,
1023 1153 1106 1187 licet
1117 1158 1196 1187 sunt
1204 1154 1378 1196 simplices
1392 1158 1431 1187 et
1440 1154 1594 1195 eredu1i3
1607 1155 1658 1188 ic·

948 1204 971 1237 J
975 1205 1079 1238 ustin.
1092 1215 1142 1238 vr.
1156 1208 1188 1238 2.
1210 1205 1220 1224 ⁴
1233 1206 1310 1238 Nec
1325 1205 1522 1248 eloquentia
1532 1206 1657 1247 utinm,

948 1254 1053 1288 etiam
1088 1255 1182 1288 inter
1214 1248 1458 1295 Athenienses,
1486 1255 1659 1298 insignis!

947 1305 1028 1338 vid.
1043 1305 1087 1337 ad
1101 1305 1269 1339 Quinctii.
1284 1306 1388 1338 Deci.
1401 1315 1461 1338 ur.
1473 1308 1525 1339 13.
1542 1306 1658 1339 Bur-i.

991 1361 1032 1389 55
1058 1356 1228 1398 Opinione]
1246 1356 1445 1399 Opinionem,
1461 1356 1658 1390 Salmasius.

991 1411 1035 1441 56
1067 1407 1252 1449 Dissidens]
1284 1407 1480 1450 Contraria,
1511 1407 1658 1441 adversa

947 1468 1083 1501 semper
1094 1459 1181 1492 aliis.
1205 1458 1314 1498 Schef.
1486 1479 1489 1482 -

990 1513 1033 1542 57
1055 1509 1249 1552 Sub-scribit]
1274 1509 1425 1543 Verbum
1442 1519 1486 1542 cx
1500 1509 1577 1543 foro
1590 1510 1659 1544 hue

947 1561 1171 1603 translatum,
1190 1561 1271 1603 quia
1307 1560 1353 1593 de
1390 1571 1428 1594 re
1458 1557 1522 1594 taii
1547 1571 1661 1597 sermo

949 1615 1036 1645 erat.
1089 1611 1267 1644 Dicuntur
1303 1615 1418 1644 autem
1454 1611 1663 1655 subscribere,

950 1662 1008 1704 qui
1039 1666 1227 1705 sequuntur
1255 1661 1352 1703 alios,
1379 1671 1565 1706 eorumque
1583 1671 1661 1696 scn-

950 1714 1094 1746 tentiam
1109 1713 1308 1746 accessione
1323 1723 1386 1746 sua
1399 1712 1539 1746 firmant
1553 1725 1564 1754 ς
1578 1714 1661 1747 vide

949 1764 1079 1796 Polleti
1102 1764 1183 1796 For.
1207 1762 1313 1801 Schff.
1357 1763 1456 1795 Idem
1486 1763 1530 1796 de
1552 1764 1667 1804 Fenus,

950 1814 1038 1846 dicit
1052 1813 1177 1846 AElian.
1193 1814 1276 1846 Var.
1298 1813 1391 1847 Hist.
1403 1823 1428 1847 1.
1444 1816 1499 1847 22.
1522 1814 1638 1847 Herm

992 1867 1035 1896 ⁵8
1057 1864 1150 1905 Erit]
1184 1863 1228 1896 Id
1259 1868 1325 1905 est,
1354 1874 1430 1897 esse
1457 1864 1576 1907 debet,
1604 1866 1662 1900 sit.

949 1915 1007 1947 Ita
1019 1913 1079 1947 inf.
1094 1915 1154 1947 lib.
1170 1924 1220 1948 nr.
1239 1924 1271 1948 c.
1291 1918 1324 1948 Β.
1343 1915 1356 1934 ‘
1370 1914 1458 1947 Haec
1480 1914 1662 1949 iracundos

950 1965 1149 1998 admonebit
1175 1964 1315 2007 fabula‚'
1351 1974 1427 2007 pro,
1464 1964 1660 1999 admo-est.

949 2018 1067 2050 Plaut.
1097 2017 1252 2049 Mostell.
1281 2015 1325 2049 A.
1353 2025 1396 2050 ιι.
1421 2026 1472 2050 sc.
1489 2020 1520 2050 l.
1542 2018 1554 2037 ⁵
1572 2017 1663 2050 Phil.

951 2069 1022 2102 Ubi
1040 2078 1104 2110 ego
1121 2068 1204 2101 ero?
1236 2067 1297 2100 Tr.
1329 2067 1399 2100 Ubi
1413 2067 1563 2100 maximo
1587 2076 1663 2101 csse

951 2120 1022 2152 vis:
1047 2130 1123 2152 cum
1138 2119 1217 2161 hac,
1231 2128 1308 2151 cum
1321 2118 1432 2151 isthac
1447 2117 1538 2151 eris!
1563 2117 1663 2152 Idem

952 2171 986 2203 in
1013 2171 1187 2203 Menaeeh.
1210 2173 1280 2202 act.
1309 2166 1422 2202 msc.
1448 2172 1482 2202 2.
1513 2169 1598 2202 ‘Dii
1625 2173 1663 2202 te

954 2220 1139 2263 amabunt,’
1149 2230 1225 2263 pro,
1237 2224 1274 2252 te
1287 2224 1416 2253 ament.
1437 2219 1544 2259 Scioes-
1569 2220 1662 2262 tege

956 2275 1033 2306 Erit
1054 2274 1138 2306 hisce
1161 2276 1265 2314 notus,
1288 2276 1327 2305 ut
1347 2272 1392 2305 de
1418 2281 1456 2305 se
1479 2271 1666 2314 intelligat,

955 2325 1008 2357 vel
1025 2324 1160 2366 Sejano.
1184 2323 1300 2355 Heius.

997 2375 1064 2407 Per·
1079 2373 1126 2415 te]
1148 2373 1220 2405 Tuo
1236 2371 1349 2405 studio
1366 2373 1519 2415 proprio,
1534 2381 1603 2406 non
1617 2381 1664 2404 ex

955 2425 1122 2458 relatione
1149 2425 1305 2457 aliorum.
1339 2424 1462 2456 Cicero
1497 2423 1543 2455 de
1577 2422 1658 2455 Am.

955 2479 965 2497 ‘
981 2478 1083 2513 Quod
1108 2477 1252 2519 quisque
1285 2476 1396 2508 miuus
1434 2485 1496 2517 per
1520 2484 1558 2507 se
1587 2475 1663 2517 ipse

955 2532 1085 2571 posset,
1100 2528 1135 2560 id
1152 2527 1330 2568 acciperet
1343 2526 1385 2559 ab
1398 2525 1488 2558 alio!
1520 2524 1627 2564 Schef.

998 2583 1041 2612 59
1064 2578 1239 2619 Execueas]
1262 2579 1318 2610 Ita
1339 2578 1457 2612 Plaut.
1481 2575 1607 2619 Amph.
1622 2586 1663 2610 Π.

955 2640 1004 2663 sc.
1019 2633 1052 2662 2.
1075 2631 1085 2648 ‘
1100 2630 1215 2670 Perge
1232 2627 1382 2671 exequi!
1412 2627 1536 2668 virgil.
1555 2627 1663 2660 Geor.

954 2691 1003 2714 ιν.
1039 2680 1230 2713 ‘Coelestia
1259 2679 1348 2711 dona
1379 2676 1554 2719 exequar!
1597 2678 1664 2710 Est

956 2735 1072 2764 autem
1087 2730 1212 2772 exequi,
1228 2738 1418 2771 exponere,
1439 2736 1594 2770 narrare,
1613 2727 1666 2760 di-

955 2791 1046 2816 cere.
1088 2780 1178 2814 Vide
1203 2779 1348 2813 Terent.
1377 2779 1466 2813 Hec.
1491 2787 1552 2812 111.
1567 2787 1616 2813 sc.
1632 2781 1666 2812 1.
