1806 3236
741 211 941 244 FABULA
972 202 1045 246 16.
1500 266 1505 269 χ
1547 200 1636 246 293

160 306 234 351 Ne
250 308 538 365 perturberis,
556 307 747 364 imploro
769 309 966 364 supplex
983 323 1132 366 opem,

158 375 267 420 Nou
285 377 488 432 praedam
508 390 678 432 quaero.
739 377 879 421 Ponit
896 379 941 420 in
960 378 1131 434 gremio
1149 379 1308 436 pedem

158 445 315 489 Homo
335 446 576 500 sublatum,
594 451 653 498 et,
674 447 877 490 eximens
898 449 1088 505 spinam,
1111 451 1238 504 gravi
1604 450 1634 491 5

157 513 300 558 Levat
318 515 485 558 dolore.
545 515 688 559 Redit
706 516 811 558 hinc
831 517 877 559 in
895 517 1047 573 sylvas
1069 517 1181 561 Leo.

120 624 124 629 .
158 582 294 628 Falso
310 588 413 640 post
431 588 613 640 tempus⁴
630 588 872 629 accusatus
892 586 1074 629 crimine

155 651 320 707 Pastor
340 652 592 706 damnatur,
614 657 748 709 atque
767 653 886 696 ludis
905 655 1125 710 proximis

102 744 106 748 ·
153 719 185 762 J
186 721 330 777 ejunis
350 722 513 779 projici
526 723 711 778 jubetur
730 724 903 767 bestiis.

155 787 350 833 Emissae
371 790 477 833 dum
498 791 787 835 discursitant
806 791 982 847 passim
1000 791 1123 844 ferae,
1557 793 1630 835 ·10

153 855 355 912 Agnovit
374 858 613 913 hominem,
634 860 713 916 qui
729 859 999 902 medicinam
1018 860 1200 913 fecerat,

152 925 261 978 Leo,
281 931 325 970 et
345 927 568 971 sublatum
588 940 739 971 rursus
758 928 804 970 in
821 928 992 983 gremio
1011 928 1175 984 pedem

151 993 331 1037 Pastori
351 995 494 1056 ponit.
555 995 661 1038 Rex
680 1000 731 1038 ut
749 995 973 1051 cognovit,
999 996 1151 1039 statim

150 1061 300 1118 Sylvis
319 1063 533 1117 Leonem,
554 1068 599 1108 et
618 1065 852 1108 Pastorem
871 1063 1018 1108 reddit
1037 1064 1148 1108 suis.

813 1186 964 1220 NOTAE

188 1262 209 1293 7
231 1260 312 1294 Ροεθ
322 1261 460 1304 tempus]
482 1262 560 1295 Post
570 1262 769 1306 aliquantum
779 1265 857 1295 tem-
911 1262 977 1295 cile
991 1261 1085 1295 ferre
1099 1271 1289 1305 possumus.
1309 1251 1312 1254 ⁴
1333 1263 1391 1296 Ex
1405 1263 1520 1296 caveis
1530 1264 1627 1297 enim

128 1328 130 1330 v
140 1321 203 1354 pue
217 1311 342 1346 Rimie.
356 1317 395 1346 et
409 1313 591 1357 Romulus,
617 1313 679 1347 sed
689 1317 765 1356 poet
777 1316 856 1347 tem-
910 1314 982 1347 suis
996 1314 1248 1348 emittebantur
1258 1313 1341 1348 ferae
1353 1315 1387 1347 iu
1393 1324 1551 1360 arenam,
1565 1316 1626 1362 sed

139 1372 203 1406 pun
217 1366 272 1397 est
282 1373 302 1397 a
315 1373 418 1398 mauu
434 1364 576 1399 Phaedri
586 1364 645 1399 lib.
656 1374 707 1399 iv.
719 1364 790 1399 fab.
803 1367 857 1399 17.
909 1365 1036 1406 quunis
1050 1366 1159 1409 magis
1176 1366 1319 1409 placuit,
1330 1376 1398 1410 quo
1409 1367 1520 1409 majus
1533 1372 1628 1402 esset

143 1419 183 1448 et
198 1417 250 1449 18.
910 1417 1126 1460 miraculum,
1136 1417 1165 1450 si
1176 1421 1213 1451 et
1221 1418 1291 1451 inae
1302 1422 1501 1460 parcerent.
1518 1419 1627 1452 Emis-

186 1467 209 1498 9
227 1464 370 1508 adenis]
401 1465 539 1500 Emissis
562 1465 679 1501 Auen.
698 1466 791 1511 quod
806 1465 857 1500 fa·
910 1477 956 1501 ⁸oe
971 1477 1051 1502 vero
1067 1469 1224 1513 sequenti
1240 1470 1356 1503 versui
1372 1469 1539 1504 dedimus.

138 1608 162 1623 A

686 1871 900 1912 FABULA
956 1872 1067 1912 XVI.

539 2007 761 2051 CULEX
805 2008 886 2051 ET
927 2007 1206 2053 TAURUS.

139 2151 322 2195 CULEX
344 2164 446 2194 cum
465 2150 666 2194 Taurum
684 2156 972 2208 provocasset
988 2154 1177 2207 viribus,

138 2220 297 2265 Cuncti
316 2223 525 2264 venerunt
543 2221 717 2277 populi,
738 2226 791 2264 ut
809 2235 1005 2278 pugnam
1027 2227 1268 2267 cernerent.

137 2287 286 2338 Culex
309 2294 428 2334 tum:
459 2289 584 2333 Satis
604 2294 689 2343 est,
721 2290 840 2346 quod
862 2292 1027 2336 venisti
1047 2294 1281 2336 cominus:
1338 2306 1340 2308 ’

137 2357 259 2402 Nam
276 2371 442 2415 parvus
460 2359 584 2411 mihi,
610 2359 787 2416 judicio
809 2373 910 2403 sum
927 2375 1115 2418 magnus
1138 2367 1231 2406 tu0.

136 2427 261 2471 Hinc
283 2441 332 2471 se
351 2440 436 2485 per
455 2439 588 2471 auras
607 2441 756 2485 penna
776 2430 956 2473 sustulit
973 2430 1076 2483 levi,
1585 2433 1615 2475 5

806 2553 948 2587 NOTAE

177 2623 268 2660 Haec
282 2629 337 2660 est
350 2626 468 2660 fabula
481 2636 537 2670 ap.
551 2626 664 2662 Auou.
675 2637 810 2663 xxxvr.
898 2634 959 2663 aut
983 2640 1098 2673 cursu,
1121 2634 1180 2663 aut
1203 2629 1332 2663 viribus
1356 2629 1612 2664 contendebat!

177 2679 195 2709 l
226 2677 368 2721 Viribus]
382 2678 513 2711 Recte.
557 2678 614 2711 Ita
636 2680 671 2712 in
697 2680 792 2713 lucta
806 2684 844 2714 et
896 2682 907 2700 ‘
924 2681 1126 2715 Certamina
1149 2681 1291 2714 virium’
1319 2681 1394 2715 Liv.
1409 2690 1478 2715 vn.
1496 2684 1549 2715 83.
1572 2687 1610 2716 et

133 2730 390 2772 certaminibus,
403 2739 481 2773 quae
494 2729 576 2763 nudi
590 2731 746 2774 corporis
762 2732 845 2765 viri·
898 2742 1037 2767 xxxur.
1060 2737 1113 2767 22.
1150 2733 1244 2777 Virg.
1270 2733 1346 2767 AEu.
1375 2742 1406 2767 v.
1434 2736 1489 2768 67.
1513 2735 1522 2753 ‘
1539 2729 1609 2771 Qui

133 2779 198 2812 bus
214 2780 415 2823 agebantur,
429 2781 672 2824 loquebantur.
714 2782 845 2817 sustin.
898 2783 1030 2819 viribus
1047 2784 1184 2818 audax.’

132 2839 281 2865 xxxvii.
297 2834 330 2865 4.
353 2832 469 2866 ‘iuter
491 2834 642 2877 aequales
660 2838 721 2868 aut
745 2845 846 2879 equo,
