1806 3236
217 207 303 252 368

220 313 312 355 apud
327 311 469 346 Quinct.
484 321 536 345 ιιι.
553 315 586 345 3.
607 311 618 330 ‘
636 312 759 345 Cultus
781 322 850 346 non
872 317 927 347 est

218 363 378 407 proprius
401 363 559 396 Oratoris
584 362 718 406 aliquis,
741 363 804 397 sed
818 365 927 408 magis

219 425 315 448 more
340 414 575 457 conspicitur,’
599 418 639 447 ut
668 415 849 458 legendum
877 415 927 448 ibi

220 476 297 500 esse
312 465 534 499 ostendimus.
571 465 640 498 Sed
657 475 721 510 pro
734 467 830 499 stulte
845 467 927 510 poni

219 528 240 551 a
265 523 382 551 nostro
402 526 471 549 non
486 517 669 559 credimus,
690 518 793 551 immo
809 520 926 562 vulga-

219 575 290 602 tam
315 569 529 602 retinendam
549 579 737 603 censemus.
781 570 928 603 Laudata

218 630 300 653 vero
316 624 406 662 sunt,
421 621 575 663 pulchra,
585 631 662 665 quae
677 622 781 664 vulgo
794 621 927 655 laudari

218 672 341 704 solent.
385 670 467 704 Vid.
490 671 612 705 Heins.
637 672 682 705 ad
704 671 808 705 Ovid.
836 672 926 706 Met.

220 731 254 754 v.
271 725 326 754 59.
343 726 379 755 et
392 732 456 755 nos
483 723 527 755 ad
552 723 694 758 Quinct.
718 724 875 756 Decium.
891 733 926 756 v.

218 772 319 806 etita
334 772 425 805 idem
451 773 526 807 haec
553 774 659 807 verba
682 775 813 812 volunt,
836 774 926 818 quod

219 823 263 856 de
290 825 358 856 alia
382 834 419 857 re
447 825 566 858 Florus
581 825 680 866 dixit,
701 834 758 859 111.
774 829 829 858 12.
851 826 862 844 ‘
876 827 927 859 Ut

218 884 285 907 non
301 875 337 907 in
352 885 463 918 usum,
475 876 526 908 ita
542 877 587 909 ad
602 877 750 919 speciem
763 875 784 911 :'
802 882 836 910 et
848 877 928 911 Jus-

219 927 282 960 tin.
299 936 375 960 x1v.
397 930 428 961 6.
450 927 461 946 ‘
477 928 664 970 Speciosus
690 929 796 971 magis
823 939 926 972 quam

219 977 314 1010 utilis
330 977 442 1020 grex!
466 979 581 1011 Bur-m.
646 989 655 996 ·

261 1032 282 1061 2
306 1029 464 1071 Inveniri]
486 1030 684 1073 Eleganter,
707 1030 743 1062 in
764 1033 927 1072 respectu

217 1078 263 1111 ad
287 1079 501 1121 inopinatum
527 1085 702 1114 eventum.
747 1081 927 1115 Quomodo

219 1130 385 1163 Germani
402 1132 469 1164 mei
483 1142 492 1163 :
516 1132 574 1164 Ich
588 1132 707 1175 befinde
725 1133 791 1165 ἀίει
804 1134 927 1167 anders.

218 1182 266 1213 Et
278 1182 372 1214 Galli
383 1194 391 1214 z
409 1183 452 1214 Je
461 1186 570 1215 trouve
580 1183 646 1216 cela
657 1183 728 1216 bien
739 1186 926 1216 autrement.

218 1231 275 1264 Sic
301 1233 440 1265 Terent.
464 1233 618 1266 Eunuch.
647 1232 726 1265 Act.
751 1242 786 1265 v.
816 1234 870 1266 Sc.
894 1236 927 1266 8.

217 1282 227 1299 ⁴
256 1283 330 1315 Scis
355 1283 572 1325 Pamphilam
601 1293 713 1316 meam
752 1284 926 1316 inventam

218 1333 361 1365 civem?
417 1335 578 1367 Donatus
605 1334 682 1367 hic:
718 1335 728 1352 ‘
750 1334 927 1376 Inventam,

219 1384 418 1425 cognitam!
439 1384 544 1424 Schef.

263 1435 345 1467 Haec
358 1436 461 1468 exerit
472 1435 628 1478 narratio]
651 1435 736 1469 Mss.
747 1436 846 1469 Rem.
861 1436 928 1468 haec

218 1487 280 1519 erit
303 1487 456 1520 narratio.
500 1488 657 1520 Pithoeus
679 1489 781 1520 exerit
804 1487 926 1521 edidit.

217 1536 275 1570 Sic
291 1537 444 1570 Seneca:
469 1537 480 1556 ‘
496 1538 622 1570 mentis
642 1541 779 1571 secreta
793 1548 851 1571 ore
867 1548 926 1571 ex·

218 1588 310 1621 erit.'
354 1589 390 1621 Si
407 1588 481 1631 quis
495 1593 612 1622 tamen
627 1589 748 1631 scripti
762 1588 842 1621 libri
856 1589 926 1621 lec-

218 1639 345 1671 tionem
362 1639 452 1672 tueri
467 1639 578 1680 malit,
603 1649 648 1672 ne
663 1640 699 1672 in
717 1643 828 1672 metro
843 1640 926 1682 quid

217 1689 405 1731 desideret,
428 1691 611 1732 praestabit
631 1691 849 1734 aspirationis
874 1701 926 1725 ra-

218 1740 277 1773 tio.
306 1741 479 1773 Senec.iu
491 1741 660 1774 Octavia:
684 1741 927 1774 ‘'TristesPhi-

215 1790 315 1833 lippi,
328 1791 443 1823 hausit
458 1794 495 1823 et
510 1791 659 1823 Siculum
675 1791 796 1824 mare!
826 1791 926 1823 Idem

215 1841 252 1873 in
269 1841 446 1884 Agamem.
467 1842 478 1860 ‘
495 1842 588 1874 Hinc
614 1843 747 1875 scelere
774 1843 925 1875 Lemnon

216 1891 381 1932 nobilem,
404 1892 483 1925 hinc
499 1892 688 1926 Chalcida!
715 1893 803 1926 Gud.

261 1943 393 1985 Exerit]
410 1944 544 1985 Prodit,
554 1944 678 1987 aperit,
686 1948 804 1976 notum
820 1942 923 1977 facit:

218 1993 263 2026 de
275 2004 330 2035 eo,
340 1995 431 2037 quod
445 1994 591 2036 latebat,
602 1994 835 2037 ignorabatur.
867 1995 924 2027 Sic

218 2045 323 2078 Ovid.
348 2046 392 2078 ad
408 2046 525 2079 Pison.
547 2047 557 2064 ‘
573 2046 744 2088 Tu,Piso,
759 2044 925 2079 latentem

216 2096 352 2129 Exere.'
396 2097 443 2129 Et
458 2097 550 2139 apud
565 2098 732 2130 Senecam
758 2097 794 2129 in
817 2097 923 2130 Herc.

218 2146 291 2178 OEt.
317 2147 327 2165 ‘
349 2146 493 2179 Mentis.
516 2152 653 2180 secreta
680 2147 834 2181 exerere'
873 2149 923 2180 in-

216 2198 344 2230 venias.
397 2198 563 2231 Heinsius
591 2198 678 2240 legit
715 2199 839 2241 usserit,
867 2199 923 2231 vel

216 2248 354 2281 disserit.
378 2248 492 2281 Schef.

259 2301 279 2330 3
305 2298 438 2339 Cervus]
462 2299 552 2332 Haec
567 2298 672 2331 etiam
692 2298 809 2332 fabula
833 2300 924 2332 inter

216 2347 385 2380 Arabicas
412 2349 598 2382 Locmanni
620 2359 702 2392 pag.
727 2352 759 2382 3.
781 2351 920 2393 legitur.

216 2399 332 2431 Burm.

259 2450 411 2493 Restitit]
432 2451 510 2492 Est,
524 2451 632 2485 stetit.
643 2451 760 2485 Plaut.
770 2452 921 2485 Trinum.

214 2510 275 2534 ιιι.
305 2512 354 2536 sc.
385 2505 418 2534 2.
451 2503 462 2520 ‘
483 2503 643 2546 Stasime,
674 2506 782 2535 restas
805 2502 921 2536 solus)

215 2552 358 2584 Terent.
371 2553 507 2585 Phorm.
521 2563 556 2586 v.
571 2556 604 2587 6.
619 2555 629 2572 ‘
641 2553 684 2586 Id
699 2552 836 2596 quidem
846 2554 921 2595 jam

215 2603 280 2636 tibi
306 2604 380 2646 fiet,
401 2605 468 2637 nisi
487 2606 630 2646 resistis,
650 2605 820 2638 verbero.'
843 2606 921 2638 Vir-

216 2654 317 2695 gilius
343 2654 421 2688 AEn.
446 2665 472 2686 1.
493 2656 505 2673 ‘
528 2656 675 2689 Restitit
689 2655 826 2697 AEneas,
852 2656 921 2689 cla-

216 2714 321 2747 raque
339 2705 373 2736 in
387 2706 464 2738 luce
480 2705 636 2739 refulsi&
673 2705 811 2739 Curtius
826 2716 861 2745 v.
887 2711 918 2739 c.

215 2757 247 2787 2.
270 2757 279 2773 ‘
296 2757 432 2798 Donec,
447 2761 486 2789 ut
502 2756 728 2799 considerem,
742 2766 921 2799 annueres,

215 2806 354 2839 restiti?
400 2806 500 2842 Adde
528 2808 672 2843 Terent.
703 2807 791 2842 Eun.
818 2808 861 2843 A.
879 2817 919 2842 u.

686 215 829 251 NO'I'AE
861 218 1130 253 vammum
1166 220 1217 253 IN

976 314 1034 349 Sc.
1056 317 1088 349 8.
1111 331 1113 334 ·
1132 315 1212 359 Ipse
1237 319 1355 350 noster
1382 315 1471 349 infra
1500 315 1557 350 lib.
1574 324 1632 350 m.
1648 318 1684 351 δ”.

975 365 988 384 ⁴
1001 366 1201 400 salutantes
1221 366 1301 400 dein
1321 367 1470 401 invicem
1485 367 1534 400 Ut
1547 367 1684 402 restite·

977 416 1081 449 runt!
1103 416 1211 457 &kd-

1018 469 1040 500 4
1068 467 1111 501 Et
1124 468 1159 501 in
1172 468 1290 511 liquore
1304 468 1399 510 vidit,
1421 468 1491 511 fisa]
1513 469 1597 511 Ipse
1612 477 1642 502 s.
1656 467 1684 502 f.

976 519 1010 550 4.
1053 518 1269 561 Lympharum
1290 520 1326 553 in
1343 521 1464 563 spendo
1483 519 1568 554 vidit
1587 519 1684 552 siusu-

976 570 1095 602 lacrum
1109 579 1209 604 mum.
1233 570 1313 613 lug.

1020 624 1040 653 5
1075 621 1214 654 Rumon
1238 622 1369 664 comico]
1405 622 1520 656 Etiam
1545 623 1610 656 hoe
1638 631 1685 656 ex

976 672 1124 715 Virgilio
1139 673 1348 715 expressisse
1362 673 1438 707 vult
1456 673 1492 707 in
1510 674 1603 708 notis
1614 674 1686 707 suls

978 723 1102 766 Faber,
1123 723 1183 767 qui
1207 724 1354 757 alicubi:
1375 724 1386 742 ⁴
1402 723 1572 758 Cornibus
1586 724 1685 758 ubo*

978 773 1069 807 reis.’
1090 775 1217 808 Remos
1235 779 1348 807 tamen
1363 775 1434 808 dici
1447 784 1506 808 eos
1519 784 1685 809 eentum

978 825 1115 857 aculeos
1141 826 1282 868 vulgare
1297 830 1362 858 est.
1407 825 1543 859 Plinius
1554 834 1640 860 vnt-
1653 835 1685 859 c.

977 878 1030 909 32.
1051 877 1062 895 ‘
1078 876 1214 910 Indicia
1229 877 1344 911 aetatis
1358 877 1393 910 iu
1408 877 1475 911 illis
1491 875 1688 920 [comba]

978 931 1116 969 gerunt,
1147 928 1289 971 singulis
1316 930 1415 963 annis
1443 928 1686 972 adjicientibus

977 978 1112 1012 ramos!
1135 977 1240 1019 scm.
1595 988 1597 991 ’

1019 1030 1156 1063 Ramosa
1169 1030 1289 1064 mirans
1300 1031 1410 1064 laudat
1429 1028 1560 1072 mua]
1581 1029 1686 1063 Dosi-

977 1081 1077 1114 theus
1093 1081 1274 1123 magister:
1297 1080 1349 1114 nsi
1362 1080 1504 1122 μάλιστα
1513 1076 1686 1124 psum

975 1132 1036 1171 τὴν
1046 1131 1142 1174 φύσιν
1152 1135 1217 1166 τῶν
1227 1131 1364 1176 κεράτων
1372 1130 1637 1173 &mumdum
1643 1129 1686 1165 {b

976 1182 1080 1216 πολὺν
1094 1183 1181 1226 ἀέρα.
1205 1185 1284 1225 Rig.

1020 1237 1040 1266 7
1060 1235 1251 1276 Venantum]
1263 1234 1587 1276 Pr0,Venatorum.
1616 1232 1684 1266 Lu-

977 1289 1066 1318 cret.
1094 1285 1156 1318 lib.
1180 1294 1231 1318 iv.
1258 1285 1549 1326 ‘Venantumque
1578 1292 1683 1316 canes

976 1335 1011 1367 in
1035 1335 1127 1367 molli
1157 1344 1252 1377 saepe
1276 1335 1395 1377 quiete
1411 1334 1557 1368 Jactant
1581 1343 1685 1367 crura

977 1390 1091 1418 tamen
1112 1384 1252 1419 subito.'
1276 1384 1406 1427 Schiop.
1451 1384 1535 1426 Pro,
1557 1393 1685 1417 venan-

977 1436 1082 1476 tium;
1103 1436 1168 1469 hoc
1191 1439 1259 1476 est,
1282 1439 1505 1474 venatorum;
1529 1438 1570 1466 ut
1593 1434 1684 1476 apud

976 1486 1175 1529 Virgilium,
1187 1486 1198 1504 ‘
1209 1484 1414 1525 natantum:
1431 1485 1441 1503 ‘
1456 1488 1664 1527 peccantum
1668 1485 1688 1526 ,'

977 1536 987 1554 ‘
1002 1535 1248 1577 recusantum,'
1262 1539 1363 1578 atque
1374 1535 1475 1577 plura
1488 1534 1566 1568 alia.
1578 1534 1686 1574 def.

977 1587 1036 1620 Ita
1060 1587 1070 1607 ⁴
1087 1586 1253 1620 volantes'
1285 1585 1433 1627 Virgilio
1459 1590 1552 1627 sunt,
1581 1593 1690 1626 aves3

976 1639 986 1656 ‘
1009 1637 1184 1671 natantes’
1207 1637 1343 1680 piscem
1363 1637 1374 1656 ‘
1401 1636 1600 1669 medente-⁹
1621 1636 1686 1668 Lu-

978 1689 1088 1722 cretio
1103 1693 1141 1722 et
1153 1689 1228 1721 aliis
1243 1687 1388 1728 medici;
1410 1687 1470 1730 qui
1484 1686 1586 1720 Celso
1602 1686 1613 1706 ‘
1629 1696 1686 1720 cu-

976 1739 1118 1772 rantes!
1163 1740 1311 1771 Veteres
1334 1738 1424 1770 enim
1446 1737 1592 1770 nominis
1605 1737 1683 1770 loco

975 1790 1146 1823 interdum
1178 1788 1371 1831 participiis
1409 1787 1611 1829 utebantur,
1646 1791 1685 1820 et

977 1841 1054 1874 viee
1070 1850 1182 1881 versa,
1203 1843 1263 1872 nt:
1286 1839 1297 1858 ‘
1314 1839 1409 1871 Hinc
1434 1839 1599 1880 populum
1614 1838 1684 1871 late

976 1892 1114 1935 regem!
1161 1892 1335 1925 Caeterum
1355 1890 1484 1933 AEsopo
1505 1890 1590 1925 Fab.
1606 1893 1683 1924 184.

975 1947 1120 1976 venator
1144 1943 1204 1975 ille
1233 1946 1290 1975 est
1316 1943 1383 1975 leo.
1413 1941 1547 1974 Pmch.
1600 1941 1683 1975 Vid.

975 1993 1128 2036 Giphan.
1151 1993 1265 2026 Indic.
1281 1994 1423 2026 Lucret.
1443 1991 1478 2024 in
1490 1993 1662 2026 medentes.

1018 2043 1144 2085 Subito]
1162 2043 1255 2076 Puto
1269 2042 1452 2085 legendum
1465 2041 1596 2076 nuh'tio:
1612 2042 1682 2084 vel,

975 2099 1015 2128 ut
1034 2093 1156 2127 fabula
1176 2094 1357 2136 superiore
1371 2094 1603 2136 exposuimus,
1625 2103 1683 2127 nc-

974 2146 1171 2189 cipiendum
1186 2156 1229 2179 ex
1245 2146 1406 2188 abrupto.
1429 2145 1518 2178 θεά.

1022 2198 1168 2240 Vocibus]
1202 2198 1378 2231 Consueto
1414 2196 1576 2238 clamore,
1613 2200 1682 2239 qno

971 2248 1152 2280 hortantur
1168 2257 1271 2280 canes
1285 2258 1295 2288 ς
1318 2246 1400 2280 vide
1416 2246 1523 2280 Ovid.
1538 2247 1626 2280 Met.
1638 2256 1681 2280 ιι.

972 2308 1004 2331 v.
1021 2301 1096 2331 241.
1120 2302 1158 2331 et
1171 2298 1220 2331 ibi
1236 2298 1357 2331 Heins.
1380 2297 1487 2337 Scires.

1014 2353 1036 2383 8
1061 2351 1164 2382 Cursu
1186 2349 1263 2391 levi]
1286 2348 1411 2391 Facili,
1431 2349 1547 2382 celeri.
1592 2348 1680 2381 Mai-

971 2401 1038 2433 lem
1053 2404 1182 2442 tamen,
1207 2400 1295 2434 levio.
1339 2400 1430 2433 Nam
1445 2401 1495 2433 sic
1509 2399 1605 2441 Virg.
1620 2399 1677 2431 lib.

971 2459 1039 2483 xn.
1063 2450 1107 2483 de
1123 2451 1300 2493 Messapo,
1320 2450 1332 2469 ⁸
1346 2451 1450 2483 Levis
1464 2449 1592 2491 cursus
1611 2452 1677 2483 διο.

970 2503 1017 2534 Et
1031 2502 1120 2535 solet
1140 2501 1280 2544 proprie
1304 2500 1350 2533 de
1372 2501 1486 2534 cervis
1507 2501 1676 2543 usurpari.

969 2553 1068 2586 Idem
1086 2554 1160 2587 Ecl.
1173 2563 1199 2586 1.
1221 2554 1232 2572 ‘
1247 2553 1343 2586 Ante
1369 2553 1465 2586 leves
1490 2561 1574 2594 ergo
1601 2563 1678 2595 pas-

969 2611 1094 2638 centur
1108 2607 1142 2638 in
1159 2607 1288 2639 aethere
1303 2604 1419 2639 cervi?
1443 2605 1549 2644 Schef.
1595 2606 1675 2638 Non

969 2656 1092 2688 damno
1104 2657 1189 2689 illud
1201 2655 1367 2689 Schefferi
1380 2657 1474 2688 levis.-
1487 2657 1537 2689 ita
1550 2657 1560 2675 ‘
1573 2657 1675 2690 Levis

969 2715 1050 2738 ense
1079 2706 1194 2747 nudo,'
1222 2706 1320 2748 Virg.
1347 2705 1424 2738 AEn.
1452 2715 1504 2738 rx.
1531 2708 1607 2740 548.
1629 2707 1678 2739 de-

968 2766 1034 2799 quo
1049 2757 1148 2799 plura
1167 2757 1211 2789 ad
1226 2757 1344 2789 Valer.
1359 2757 1453 2789 Flac.
1468 2766 1495 2789 1.
1512 2759 1587 2790 382.
1610 2758 1673 2790 sed

968 2813 1004 2843 et
1034 2809 1174 2852 vulgata
1203 2813 1319 2852 potest
1345 2808 1453 2852 ferri3
1472 2809 1522 2843 sic
1545 2810 1555 2829 ‘
1578 2811 1671 2843 volu-
