<?xml version="1.0" encoding="UTF-8"?>
<!DOCTYPE html PUBLIC "-//W3C//DTD XHTML 1.0 Transitional//EN"
    "http://www.w3.org/TR/xhtml1/DTD/xhtml1-transitional.dtd">
<html xmlns="http://www.w3.org/1999/xhtml" xml:lang="en" lang="en">
 <head>
  <title>
</title>
<meta http-equiv="Content-Type" content="text/html;charset=utf-8" />
  <meta name='ocr-system' content='tesseract 3.04.00' />
  <meta name='ocr-capabilities' content='ocr_page ocr_carea ocr_par ocr_line ocrx_word'/>
</head>
<body>
  <div class='ocr_page' id='page_1' title='image "./fabualeaesopiae00phaeuoft_0309.png"; bbox 0 0 1806 3236; ppageno 0'>
   <div class='ocr_carea' id='block_1_1' title="bbox 731 190 1622 236">
    <p class='ocr_par' dir='ltr' id='par_1_1' title="bbox 731 190 1622 236">
     <span class='ocr_line' id='line_1_1' title="bbox 731 190 1622 236; baseline 0.004 -4"><span class='ocrx_word' id='word_1_1' title='bbox 731 200 932 233; x_wconf 72' lang='lat' dir='ltr'>FABULA</span> <span class='ocrx_word' id='word_1_2' title='bbox 961 190 1035 234; x_wconf 78' lang='lat'><strong>20.</strong></span> <span class='ocrx_word' id='word_1_3' title='bbox 1533 192 1622 236; x_wconf 82' lang='grc'><strong>297</strong></span> 
     </span>
    </p>
   </div>
   <div class='ocr_carea' id='block_1_2' title="bbox 135 295 1621 1316">
    <p class='ocr_par' dir='ltr' id='par_1_2' title="bbox 146 295 1071 350">
     <span class='ocr_line' id='line_1_2' title="bbox 146 295 1071 350; baseline -0.001 -8"><span class='ocrx_word' id='word_1_4' title='bbox 146 297 358 342; x_wconf 70' lang='lat' dir='ltr'><strong>Praedam</strong></span> <span class='ocrx_word' id='word_1_5' title='bbox 375 296 422 340; x_wconf 90' lang='lat' dir='ltr'><strong>in</strong></span> <span class='ocrx_word' id='word_1_6' title='bbox 439 295 607 348; x_wconf 84' lang='lat' dir='ltr'><strong>cubile,</strong></span> <span class='ocrx_word' id='word_1_7' title='bbox 627 295 804 339; x_wconf 87' lang='lat' dir='ltr'><strong>haberet</strong></span> <span class='ocrx_word' id='word_1_8' title='bbox 817 299 865 339; x_wconf 92' lang='lat' dir='ltr'><strong>ut</strong></span> <span class='ocrx_word' id='word_1_9' title='bbox 883 297 1071 350; x_wconf 86' lang='lat' dir='ltr'><strong>cibaria,</strong></span> 
     </span>
    </p>

    <p class='ocr_par' dir='ltr' id='par_1_3' title="bbox 145 365 1103 423">
     <span class='ocr_line' id='line_1_3' title="bbox 145 365 1103 423; baseline -0.002 -13"><span class='ocrx_word' id='word_1_10' title='bbox 145 366 290 420; x_wconf 82' lang='lat' dir='ltr'><strong>Queis</strong></span> <span class='ocrx_word' id='word_1_11' title='bbox 304 365 456 423; x_wconf 89' lang='lat' dir='ltr'><strong>plures</strong></span> <span class='ocrx_word' id='word_1_12' title='bbox 475 369 637 422; x_wconf 87' lang='lat' dir='ltr'><strong>posset</strong></span> <span class='ocrx_word' id='word_1_13' title='bbox 652 377 833 408; x_wconf 91' lang='lat' dir='ltr'><strong>menses</strong></span> <span class='ocrx_word' id='word_1_14' title='bbox 854 366 948 408; x_wconf 91' lang='lat' dir='ltr'><strong>otio</strong></span> <span class='ocrx_word' id='word_1_15' title='bbox 968 365 1068 409; x_wconf 88' lang='lat' dir='ltr'><strong>frui.</strong></span> <span class='ocrx_word' id='word_1_16' title='bbox 1089 410 1103 414; x_wconf 77' lang='lat'><strong>,</strong></span> 
     </span>
    </p>

    <p class='ocr_par' dir='ltr' id='par_1_4' title="bbox 145 433 1071 492">
     <span class='ocr_line' id='line_1_4' title="bbox 145 433 1071 492; baseline -0.002 -13"><span class='ocrx_word' id='word_1_17' title='bbox 145 435 322 492; x_wconf 84' lang='lat' dir='ltr'><strong>Vulpes</strong></span> <span class='ocrx_word' id='word_1_18' title='bbox 341 438 391 478; x_wconf 88' lang='lat' dir='ltr'><strong>ut</strong></span> <span class='ocrx_word' id='word_1_19' title='bbox 408 435 551 487; x_wconf 88' lang='lat' dir='ltr'><strong>novit,</strong></span> <span class='ocrx_word' id='word_1_20' title='bbox 573 434 631 477; x_wconf 87' lang='lat' dir='ltr'><strong>ad</strong></span> <span class='ocrx_word' id='word_1_21' title='bbox 651 433 801 477; x_wconf 85' lang='lat' dir='ltr'><strong>cubile</strong></span> <span class='ocrx_word' id='word_1_22' title='bbox 820 434 916 477; x_wconf 89' lang='lat' dir='ltr'><strong>abit</strong></span> <span class='ocrx_word' id='word_1_23' title='bbox 935 434 1071 491; x_wconf 89' lang='lat' dir='ltr'><strong>Lupi,</strong></span> 
     </span>
    </p>

    <p class='ocr_par' dir='ltr' id='par_1_5' title="bbox 143 501 1621 628">
     <span class='ocr_line' id='line_1_5' title="bbox 143 501 1621 555; baseline 0 -8"><span class='ocrx_word' id='word_1_24' title='bbox 143 503 202 547; x_wconf 83' lang='lat' dir='ltr'><strong>Et</strong></span> <span class='ocrx_word' id='word_1_25' title='bbox 219 516 333 547; x_wconf 82' lang='lat' dir='ltr'><strong>voce</strong></span> <span class='ocrx_word' id='word_1_26' title='bbox 354 503 568 546; x_wconf 90' lang='lat' dir='ltr'><strong>tremula:</strong></span> <span class='ocrx_word' id='word_1_27' title='bbox 597 501 674 545; x_wconf 92' lang='lat' dir='ltr'><strong>An</strong></span> <span class='ocrx_word' id='word_1_28' title='bbox 692 505 825 554; x_wconf 89' lang='lat' dir='ltr'><strong>recte,</strong></span> <span class='ocrx_word' id='word_1_29' title='bbox 843 501 994 555; x_wconf 81' lang='lat' dir='ltr'><strong>frater,</strong></span> <span class='ocrx_word' id='word_1_30' title='bbox 1013 504 1163 547; x_wconf 88' lang='lat' dir='ltr'><strong>omnia</strong></span> <span class='ocrx_word' id='word_1_31' title='bbox 1174 506 1195 546; x_wconf 69' lang='grc' dir='ltr'><strong>’ἱ</strong></span> <span class='ocrx_word' id='word_1_32' title='bbox 1592 510 1621 551; x_wconf 86' lang='grc'><em>5</em></span> 
     </span>
     <span class='ocr_line' id='line_1_6' title="bbox 144 571 1098 628; baseline -0.001 -12"><span class='ocrx_word' id='word_1_33' title='bbox 144 571 281 625; x_wconf 80' lang='lat' dir='ltr'><strong>Quod</strong></span> <span class='ocrx_word' id='word_1_34' title='bbox 301 576 345 616; x_wconf 90' lang='lat' dir='ltr'><strong>te</strong></span> <span class='ocrx_word' id='word_1_35' title='bbox 359 585 451 615; x_wconf 90' lang='lat' dir='ltr'><strong>nou</strong></span> <span class='ocrx_word' id='word_1_36' title='bbox 465 572 559 615; x_wconf 87' lang='lat' dir='ltr'><strong>vidi</strong></span> <span class='ocrx_word' id='word_1_37' title='bbox 578 572 718 628; x_wconf 88' lang='lat' dir='ltr'><strong>sylvis</strong></span> <span class='ocrx_word' id='word_1_38' title='bbox 737 574 974 615; x_wconf 79' lang='lat' dir='ltr'><strong>venantem</strong></span> <span class='ocrx_word' id='word_1_39' title='bbox 993 572 1098 624; x_wconf 86' lang='lat' dir='ltr'><strong>tuis,</strong></span> 
     </span>
    </p>

    <p class='ocr_par' dir='ltr' id='par_1_6' title="bbox 141 639 1052 696">
     <span class='ocr_line' id='line_1_7' title="bbox 141 639 1052 696; baseline 0 -12"><span class='ocrx_word' id='word_1_40' title='bbox 141 640 336 684; x_wconf 84' lang='lat' dir='ltr'><strong>Tristem</strong></span> <span class='ocrx_word' id='word_1_41' title='bbox 355 653 435 696; x_wconf 86' lang='lat' dir='ltr'><strong>per</strong></span> <span class='ocrx_word' id='word_1_42' title='bbox 454 653 609 684; x_wconf 90' lang='lat' dir='ltr'><strong>omnes</strong></span> <span class='ocrx_word' id='word_1_43' title='bbox 627 640 760 695; x_wconf 85' lang='lat' dir='ltr'><strong>exegi</strong></span> <span class='ocrx_word' id='word_1_44' title='bbox 781 639 918 683; x_wconf 86' lang='lat' dir='ltr'><strong>vitam</strong></span> <span class='ocrx_word' id='word_1_45' title='bbox 936 639 1052 684; x_wconf 91' lang='lat' dir='ltr'><strong>dies.</strong></span> 
     </span>
    </p>

    <p class='ocr_par' dir='ltr' id='par_1_7' title="bbox 141 705 1217 765">
     <span class='ocr_line' id='line_1_8' title="bbox 141 705 1217 765; baseline 0.001 -12"><span class='ocrx_word' id='word_1_46' title='bbox 141 705 318 765; x_wconf 70' lang='lat' dir='ltr'><strong>Lupus,</strong></span> <span class='ocrx_word' id='word_1_47' title='bbox 338 709 526 753; x_wconf 87' lang='lat' dir='ltr'><strong>livorem</strong></span> <span class='ocrx_word' id='word_1_48' title='bbox 544 712 785 765; x_wconf 83' lang='lat' dir='ltr'><strong>postquam</strong></span> <span class='ocrx_word' id='word_1_49' title='bbox 806 709 992 763; x_wconf 89' lang='lat' dir='ltr'><strong>agnovit</strong></span> <span class='ocrx_word' id='word_1_50' title='bbox 1010 711 1185 754; x_wconf 84' lang='lat' dir='ltr'><strong>aemulae</strong></span> <span class='ocrx_word' id='word_1_51' title='bbox 1206 725 1217 754; x_wconf 92' lang='lat'><strong>:</strong></span> 
     </span>
    </p>

    <p class='ocr_par' dir='ltr' id='par_1_8' title="bbox 141 777 1104 832">
     <span class='ocr_line' id='line_1_9' title="bbox 141 777 1104 832; baseline 0.002 -11"><span class='ocrx_word' id='word_1_52' title='bbox 141 777 253 821; x_wconf 90' lang='lat' dir='ltr'><strong>Non</strong></span> <span class='ocrx_word' id='word_1_53' title='bbox 271 781 321 821; x_wconf 89' lang='lat' dir='ltr'><strong>tu</strong></span> <span class='ocrx_word' id='word_1_54' title='bbox 336 778 521 822; x_wconf 91' lang='lat' dir='ltr'><strong>solicita</strong></span> <span class='ocrx_word' id='word_1_55' title='bbox 537 778 626 820; x_wconf 90' lang='lat' dir='ltr'><strong>huc</strong></span> <span class='ocrx_word' id='word_1_56' title='bbox 646 790 786 821; x_wconf 91' lang='lat' dir='ltr'><strong>causa</strong></span> <span class='ocrx_word' id='word_1_57' title='bbox 805 778 969 822; x_wconf 87' lang='lat' dir='ltr'><strong>venisti</strong></span> <span class='ocrx_word' id='word_1_58' title='bbox 987 793 1104 832; x_wconf 90' lang='lat' dir='ltr'><strong>mea,</strong></span> 
     </span>
    </p>

    <p class='ocr_par' dir='ltr' id='par_1_9' title="bbox 141 846 1616 972">
     <span class='ocr_line' id='line_1_10' title="bbox 141 846 1616 905; baseline 0.003 -14"><span class='ocrx_word' id='word_1_59' title='bbox 141 847 231 891; x_wconf 86' lang='lat' dir='ltr'><strong>Sed</strong></span> <span class='ocrx_word' id='word_1_60' title='bbox 250 851 422 905; x_wconf 86' lang='lat' dir='ltr'><strong>partem</strong></span> <span class='ocrx_word' id='word_1_61' title='bbox 441 851 493 891; x_wconf 90' lang='lat' dir='ltr'><strong>ut</strong></span> <span class='ocrx_word' id='word_1_62' title='bbox 509 851 683 903; x_wconf 85' lang='lat' dir='ltr'><strong>captes.</strong></span> <span class='ocrx_word' id='word_1_63' title='bbox 743 846 920 889; x_wconf 85' lang='lat' dir='ltr'><strong>Fraude</strong></span> <span class='ocrx_word' id='word_1_64' title='bbox 941 848 1051 903; x_wconf 91' lang='lat' dir='ltr'><strong>quid</strong></span> <span class='ocrx_word' id='word_1_65' title='bbox 1071 851 1219 904; x_wconf 87' lang='lat' dir='ltr'><strong>petas,</strong></span> <span class='ocrx_word' id='word_1_66' title='bbox 1242 849 1353 892; x_wconf 91' lang='lat' dir='ltr'><strong>scio.</strong></span> <span class='ocrx_word' id='word_1_67' title='bbox 1559 853 1616 895; x_wconf 88' lang='grc'><strong>10</strong></span> 
     </span>
     <span class='ocr_line' id='line_1_11' title="bbox 141 913 1092 972; baseline 0.001 -13"><span class='ocrx_word' id='word_1_68' title='bbox 141 915 264 959; x_wconf 83' lang='lat' dir='ltr'><strong>Irata</strong></span> <span class='ocrx_word' id='word_1_69' title='bbox 282 915 450 972; x_wconf 87' lang='lat' dir='ltr'><strong>Vulpis</strong></span> <span class='ocrx_word' id='word_1_70' title='bbox 468 914 527 958; x_wconf 86' lang='lat' dir='ltr'><strong>ad</strong></span> <span class='ocrx_word' id='word_1_71' title='bbox 547 916 700 959; x_wconf 86' lang='lat' dir='ltr'><strong>ovium</strong></span> <span class='ocrx_word' id='word_1_72' title='bbox 718 913 956 959; x_wconf 79' lang='lat' dir='ltr'><strong>Pastorem</strong></span> <span class='ocrx_word' id='word_1_73' title='bbox 976 916 1092 960; x_wconf 85' lang='lat' dir='ltr'><strong>adit:</strong></span> 
     </span>
    </p>

    <p class='ocr_par' dir='ltr' id='par_1_10' title="bbox 139 983 1042 1040">
     <span class='ocr_line' id='line_1_12' title="bbox 139 983 1042 1040; baseline 0.002 -14"><span class='ocrx_word' id='word_1_74' title='bbox 139 983 334 1039; x_wconf 88' lang='lat' dir='ltr'><strong>Agesne,</strong></span> <span class='ocrx_word' id='word_1_75' title='bbox 352 985 531 1037; x_wconf 83' lang='lat' dir='ltr'><strong>Pastor,</strong></span> <span class='ocrx_word' id='word_1_76' title='bbox 551 984 710 1040; x_wconf 90' lang='lat' dir='ltr'><strong>inquit,</strong></span> <span class='ocrx_word' id='word_1_77' title='bbox 729 984 893 1039; x_wconf 81' lang='lat' dir='ltr'><strong>gratias</strong></span> <span class='ocrx_word' id='word_1_78' title='bbox 913 984 1042 1038; x_wconf 81' lang='lat' dir='ltr'><strong>mihi,</strong></span> 
     </span>
    </p>

    <p class='ocr_par' dir='ltr' id='par_1_11' title="bbox 140 1052 1101 1109">
     <span class='ocr_line' id='line_1_13' title="bbox 140 1052 1101 1109; baseline 0.001 -13"><span class='ocrx_word' id='word_1_79' title='bbox 140 1054 375 1098; x_wconf 87' lang='lat' dir='ltr'><strong>Inimicum</strong></span> <span class='ocrx_word' id='word_1_80' title='bbox 393 1055 433 1098; x_wconf 90' lang='lat' dir='ltr'><strong>si</strong></span> <span class='ocrx_word' id='word_1_81' title='bbox 450 1053 674 1097; x_wconf 86' lang='lat' dir='ltr'><strong>tradidero</strong></span> <span class='ocrx_word' id='word_1_82' title='bbox 693 1052 830 1095; x_wconf 91' lang='lat' dir='ltr'><strong>hodie</strong></span> <span class='ocrx_word' id='word_1_83' title='bbox 849 1053 998 1109; x_wconf 84' lang='lat' dir='ltr'><strong>gregis</strong></span> <span class='ocrx_word' id='word_1_84' title='bbox 1017 1053 1101 1106; x_wconf 77' lang='lat' dir='ltr'><strong>tui,</strong></span> 
     </span>
    </p>

    <p class='ocr_par' dir='ltr' id='par_1_12' title="bbox 139 1121 1239 1178">
     <span class='ocr_line' id='line_1_14' title="bbox 139 1121 1239 1178; baseline 0.001 -13"><span class='ocrx_word' id='word_1_85' title='bbox 139 1122 205 1165; x_wconf 91' lang='lat' dir='ltr'><strong>Ut</strong></span> <span class='ocrx_word' id='word_1_86' title='bbox 220 1135 450 1178; x_wconf 89' lang='lat' dir='ltr'><strong>nunquam</strong></span> <span class='ocrx_word' id='word_1_87' title='bbox 470 1122 535 1165; x_wconf 89' lang='lat' dir='ltr'><strong>sis</strong></span> <span class='ocrx_word' id='word_1_88' title='bbox 556 1121 790 1164; x_wconf 69' lang='lat' dir='ltr'><strong>solicitus?</strong></span> <span class='ocrx_word' id='word_1_89' title='bbox 822 1121 999 1174; x_wconf 86' lang='lat' dir='ltr'><strong>Pastor,</strong></span> <span class='ocrx_word' id='word_1_90' title='bbox 1030 1121 1239 1166; x_wconf 84' lang='lat' dir='ltr'><strong>Serviam</strong></span> 
     </span>
    </p>

    <p class='ocr_par' dir='ltr' id='par_1_13' title="bbox 135 1190 1617 1316">
     <span class='ocr_line' id='line_1_15' title="bbox 135 1190 1617 1248; baseline 0.005 -14"><span class='ocrx_word' id='word_1_91' title='bbox 135 1190 258 1243; x_wconf 81' lang='lat' dir='ltr'><strong>Tibi,</strong></span> <span class='ocrx_word' id='word_1_92' title='bbox 277 1191 436 1248; x_wconf 88' lang='lat' dir='ltr'><strong>inquit,</strong></span> <span class='ocrx_word' id='word_1_93' title='bbox 458 1191 650 1234; x_wconf 87' lang='lat' dir='ltr'><strong>tribuam</strong></span> <span class='ocrx_word' id='word_1_94' title='bbox 669 1195 731 1243; x_wconf 86' lang='lat' dir='ltr'><strong>et,</strong></span> <span class='ocrx_word' id='word_1_95' title='bbox 748 1191 968 1247; x_wconf 90' lang='lat' dir='ltr'><strong>quicquid</strong></span> <span class='ocrx_word' id='word_1_96' title='bbox 987 1191 1200 1246; x_wconf 82' lang='lat' dir='ltr'><strong>volueris,</strong></span> <span class='ocrx_word' id='word_1_97' title='bbox 1218 1193 1393 1238; x_wconf 87' lang='lat' dir='ltr'><strong>lubens.</strong></span> <span class='ocrx_word' id='word_1_98' title='bbox 1559 1199 1617 1242; x_wconf 88' lang='grc'><strong>15</strong></span> 
     </span>
     <span class='ocr_line' id='line_1_16' title="bbox 138 1257 998 1316; baseline 0 -14"><span class='ocrx_word' id='word_1_99' title='bbox 138 1257 302 1303; x_wconf 83' lang='lat' dir='ltr'><strong>Cubile</strong></span> <span class='ocrx_word' id='word_1_100' title='bbox 319 1262 537 1304; x_wconf 84' lang='lat' dir='ltr'><strong>monstrat</strong></span> <span class='ocrx_word' id='word_1_101' title='bbox 552 1259 630 1302; x_wconf 86' lang='lat' dir='ltr'><strong>illa</strong></span> <span class='ocrx_word' id='word_1_102' title='bbox 649 1258 833 1303; x_wconf 84' lang='lat' dir='ltr'><strong>Pastori</strong></span> <span class='ocrx_word' id='word_1_103' title='bbox 852 1259 970 1316; x_wconf 91' lang='lat' dir='ltr'><strong>Lupi</strong></span> <span class='ocrx_word' id='word_1_104' title='bbox 985 1274 998 1315; x_wconf 89' lang='grc'><strong>;</strong></span> 
     </span>
    </p>
   </div>
   <div class='ocr_carea' id='block_1_3' title="bbox 36 1327 1066 1386">
    <p class='ocr_par' dir='ltr' id='par_1_14' title="bbox 36 1327 1066 1386">
     <span class='ocr_line' id='line_1_17' title="bbox 36 1327 1066 1386; baseline 0.002 -15"><span class='ocrx_word' id='word_1_105' title='bbox 36 1355 59 1371; x_wconf 65' lang='grc'><strong>«,</strong></span> <span class='ocrx_word' id='word_1_106' title='bbox 136 1327 230 1381; x_wconf 79' lang='lat' dir='ltr'><strong>Qui</strong></span> <span class='ocrx_word' id='word_1_107' title='bbox 248 1328 454 1373; x_wconf 88' lang='lat' dir='ltr'><strong>clausum</strong></span> <span class='ocrx_word' id='word_1_108' title='bbox 468 1329 670 1386; x_wconf 89' lang='lat' dir='ltr'><strong>protinus</strong></span> <span class='ocrx_word' id='word_1_109' title='bbox 689 1329 877 1384; x_wconf 89' lang='lat' dir='ltr'><strong>peremit</strong></span> <span class='ocrx_word' id='word_1_110' title='bbox 893 1329 1066 1383; x_wconf 87' lang='lat' dir='ltr'><strong>lancea,</strong></span> 
     </span>
    </p>
   </div>
   <div class='ocr_carea' id='block_1_4' title="bbox 134 1396 1616 1800">
    <p class='ocr_par' dir='ltr' id='par_1_15' title="bbox 134 1396 1616 1800">
     <span class='ocr_line' id='line_1_18' title="bbox 135 1396 1136 1454; baseline 0 -13"><span class='ocrx_word' id='word_1_111' title='bbox 135 1396 194 1440; x_wconf 82' lang='lat' dir='ltr'><strong>Et</strong></span> <span class='ocrx_word' id='word_1_112' title='bbox 211 1397 410 1454; x_wconf 84' lang='lat' dir='ltr'><strong>gaudens</strong></span> <span class='ocrx_word' id='word_1_113' title='bbox 428 1397 485 1441; x_wconf 91' lang='lat' dir='ltr'><strong>de</strong></span> <span class='ocrx_word' id='word_1_114' title='bbox 504 1397 653 1441; x_wconf 90' lang='lat' dir='ltr'><strong>alieno</strong></span> <span class='ocrx_word' id='word_1_115' title='bbox 671 1397 890 1441; x_wconf 88' lang='lat' dir='ltr'><strong>saturavit</strong></span> <span class='ocrx_word' id='word_1_116' title='bbox 910 1399 1136 1444; x_wconf 76' lang='lat' dir='ltr'><strong>aemulam.</strong></span> 
     </span>
     <span class='ocr_line' id='line_1_19' title="bbox 135 1466 980 1524; baseline 0.002 -14"><span class='ocrx_word' id='word_1_117' title='bbox 135 1466 203 1510; x_wconf 89' lang='lat' dir='ltr'><strong>Ut</strong></span> <span class='ocrx_word' id='word_1_118' title='bbox 221 1479 327 1510; x_wconf 88' lang='lat' dir='ltr'><strong>vero</strong></span> <span class='ocrx_word' id='word_1_119' title='bbox 339 1466 504 1524; x_wconf 90' lang='lat' dir='ltr'><strong>Vulpis</strong></span> <span class='ocrx_word' id='word_1_120' title='bbox 523 1467 571 1510; x_wconf 90' lang='lat' dir='ltr'><strong>in</strong></span> <span class='ocrx_word' id='word_1_121' title='bbox 589 1469 804 1510; x_wconf 84' lang='lat' dir='ltr'><strong>venantes</strong></span> <span class='ocrx_word' id='word_1_122' title='bbox 823 1467 980 1512; x_wconf 88' lang='lat' dir='ltr'><strong>incidit</strong></span> 
     </span>
     <span class='ocr_line' id='line_1_20' title="bbox 138 1535 1616 1592; baseline 0.002 -14"><span class='ocrx_word' id='word_1_123' title='bbox 138 1535 393 1592; x_wconf 87' lang='lat' dir='ltr'><strong>Deprensa,</strong></span> <span class='ocrx_word' id='word_1_124' title='bbox 413 1536 603 1579; x_wconf 86' lang='lat' dir='ltr'><strong>canibus</strong></span> <span class='ocrx_word' id='word_1_125' title='bbox 623 1539 669 1579; x_wconf 88' lang='lat' dir='ltr'><strong>et</strong></span> <span class='ocrx_word' id='word_1_126' title='bbox 683 1536 871 1590; x_wconf 85' lang='lat' dir='ltr'><strong>laniata,</strong></span> <span class='ocrx_word' id='word_1_127' title='bbox 892 1537 959 1579; x_wconf 91' lang='lat' dir='ltr'><strong>sic</strong></span> <span class='ocrx_word' id='word_1_128' title='bbox 978 1537 1066 1580; x_wconf 90' lang='lat' dir='ltr'><strong>ait:</strong></span> <span class='ocrx_word' id='word_1_129' title='bbox 1558 1543 1616 1586; x_wconf 84' lang='lat'><strong>20</strong></span> 
     </span>
     <span class='ocr_line' id='line_1_21' title="bbox 134 1603 1062 1662; baseline 0.001 -15"><span class='ocrx_word' id='word_1_130' title='bbox 134 1603 258 1648; x_wconf 88' lang='lat' dir='ltr'><strong>Dedi</strong></span> <span class='ocrx_word' id='word_1_131' title='bbox 277 1603 358 1648; x_wconf 85' lang='lat' dir='ltr'><strong>vix</strong></span> <span class='ocrx_word' id='word_1_132' title='bbox 373 1605 501 1648; x_wconf 89' lang='lat' dir='ltr'><strong>alteri</strong></span> <span class='ocrx_word' id='word_1_133' title='bbox 519 1605 700 1658; x_wconf 87' lang='lat' dir='ltr'><strong>malum,</strong></span> <span class='ocrx_word' id='word_1_134' title='bbox 717 1609 764 1648; x_wconf 89' lang='lat' dir='ltr'><strong>et</strong></span> <span class='ocrx_word' id='word_1_135' title='bbox 775 1605 872 1662; x_wconf 87' lang='lat' dir='ltr'><strong>jam</strong></span> <span class='ocrx_word' id='word_1_136' title='bbox 891 1606 1062 1662; x_wconf 88' lang='lat' dir='ltr'><strong>punior.</strong></span> 
     </span>
     <span class='ocr_line' id='line_1_22' title="bbox 189 1671 1058 1731; baseline 0.003 -16"><span class='ocrx_word' id='word_1_137' title='bbox 189 1671 368 1717; x_wconf 83' lang='lat' dir='ltr'><strong>Timere</strong></span> <span class='ocrx_word' id='word_1_138' title='bbox 387 1673 532 1727; x_wconf 90' lang='lat' dir='ltr'><strong>debet,</strong></span> <span class='ocrx_word' id='word_1_139' title='bbox 548 1675 756 1731; x_wconf 88' lang='lat' dir='ltr'><strong>quisquis</strong></span> <span class='ocrx_word' id='word_1_140' title='bbox 775 1675 853 1719; x_wconf 86' lang='lat' dir='ltr'><strong>alii</strong></span> <span class='ocrx_word' id='word_1_141' title='bbox 873 1676 1058 1720; x_wconf 88' lang='lat' dir='ltr'><strong>sustinet</strong></span> 
     </span>
     <span class='ocr_line' id='line_1_23' title="bbox 134 1738 1065 1800; baseline 0.005 -17"><span class='ocrx_word' id='word_1_142' title='bbox 134 1738 330 1795; x_wconf 89' lang='lat' dir='ltr'><strong>Nocere,</strong></span> <span class='ocrx_word' id='word_1_143' title='bbox 351 1743 483 1800; x_wconf 76' lang='lat' dir='ltr'><strong>pejtis</strong></span> <span class='ocrx_word' id='word_1_144' title='bbox 499 1743 592 1800; x_wconf 87' lang='lat' dir='ltr'><strong>ipsi</strong></span> <span class='ocrx_word' id='word_1_145' title='bbox 611 1757 666 1787; x_wconf 92' lang='lat' dir='ltr'><strong>ne</strong></span> <span class='ocrx_word' id='word_1_146' title='bbox 686 1744 862 1788; x_wconf 84' lang='lat' dir='ltr'><strong>eveniat</strong></span> <span class='ocrx_word' id='word_1_147' title='bbox 879 1744 1065 1788; x_wconf 88' lang='lat' dir='ltr'><strong>malum.</strong></span> 
     </span>
    </p>
   </div>
   <div class='ocr_carea' id='block_1_5' title="bbox 131 1867 1616 2104">
    <p class='ocr_par' dir='ltr' id='par_1_16' title="bbox 131 1867 1616 2104">
     <span class='ocr_line' id='line_1_24' title="bbox 796 1867 939 1901; baseline -0.007 0"><span class='ocrx_word' id='word_1_148' title='bbox 796 1867 939 1901; x_wconf 75' lang='lat' dir='ltr'>NOTAE</span> 
     </span>
     <span class='ocr_line' id='line_1_25' title="bbox 131 1952 1612 2000; baseline 0.005 -14"><span class='ocrx_word' id='word_1_149' title='bbox 131 1953 286 1996; x_wconf 78' lang='lat' dir='ltr'><strong>tempus’</strong></span> <span class='ocrx_word' id='word_1_150' title='bbox 300 1952 372 1987; x_wconf 79' lang='lat' dir='ltr'><strong>fab.</strong></span> <span class='ocrx_word' id='word_1_151' title='bbox 389 1956 444 1988; x_wconf 77' lang='lat'><strong>14.</strong></span> <span class='ocrx_word' id='word_1_152' title='bbox 898 1965 943 1987; x_wconf 88' lang='lat' dir='ltr'><strong>ne</strong></span> <span class='ocrx_word' id='word_1_153' title='bbox 970 1956 1110 1989; x_wconf 80' lang='lat' dir='ltr'><strong>omnia?</strong></span> <span class='ocrx_word' id='word_1_154' title='bbox 1147 1957 1279 1990; x_wconf 87' lang='lat' dir='ltr'><strong>dicenti</strong></span> <span class='ocrx_word' id='word_1_155' title='bbox 1306 1958 1432 2000; x_wconf 86' lang='lat' dir='ltr'><strong>Recte,</strong></span> <span class='ocrx_word' id='word_1_156' title='bbox 1453 1959 1612 1995; x_wconf 83' lang='lat' dir='ltr'><strong>Mortuus</strong></span> 
     </span>
     <span class='ocr_line' id='line_1_26' title="bbox 174 2004 1616 2053; baseline 0.005 -16"><span class='ocrx_word' id='word_1_157' title='bbox 174 2007 196 2036; x_wconf 73' lang='lat'><em>8</em></span> <span class='ocrx_word' id='word_1_158' title='bbox 214 2004 389 2047; x_wconf 69' lang='lat' dir='ltr'><strong>Otiosrui]</strong></span> <span class='ocrx_word' id='word_1_159' title='bbox 402 2005 453 2038; x_wconf 86' lang='lat' dir='ltr'><strong>Ut</strong></span> <span class='ocrx_word' id='word_1_160' title='bbox 465 2005 587 2039; x_wconf 84' lang='lat' dir='ltr'><strong>Phaed.</strong></span> <span class='ocrx_word' id='word_1_161' title='bbox 601 2005 663 2039; x_wconf 90' lang='lat' dir='ltr'><strong>lib.</strong></span> <span class='ocrx_word' id='word_1_162' title='bbox 674 2015 699 2039; x_wconf 91' lang='lat'><strong>1.</strong></span> <span class='ocrx_word' id='word_1_163' title='bbox 710 2005 846 2040; x_wconf 80' lang='lat' dir='ltr'><strong>fab.25.</strong></span> <span class='ocrx_word' id='word_1_164' title='bbox 900 2006 977 2038; x_wconf 74' lang='lat' dir='ltr'><strong>est?</strong></span> <span class='ocrx_word' id='word_1_165' title='bbox 998 2006 1134 2050; x_wconf 63' lang='lat' dir='ltr'><strong>inquit!</strong></span> <span class='ocrx_word' id='word_1_166' title='bbox 1175 2007 1302 2041; x_wconf 82' lang='lat' dir='ltr'><strong>Similis</strong></span> <span class='ocrx_word' id='word_1_167' title='bbox 1318 2013 1373 2041; x_wconf 80' lang='lat' dir='ltr'><strong>est</strong></span> <span class='ocrx_word' id='word_1_168' title='bbox 1387 2010 1506 2043; x_wconf 74' lang='lat' dir='ltr'><strong>satisne</strong></span> <span class='ocrx_word' id='word_1_169' title='bbox 1519 2013 1616 2053; x_wconf 72' lang='lat' dir='ltr'><strong>salve,</strong></span> 
     </span>
     <span class='ocr_line' id='line_1_27' title="bbox 132 2055 1614 2104; baseline 0.005 -16"><span class='ocrx_word' id='word_1_170' title='bbox 132 2057 143 2074; x_wconf 78' lang='lat'>¹</span> <span class='ocrx_word' id='word_1_171' title='bbox 160 2055 274 2089; x_wconf 81' lang='lat' dir='ltr'><strong>lambe</strong></span> <span class='ocrx_word' id='word_1_172' title='bbox 288 2055 383 2098; x_wconf 59' lang='lat' dir='ltr'><strong>otio}</strong></span> <span class='ocrx_word' id='word_1_173' title='bbox 400 2055 458 2088; x_wconf 91' lang='lat' dir='ltr'><strong>ubi</strong></span> <span class='ocrx_word' id='word_1_174' title='bbox 474 2056 552 2089; x_wconf 87' lang='lat' dir='ltr'><strong>vide</strong></span> <span class='ocrx_word' id='word_1_175' title='bbox 568 2056 664 2090; x_wconf 81' lang='lat' dir='ltr'><strong>Gud.</strong></span> <span class='ocrx_word' id='word_1_176' title='bbox 899 2056 955 2087; x_wconf 84' lang='lat' dir='ltr'><strong>vel</strong></span> <span class='ocrx_word' id='word_1_177' title='bbox 977 2057 1073 2097; x_wconf 69' lang='lat' dir='ltr'><strong>salve,</strong></span> <span class='ocrx_word' id='word_1_178' title='bbox 1098 2056 1142 2088; x_wconf 82' lang='lat' dir='ltr'><strong>ad</strong></span> <span class='ocrx_word' id='word_1_179' title='bbox 1168 2067 1270 2099; x_wconf 83' lang='lat' dir='ltr'><strong>quam</strong></span> <span class='ocrx_word' id='word_1_180' title='bbox 1294 2059 1418 2092; x_wconf 83' lang='lat' dir='ltr'><strong>alludit</strong></span> <span class='ocrx_word' id='word_1_181' title='bbox 1440 2061 1614 2104; x_wconf 85' lang='lat' dir='ltr'><strong>scriptura</strong></span> 
     </span>
    </p>
   </div>
   <div class='ocr_carea' id='block_1_6' title="bbox 132 2106 1616 2357">
    <p class='ocr_par' dir='ltr' id='par_1_17' title="bbox 132 2106 1616 2357">
     <span class='ocr_line' id='line_1_28' title="bbox 175 2106 1278 2151; baseline 0.002 -11"><span class='ocrx_word' id='word_1_182' title='bbox 175 2110 195 2139; x_wconf 84' lang='lat'><strong>5</strong></span> <span class='ocrx_word' id='word_1_183' title='bbox 218 2106 274 2150; x_wconf 65' lang='lat' dir='ltr'><strong>Art</strong></span> <span class='ocrx_word' id='word_1_184' title='bbox 295 2109 382 2140; x_wconf 79' lang='lat' dir='ltr'><strong>recte</strong></span> <span class='ocrx_word' id='word_1_185' title='bbox 396 2106 518 2148; x_wconf 72' lang='lat' dir='ltr'><strong>omnia]</strong></span> <span class='ocrx_word' id='word_1_186' title='bbox 542 2108 598 2140; x_wconf 82' lang='lat' dir='ltr'><strong>Ex</strong></span> <span class='ocrx_word' id='word_1_187' title='bbox 620 2107 764 2151; x_wconf 82' lang='lat' dir='ltr'><strong>antiqua</strong></span> <span class='ocrx_word' id='word_1_188' title='bbox 778 2106 847 2140; x_wconf 87' lang='lat' dir='ltr'><strong>for·</strong></span> <span class='ocrx_word' id='word_1_189' title='bbox 899 2106 1040 2140; x_wconf 87' lang='lat' dir='ltr'><strong>Rimicii</strong></span> <span class='ocrx_word' id='word_1_190' title='bbox 1054 2108 1278 2150; x_wconf 50' lang='lat' dir='ltr'><strong>cathedr-ater.</strong></span> 
     </span>
     <span class='ocr_line' id='line_1_29' title="bbox 132 2156 1616 2205; baseline 0.004 -13"><span class='ocrx_word' id='word_1_191' title='bbox 132 2158 238 2192; x_wconf 81' lang='lat' dir='ltr'><strong>mula.</strong></span> <span class='ocrx_word' id='word_1_192' title='bbox 259 2157 344 2190; x_wconf 89' lang='lat' dir='ltr'><strong>Ter.</strong></span> <span class='ocrx_word' id='word_1_193' title='bbox 361 2156 469 2191; x_wconf 82' lang='lat' dir='ltr'><strong>Andr.</strong></span> <span class='ocrx_word' id='word_1_194' title='bbox 478 2166 530 2192; x_wconf 78' lang='lat' dir='ltr'><strong>lv.</strong></span> <span class='ocrx_word' id='word_1_195' title='bbox 543 2161 577 2191; x_wconf 85' lang='lat'><strong>5.</strong></span> <span class='ocrx_word' id='word_1_196' title='bbox 589 2161 620 2191; x_wconf 84' lang='lat'><strong>9.</strong></span> <span class='ocrx_word' id='word_1_197' title='bbox 643 2157 653 2176; x_wconf 91' lang='lat'>‘</span> <span class='ocrx_word' id='word_1_198' title='bbox 668 2158 761 2194; x_wconf 84' lang='lat' dir='ltr'><strong>Quid</strong></span> <span class='ocrx_word' id='word_1_199' title='bbox 774 2169 846 2202; x_wconf 77' lang='lat' dir='ltr'><strong>vos,</strong></span> <span class='ocrx_word' id='word_1_200' title='bbox 943 2162 983 2193; x_wconf 86' lang='lat'><strong>11</strong></span> <span class='ocrx_word' id='word_1_201' title='bbox 1006 2160 1060 2193; x_wconf 75' lang='lat' dir='ltr'><strong>Aa</strong></span> <span class='ocrx_word' id='word_1_202' title='bbox 1074 2161 1178 2193; x_wconf 73' lang='lat' dir='ltr'><strong>ovium</strong></span> <span class='ocrx_word' id='word_1_203' title='bbox 1193 2160 1358 2194; x_wconf 78' lang='lat' dir='ltr'><strong>Pastorem</strong></span> <span class='ocrx_word' id='word_1_204' title='bbox 1372 2161 1457 2205; x_wconf 75' lang='lat' dir='ltr'><strong>adit]</strong></span> <span class='ocrx_word' id='word_1_205' title='bbox 1492 2163 1550 2197; x_wconf 80' lang='lat' dir='ltr'><strong>Ita</strong></span> <span class='ocrx_word' id='word_1_206' title='bbox 1564 2165 1616 2198; x_wconf 89' lang='lat' dir='ltr'><strong>lo·</strong></span> 
     </span>
     <span class='ocr_line' id='line_1_30' title="bbox 133 2207 1615 2254; baseline 0.005 -13"><span class='ocrx_word' id='word_1_207' title='bbox 133 2218 202 2252; x_wconf 83' lang='lat' dir='ltr'><strong>quo</strong></span> <span class='ocrx_word' id='word_1_208' title='bbox 218 2212 323 2252; x_wconf 80' lang='lat' dir='ltr'><strong>paeto</strong></span> <span class='ocrx_word' id='word_1_209' title='bbox 336 2207 418 2242; x_wconf 85' lang='lat' dir='ltr'><strong>hic?</strong></span> <span class='ocrx_word' id='word_1_210' title='bbox 440 2208 542 2241; x_wconf 77' lang='lat' dir='ltr'><strong>satiu&#39;</strong></span> <span class='ocrx_word' id='word_1_211' title='bbox 555 2213 652 2242; x_wconf 83' lang='lat' dir='ltr'><strong>recte</strong></span> <span class='ocrx_word' id='word_1_212' title='bbox 664 2208 687 2242; x_wconf 91' lang='lat'><strong>?’</strong></span> <span class='ocrx_word' id='word_1_213' title='bbox 726 2210 847 2244; x_wconf 83' lang='lat' dir='ltr'><strong>Quint.</strong></span> <span class='ocrx_word' id='word_1_214' title='bbox 899 2211 972 2244; x_wconf 85' lang='lat' dir='ltr'><strong>cuti</strong></span> <span class='ocrx_word' id='word_1_215' title='bbox 987 2211 1021 2244; x_wconf 87' lang='lat' dir='ltr'>N</span> <span class='ocrx_word' id='word_1_216' title='bbox 1025 2216 1163 2254; x_wconf 63' lang='lat' dir='ltr'><strong>eposet</strong></span> <span class='ocrx_word' id='word_1_217' title='bbox 1179 2212 1257 2253; x_wconf 78' lang='lat' dir='ltr'><strong>alii3</strong></span> <span class='ocrx_word' id='word_1_218' title='bbox 1279 2213 1363 2246; x_wconf 87' lang='lat' dir='ltr'><strong>licet</strong></span> <span class='ocrx_word' id='word_1_219' title='bbox 1376 2214 1539 2248; x_wconf 77' lang='lat' dir='ltr'><strong>Donatus</strong></span> <span class='ocrx_word' id='word_1_220' title='bbox 1550 2216 1615 2249; x_wconf 88' lang='lat' dir='ltr'><strong>ini-</strong></span> 
     </span>
     <span class='ocr_line' id='line_1_31' title="bbox 133 2259 1612 2306; baseline 0.005 -13"><span class='ocrx_word' id='word_1_221' title='bbox 133 2260 222 2293; x_wconf 80' lang='lat' dir='ltr'><strong>Iust.</strong></span> <span class='ocrx_word' id='word_1_222' title='bbox 250 2268 301 2293; x_wconf 82' lang='lat' dir='ltr'><strong>vr.</strong></span> <span class='ocrx_word' id='word_1_223' title='bbox 325 2262 359 2293; x_wconf 73' lang='lat'><strong>8.</strong></span> <span class='ocrx_word' id='word_1_224' title='bbox 405 2261 416 2278; x_wconf 89' lang='lat'>‘</span> <span class='ocrx_word' id='word_1_225' title='bbox 428 2259 551 2293; x_wconf 88' lang='lat' dir='ltr'><strong>Cicero</strong></span> <span class='ocrx_word' id='word_1_226' title='bbox 576 2270 656 2294; x_wconf 88' lang='lat' dir='ltr'><strong>cum</strong></span> <span class='ocrx_word' id='word_1_227' title='bbox 682 2259 846 2294; x_wconf 88' lang='lat' dir='ltr'><strong>Ovinium</strong></span> <span class='ocrx_word' id='word_1_228' title='bbox 896 2263 988 2296; x_wconf 90' lang='lat' dir='ltr'><strong>mico</strong></span> <span class='ocrx_word' id='word_1_229' title='bbox 1015 2267 1053 2296; x_wconf 87' lang='lat' dir='ltr'><strong>et</strong></span> <span class='ocrx_word' id='word_1_230' title='bbox 1080 2265 1354 2306; x_wconf 85' lang='lat' dir='ltr'><strong>expostulatorio</strong></span> <span class='ocrx_word' id='word_1_231' title='bbox 1383 2265 1497 2299; x_wconf 74' lang='lat' dir='ltr'><strong>animo</strong></span> <span class='ocrx_word' id='word_1_232' title='bbox 1523 2268 1612 2301; x_wconf 75' lang='lat' dir='ltr'><strong>adire</strong></span> 
     </span>
     <span class='ocr_line' id='line_1_32' title="bbox 132 2311 1522 2357; baseline 0.004 -11"><span class='ocrx_word' id='word_1_233' title='bbox 132 2311 296 2347; x_wconf 80' lang='lat' dir='ltr'><strong>libertum</strong></span> <span class='ocrx_word' id='word_1_234' title='bbox 306 2311 438 2346; x_wconf 81' lang='lat' dir='ltr'><strong>Vatinii</strong></span> <span class='ocrx_word' id='word_1_235' title='bbox 448 2312 709 2357; x_wconf 74' lang='lat' dir='ltr'><strong>interrogasset,</strong></span> <span class='ocrx_word' id='word_1_236' title='bbox 719 2313 847 2348; x_wconf 83' lang='lat' dir='ltr'><strong>Recte·</strong></span> <span class='ocrx_word' id='word_1_237' title='bbox 897 2313 1053 2357; x_wconf 81' lang='lat' dir='ltr'><strong>explicet</strong></span> <span class='ocrx_word' id='word_1_238' title='bbox 1067 2314 1111 2349; x_wconf 77' lang='lat' dir='ltr'><strong>ad</strong></span> <span class='ocrx_word' id='word_1_239' title='bbox 1127 2313 1239 2349; x_wconf 83' lang='lat' dir='ltr'><strong>Andr.</strong></span> <span class='ocrx_word' id='word_1_240' title='bbox 1252 2325 1311 2350; x_wconf 80' lang='grc' dir='ltr'><strong>ιιι.</strong></span> <span class='ocrx_word' id='word_1_241' title='bbox 1326 2318 1358 2351; x_wconf 81' lang='grc'><strong>3.</strong></span> <span class='ocrx_word' id='word_1_242' title='bbox 1374 2319 1411 2350; x_wconf 89' lang='lat' dir='ltr'><strong>et</strong></span> <span class='ocrx_word' id='word_1_243' title='bbox 1421 2326 1473 2350; x_wconf 77' lang='lat' dir='ltr'><strong>iv.</strong></span> <span class='ocrx_word' id='word_1_244' title='bbox 1491 2320 1522 2350; x_wconf 92' lang='lat'><strong>1.</strong></span> 
     </span>
    </p>
   </div>
  </div>
 </body>
</html>
