<?xml version="1.0" encoding="UTF-8"?>
<!DOCTYPE html PUBLIC "-//W3C//DTD XHTML 1.0 Transitional//EN"
    "http://www.w3.org/TR/xhtml1/DTD/xhtml1-transitional.dtd">
<html xmlns="http://www.w3.org/1999/xhtml" xml:lang="en" lang="en">
 <head>
  <title>
</title>
<meta http-equiv="Content-Type" content="text/html;charset=utf-8" />
  <meta name='ocr-system' content='tesseract 3.04.00' />
  <meta name='ocr-capabilities' content='ocr_page ocr_carea ocr_par ocr_line ocrx_word'/>
</head>
<body>
  <div class='ocr_page' id='page_1' title='image "./fabualeaesopiae00phaeuoft_0543.png"; bbox 0 0 1806 3236; ppageno 0'>
   <div class='ocr_carea' id='block_1_1' title="bbox 354 223 1387 268">
    <p class='ocr_par' dir='ltr' id='par_1_1' title="bbox 354 223 1387 268">
     <span class='ocr_line' id='line_1_1' title="bbox 354 223 1387 268; baseline -0.001 -1"><span class='ocrx_word' id='word_1_1' title='bbox 354 234 556 267; x_wconf 73' lang='lat' dir='ltr'><strong>Pfflnmu</strong></span> <span class='ocrx_word' id='word_1_2' title='bbox 592 234 700 267; x_wconf 60' lang='grc' dir='ltr'><strong>ΕΑΒ.</strong></span> <span class='ocrx_word' id='word_1_3' title='bbox 732 233 1039 267; x_wconf 73' lang='lat' dir='ltr'>AESOHARUM</span> <span class='ocrx_word' id='word_1_4' title='bbox 1075 234 1174 268; x_wconf 75' lang='lat' dir='ltr'><strong>mn.</strong></span> <span class='ocrx_word' id='word_1_5' title='bbox 1208 234 1284 267; x_wconf 83' lang='lat'><strong>111.</strong></span> <span class='ocrx_word' id='word_1_6' title='bbox 1314 223 1387 266; x_wconf 88' lang='grc'><strong>14.</strong></span> 
     </span>
    </p>
   </div>
   <div class='ocr_carea' id='block_1_2' title="bbox 130 329 854 1450">
    <p class='ocr_par' dir='ltr' id='par_1_2' title="bbox 132 329 785 376">
     <span class='ocr_line' id='line_1_2' title="bbox 132 329 785 376; baseline -0.003 -10"><span class='ocrx_word' id='word_1_7' title='bbox 132 331 231 376; x_wconf 64' lang='grc' dir='ltr'><strong>ἅμα,</strong></span> <span class='ocrx_word' id='word_1_8' title='bbox 244 329 356 375; x_wconf 77' lang='lat' dir='ltr'><strong>qualis</strong></span> <span class='ocrx_word' id='word_1_9' title='bbox 369 334 407 364; x_wconf 87' lang='lat' dir='ltr'><strong>et</strong></span> <span class='ocrx_word' id='word_1_10' title='bbox 419 330 580 364; x_wconf 76' lang='lat' dir='ltr'><strong>Socrates</strong></span> <span class='ocrx_word' id='word_1_11' title='bbox 595 329 674 363; x_wconf 84' lang='lat' dir='ltr'><strong>fuit.</strong></span> <span class='ocrx_word' id='word_1_12' title='bbox 697 330 785 364; x_wconf 74' lang='lat' dir='ltr'><strong>Rite.</strong></span> 
     </span>
    </p>

    <p class='ocr_par' dir='ltr' id='par_1_3' title="bbox 130 381 854 1450">
     <span class='ocr_line' id='line_1_3' title="bbox 175 381 844 425; baseline -0.003 -8"><span class='ocrx_word' id='word_1_13' title='bbox 175 386 196 417; x_wconf 71' lang='lat'>6</span> <span class='ocrx_word' id='word_1_14' title='bbox 219 381 405 424; x_wconf 62' lang='lat' dir='ltr'><strong>mm]</strong></span> <span class='ocrx_word' id='word_1_15' title='bbox 448 382 595 425; x_wconf 78' lang='lat' dir='ltr'><strong>Proprie</strong></span> <span class='ocrx_word' id='word_1_16' title='bbox 611 382 656 416; x_wconf 92' lang='lat' dir='ltr'><strong>de</strong></span> <span class='ocrx_word' id='word_1_17' title='bbox 670 392 767 423; x_wconf 83' lang='lat' dir='ltr'><strong>arcu,</strong></span> <span class='ocrx_word' id='word_1_18' title='bbox 787 381 844 415; x_wconf 91' lang='lat' dir='ltr'><strong>cui</strong></span> 
     </span>
     <span class='ocr_line' id='line_1_4' title="bbox 133 433 844 476; baseline -0.004 -8"><span class='ocrx_word' id='word_1_19' title='bbox 133 433 293 476; x_wconf 67' lang='lat' dir='ltr'><strong>asopus</strong></span> <span class='ocrx_word' id='word_1_20' title='bbox 304 437 359 466; x_wconf 83' lang='lat' dir='ltr'><strong>ost</strong></span> <span class='ocrx_word' id='word_1_21' title='bbox 372 442 511 466; x_wconf 83' lang='lat' dir='ltr'><strong>nervus.</strong></span> <span class='ocrx_word' id='word_1_22' title='bbox 545 434 632 476; x_wconf 88' lang='lat' dir='ltr'><strong>Ejus</strong></span> <span class='ocrx_word' id='word_1_23' title='bbox 645 434 844 476; x_wconf 79' lang='lat' dir='ltr'><strong>oppositum</strong></span> 
     </span>
     <span class='ocr_line' id='line_1_5' title="bbox 130 485 845 528; baseline 0 -9"><span class='ocrx_word' id='word_1_24' title='bbox 130 485 271 520; x_wconf 68' lang='lat' dir='ltr'><strong>inu-ns</strong></span> <span class='ocrx_word' id='word_1_25' title='bbox 282 494 385 528; x_wconf 66' lang='lat' dir='ltr'><strong>mus,</strong></span> <span class='ocrx_word' id='word_1_26' title='bbox 397 485 452 519; x_wconf 85' lang='lat' dir='ltr'><strong>vel</strong></span> <span class='ocrx_word' id='word_1_27' title='bbox 462 485 616 528; x_wconf 72' lang='lat' dir='ltr'><strong>intentus,</strong></span> <span class='ocrx_word' id='word_1_28' title='bbox 627 491 666 518; x_wconf 89' lang='lat' dir='ltr'><strong>ut</strong></span> <span class='ocrx_word' id='word_1_29' title='bbox 681 490 736 519; x_wconf 84' lang='lat' dir='ltr'><strong>est</strong></span> <span class='ocrx_word' id='word_1_30' title='bbox 749 486 845 528; x_wconf 86' lang='lat' dir='ltr'><strong>apud</strong></span> 
     </span>
     <span class='ocr_line' id='line_1_6' title="bbox 134 536 846 578; baseline -0.003 -6"><span class='ocrx_word' id='word_1_31' title='bbox 134 537 235 572; x_wconf 75' lang='lat' dir='ltr'><strong>curt.</strong></span> <span class='ocrx_word' id='word_1_32' title='bbox 260 536 306 570; x_wconf 85' lang='lat' dir='ltr'><strong>de</strong></span> <span class='ocrx_word' id='word_1_33' title='bbox 331 546 386 578; x_wconf 84' lang='lat' dir='ltr'><strong>eo,</strong></span> <span class='ocrx_word' id='word_1_34' title='bbox 409 537 466 570; x_wconf 89' lang='lat' dir='ltr'><strong>cui</strong></span> <span class='ocrx_word' id='word_1_35' title='bbox 481 537 620 571; x_wconf 88' lang='lat' dir='ltr'><strong>additus</strong></span> <span class='ocrx_word' id='word_1_36' title='bbox 635 542 691 571; x_wconf 90' lang='lat' dir='ltr'><strong>est</strong></span> <span class='ocrx_word' id='word_1_37' title='bbox 706 547 846 578; x_wconf 87' lang='lat' dir='ltr'><strong>nervus,</strong></span> 
     </span>
     <span class='ocr_line' id='line_1_7' title="bbox 134 586 846 632; baseline 0 -11"><span class='ocrx_word' id='word_1_38' title='bbox 134 587 193 632; x_wconf 78' lang='lat' dir='ltr'><strong>qni</strong></span> <span class='ocrx_word' id='word_1_39' title='bbox 221 591 339 622; x_wconf 83' lang='lat' dir='ltr'><strong>tamen</strong></span> <span class='ocrx_word' id='word_1_40' title='bbox 366 586 484 626; x_wconf 81' lang='lat' dir='ltr'><strong>differt</strong></span> <span class='ocrx_word' id='word_1_41' title='bbox 509 589 695 631; x_wconf 89' lang='lat' dir='ltr'><strong>plurimum</strong></span> <span class='ocrx_word' id='word_1_42' title='bbox 723 588 768 621; x_wconf 88' lang='lat' dir='ltr'><strong>ab</strong></span> <span class='ocrx_word' id='word_1_43' title='bbox 791 597 846 629; x_wconf 89' lang='lat' dir='ltr'><strong>eo,</strong></span> 
     </span>
     <span class='ocr_line' id='line_1_8' title="bbox 132 640 846 685; baseline -0.003 -11"><span class='ocrx_word' id='word_1_44' title='bbox 132 640 192 685; x_wconf 74' lang='lat' dir='ltr'><strong>qni</strong></span> <span class='ocrx_word' id='word_1_45' title='bbox 218 650 299 674; x_wconf 82' lang='lat' dir='ltr'><strong>eum</strong></span> <span class='ocrx_word' id='word_1_46' title='bbox 324 641 396 674; x_wconf 84' lang='lat' dir='ltr'><strong>telo</strong></span> <span class='ocrx_word' id='word_1_47' title='bbox 424 640 618 674; x_wconf 79' lang='lat' dir='ltr'><strong>intenditur</strong></span> <span class='ocrx_word' id='word_1_48' title='bbox 642 640 688 673; x_wconf 83' lang='lat' dir='ltr'><strong>ad</strong></span> <span class='ocrx_word' id='word_1_49' title='bbox 714 640 846 677; x_wconf 86' lang='lat' dir='ltr'><strong>ictum:</strong></span> 
     </span>
     <span class='ocr_line' id='line_1_9' title="bbox 133 691 847 735; baseline 0 -11"><span class='ocrx_word' id='word_1_50' title='bbox 133 692 227 735; x_wconf 86' lang='lat' dir='ltr'><strong>quod</strong></span> <span class='ocrx_word' id='word_1_51' title='bbox 240 692 454 735; x_wconf 80' lang='lat' dir='ltr'><strong>intelligunt,</strong></span> <span class='ocrx_word' id='word_1_52' title='bbox 477 691 537 735; x_wconf 88' lang='lat' dir='ltr'><strong>qui</strong></span> <span class='ocrx_word' id='word_1_53' title='bbox 562 698 721 725; x_wconf 83' lang='lat' dir='ltr'><strong>retensos</strong></span> <span class='ocrx_word' id='word_1_54' title='bbox 746 700 847 724; x_wconf 81' lang='lat' dir='ltr'><strong>arcus</strong></span> 
     </span>
     <span class='ocr_line' id='line_1_10' title="bbox 134 742 848 786; baseline -0.004 -9"><span class='ocrx_word' id='word_1_55' title='bbox 134 743 308 778; x_wconf 78' lang='lat' dir='ltr'><strong>viderunt.</strong></span> <span class='ocrx_word' id='word_1_56' title='bbox 353 743 479 786; x_wconf 82' lang='lat' dir='ltr'>Neque</span> <span class='ocrx_word' id='word_1_57' title='bbox 494 743 585 776; x_wconf 90' lang='lat' dir='ltr'><strong>enim</strong></span> <span class='ocrx_word' id='word_1_58' title='bbox 602 753 715 783; x_wconf 87' lang='lat' dir='ltr'><strong>arcus,</strong></span> <span class='ocrx_word' id='word_1_59' title='bbox 728 742 848 775; x_wconf 89' lang='lat' dir='ltr'><strong>addito</strong></span> 
     </span>
     <span class='ocr_line' id='line_1_11' title="bbox 135 792 848 835; baseline -0.006 -6"><span class='ocrx_word' id='word_1_60' title='bbox 135 805 244 829; x_wconf 76' lang='lat' dir='ltr'><strong>nervo</strong></span> <span class='ocrx_word' id='word_1_61' title='bbox 259 795 429 835; x_wconf 82' lang='lat' dir='ltr'><strong>intentus,</strong></span> <span class='ocrx_word' id='word_1_62' title='bbox 441 794 548 828; x_wconf 83' lang='lat' dir='ltr'><strong>etiam</strong></span> <span class='ocrx_word' id='word_1_63' title='bbox 563 793 721 826; x_wconf 84' lang='lat' dir='ltr'><strong>intentus</strong></span> <span class='ocrx_word' id='word_1_64' title='bbox 737 792 848 826; x_wconf 84' lang='lat' dir='ltr'><strong>estad</strong></span> 
     </span>
     <span class='ocr_line' id='line_1_12' title="bbox 134 844 851 880; baseline -0.003 0"><span class='ocrx_word' id='word_1_65' title='bbox 134 847 256 880; x_wconf 73' lang='lat' dir='ltr'><strong>ictum.</strong></span> <span class='ocrx_word' id='word_1_66' title='bbox 298 845 406 880; x_wconf 78' lang='lat' dir='ltr'><strong>Ovid.</strong></span> <span class='ocrx_word' id='word_1_67' title='bbox 419 846 509 879; x_wconf 87' lang='lat' dir='ltr'><strong>Met.</strong></span> <span class='ocrx_word' id='word_1_68' title='bbox 523 854 567 878; x_wconf 86' lang='lat'><strong>11.</strong></span> <span class='ocrx_word' id='word_1_69' title='bbox 581 844 652 879; x_wconf 86' lang='lat' dir='ltr'><strong>fab.</strong></span> <span class='ocrx_word' id='word_1_70' title='bbox 667 848 701 879; x_wconf 85' lang='grc'><strong>6.</strong></span> <span class='ocrx_word' id='word_1_71' title='bbox 714 845 725 864; x_wconf 97' lang='lat'><strong><em>⁴</em></strong></span> <span class='ocrx_word' id='word_1_72' title='bbox 739 845 851 878; x_wconf 90' lang='lat' dir='ltr'><strong>Exuit</strong></span> 
     </span>
     <span class='ocr_line' id='line_1_13' title="bbox 134 897 851 940; baseline -0.004 -8"><span class='ocrx_word' id='word_1_73' title='bbox 134 899 191 932; x_wconf 83' lang='lat' dir='ltr'><strong>hic</strong></span> <span class='ocrx_word' id='word_1_74' title='bbox 206 899 350 932; x_wconf 78' lang='lat' dir='ltr'><strong>humero</strong></span> <span class='ocrx_word' id='word_1_75' title='bbox 365 897 577 940; x_wconf 73' lang='lat' dir='ltr'><strong>pharetram,</strong></span> <span class='ocrx_word' id='word_1_76' title='bbox 591 898 774 940; x_wconf 87' lang='lat' dir='ltr'><strong>lentosque</strong></span> <span class='ocrx_word' id='word_1_77' title='bbox 798 907 851 930; x_wconf 90' lang='lat' dir='ltr'><strong>re-</strong></span> 
     </span>
     <span class='ocr_line' id='line_1_14' title="bbox 135 947 850 991; baseline -0.003 -9"><span class='ocrx_word' id='word_1_78' title='bbox 135 948 252 982; x_wconf 81' lang='lat' dir='ltr'><strong>tendit</strong></span> <span class='ocrx_word' id='word_1_79' title='bbox 267 947 390 990; x_wconf 74' lang='lat' dir='ltr'><strong>Arcus,</strong></span> <span class='ocrx_word' id='word_1_80' title='bbox 401 948 506 991; x_wconf 88' lang='lat' dir='ltr'><strong>inque</strong></span> <span class='ocrx_word' id='word_1_81' title='bbox 531 948 618 989; x_wconf 79' lang='lat' dir='ltr'><strong>solo,</strong></span> <span class='ocrx_word' id='word_1_82' title='bbox 637 947 728 990; x_wconf 89' lang='lat' dir='ltr'><strong>quod</strong></span> <span class='ocrx_word' id='word_1_83' title='bbox 753 952 850 980; x_wconf 80' lang='lat' dir='ltr'><strong>texe-</strong></span> 
     </span>
     <span class='ocr_line' id='line_1_15' title="bbox 135 998 850 1043; baseline -0.004 -9"><span class='ocrx_word' id='word_1_84' title='bbox 135 999 325 1038; x_wconf 77' lang='lat' dir='ltr'><strong>ratherba,</strong></span> <span class='ocrx_word' id='word_1_85' title='bbox 341 998 511 1043; x_wconf 71' lang='lat' dir='ltr'><strong>jacebat!</strong></span> <span class='ocrx_word' id='word_1_86' title='bbox 556 999 734 1032; x_wconf 75' lang='lat' dir='ltr'><strong>Retenaere</strong></span> <span class='ocrx_word' id='word_1_87' title='bbox 756 999 850 1041; x_wconf 85' lang='lat' dir='ltr'><strong>apud</strong></span> 
     </span>
     <span class='ocr_line' id='line_1_16' title="bbox 136 1049 850 1095; baseline -0.004 -10"><span class='ocrx_word' id='word_1_88' title='bbox 136 1051 325 1095; x_wconf 74' lang='lat' dir='ltr'><strong>Apuleium</strong></span> <span class='ocrx_word' id='word_1_89' title='bbox 338 1060 383 1084; x_wconf 86' lang='lat' dir='ltr'><strong>ex</strong></span> <span class='ocrx_word' id='word_1_90' title='bbox 396 1051 460 1084; x_wconf 86' lang='lat' dir='ltr'><strong>hac</strong></span> <span class='ocrx_word' id='word_1_91' title='bbox 475 1060 591 1090; x_wconf 82' lang='lat' dir='ltr'><strong>causa,</strong></span> <span class='ocrx_word' id='word_1_92' title='bbox 613 1051 624 1069; x_wconf 93' lang='lat'><strong><em>⁴</em></strong></span> <span class='ocrx_word' id='word_1_93' title='bbox 641 1049 773 1083; x_wconf 89' lang='lat' dir='ltr'><strong>Arcum</strong></span> <span class='ocrx_word' id='word_1_94' title='bbox 789 1050 850 1083; x_wconf 89' lang='lat' dir='ltr'><strong>de-</strong></span> 
     </span>
     <span class='ocr_line' id='line_1_17' title="bbox 136 1100 850 1144; baseline -0.001 -8"><span class='ocrx_word' id='word_1_95' title='bbox 136 1101 286 1138; x_wconf 68' lang='lat' dir='ltr'><strong>notare!</strong></span> <span class='ocrx_word' id='word_1_96' title='bbox 340 1101 434 1135; x_wconf 83' lang='lat' dir='ltr'><strong>Vide</strong></span> <span class='ocrx_word' id='word_1_97' title='bbox 457 1102 571 1144; x_wconf 87' lang='lat' dir='ltr'><strong>ipsum</strong></span> <span class='ocrx_word' id='word_1_98' title='bbox 602 1100 699 1134; x_wconf 87' lang='lat' dir='ltr'><strong>Asin.</strong></span> <span class='ocrx_word' id='word_1_99' title='bbox 729 1101 790 1134; x_wconf 86' lang='lat' dir='ltr'><strong>lib.</strong></span> <span class='ocrx_word' id='word_1_100' title='bbox 814 1111 850 1135; x_wconf 91' lang='lat' dir='ltr'><strong>v.</strong></span> 
     </span>
     <span class='ocr_line' id='line_1_18' title="bbox 137 1151 852 1194; baseline -0.006 -5"><span class='ocrx_word' id='word_1_101' title='bbox 137 1153 246 1194; x_wconf 60' lang='lat' dir='ltr'><strong>Senes.</strong></span> <span class='ocrx_word' id='word_1_102' title='bbox 295 1152 446 1191; x_wconf 77' lang='lat' dir='ltr'><strong>Quintil.</strong></span> <span class='ocrx_word' id='word_1_103' title='bbox 471 1152 559 1186; x_wconf 82' lang='lat' dir='ltr'><strong>lust.</strong></span> <span class='ocrx_word' id='word_1_104' title='bbox 583 1161 609 1186; x_wconf 87' lang='lat'><strong>1.</strong></span> <span class='ocrx_word' id='word_1_105' title='bbox 635 1154 668 1185; x_wconf 68' lang='grc' dir='ltr'><strong>Β.</strong></span> <span class='ocrx_word' id='word_1_106' title='bbox 697 1152 708 1169; x_wconf 98' lang='lat'><strong><em>⁴</em></strong></span> <span class='ocrx_word' id='word_1_107' title='bbox 725 1151 852 1185; x_wconf 86' lang='lat' dir='ltr'><strong>Danda</strong></span> 
     </span>
     <span class='ocr_line' id='line_1_19' title="bbox 137 1202 853 1246; baseline -0.004 -7"><span class='ocrx_word' id='word_1_108' title='bbox 137 1209 193 1239; x_wconf 88' lang='lat' dir='ltr'><strong>est</strong></span> <span class='ocrx_word' id='word_1_109' title='bbox 216 1209 342 1238; x_wconf 76' lang='lat' dir='ltr'><strong>tanen</strong></span> <span class='ocrx_word' id='word_1_110' title='bbox 358 1202 517 1237; x_wconf 87' lang='lat' dir='ltr'><strong>omnibns</strong></span> <span class='ocrx_word' id='word_1_111' title='bbox 540 1203 656 1246; x_wconf 82' lang='lat' dir='ltr'><strong>aliqua</strong></span> <span class='ocrx_word' id='word_1_112' title='bbox 682 1203 853 1245; x_wconf 83' lang='lat' dir='ltr'><strong>remissio,</strong></span> 
     </span>
     <span class='ocr_line' id='line_1_20' title="bbox 136 1253 852 1297; baseline -0.006 -7"><span class='ocrx_word' id='word_1_113' title='bbox 136 1265 208 1290; x_wconf 79' lang='lat' dir='ltr'><strong>non</strong></span> <span class='ocrx_word' id='word_1_114' title='bbox 232 1255 344 1289; x_wconf 77' lang='lat' dir='ltr'><strong>solnm</strong></span> <span class='ocrx_word' id='word_1_115' title='bbox 372 1254 456 1297; x_wconf 81' lang='lat' dir='ltr'><strong>quia</strong></span> <span class='ocrx_word' id='word_1_116' title='bbox 483 1253 576 1287; x_wconf 82' lang='lat' dir='ltr'><strong>nulla</strong></span> <span class='ocrx_word' id='word_1_117' title='bbox 601 1263 656 1287; x_wconf 88' lang='lat' dir='ltr'><strong>res</strong></span> <span class='ocrx_word' id='word_1_118' title='bbox 681 1259 749 1296; x_wconf 87' lang='lat' dir='ltr'><strong>est,</strong></span> <span class='ocrx_word' id='word_1_119' title='bbox 773 1264 852 1297; x_wconf 84' lang='lat' dir='ltr'><strong>qnae</strong></span> 
     </span>
     <span class='ocr_line' id='line_1_21' title="bbox 137 1305 850 1351; baseline -0.003 -10"><span class='ocrx_word' id='word_1_120' title='bbox 137 1305 296 1351; x_wconf 81' lang='lat' dir='ltr'><strong>perferre</strong></span> <span class='ocrx_word' id='word_1_121' title='bbox 318 1306 433 1350; x_wconf 83' lang='lat' dir='ltr'><strong>possit</strong></span> <span class='ocrx_word' id='word_1_122' title='bbox 456 1306 658 1340; x_wconf 86' lang='lat' dir='ltr'><strong>continuum</strong></span> <span class='ocrx_word' id='word_1_123' title='bbox 673 1306 850 1339; x_wconf 84' lang='lat' dir='ltr'><strong>laborem:</strong></span> 
     </span>
     <span class='ocr_line' id='line_1_22' title="bbox 137 1358 853 1403; baseline -0.006 -9"><span class='ocrx_word' id='word_1_124' title='bbox 137 1362 243 1403; x_wconf 72' lang='lat' dir='ltr'><strong>atque</strong></span> <span class='ocrx_word' id='word_1_125' title='bbox 252 1368 299 1392; x_wconf 78' lang='lat' dir='ltr'><strong>ea</strong></span> <span class='ocrx_word' id='word_1_126' title='bbox 312 1367 465 1402; x_wconf 83' lang='lat' dir='ltr'><strong>quoque,</strong></span> <span class='ocrx_word' id='word_1_127' title='bbox 478 1367 557 1400; x_wconf 74' lang='lat' dir='ltr'><strong>quoe</strong></span> <span class='ocrx_word' id='word_1_128' title='bbox 573 1367 676 1390; x_wconf 86' lang='lat' dir='ltr'><strong>sensu</strong></span> <span class='ocrx_word' id='word_1_129' title='bbox 689 1361 727 1390; x_wconf 91' lang='lat' dir='ltr'><strong>et</strong></span> <span class='ocrx_word' id='word_1_130' title='bbox 739 1358 853 1390; x_wconf 86' lang='lat' dir='ltr'><strong>anima</strong></span> 
     </span>
     <span class='ocr_line' id='line_1_23' title="bbox 138 1407 854 1450; baseline -0.006 -6"><span class='ocrx_word' id='word_1_131' title='bbox 138 1413 271 1449; x_wconf 70' lang='lat' dir='ltr'><strong>eurem,</strong></span> <span class='ocrx_word' id='word_1_132' title='bbox 286 1413 326 1443; x_wconf 90' lang='lat' dir='ltr'><strong>ut</strong></span> <span class='ocrx_word' id='word_1_133' title='bbox 339 1418 482 1442; x_wconf 77' lang='lat' dir='ltr'><strong>servare</strong></span> <span class='ocrx_word' id='word_1_134' title='bbox 496 1407 567 1441; x_wconf 80' lang='lat' dir='ltr'><strong>vim</strong></span> <span class='ocrx_word' id='word_1_135' title='bbox 585 1418 680 1440; x_wconf 84' lang='lat' dir='ltr'><strong>suam</strong></span> <span class='ocrx_word' id='word_1_136' title='bbox 707 1408 854 1450; x_wconf 82' lang='lat' dir='ltr'><strong>possint,</strong></span> 
     </span>
    </p>
   </div>
   <div class='ocr_carea' id='block_1_3' title="bbox 67 1459 788 1503">
    <p class='ocr_par' dir='ltr' id='par_1_4' title="bbox 67 1459 788 1503">
     <span class='ocr_line' id='line_1_24' title="bbox 67 1459 788 1503; baseline -0.003 -9"><span class='ocrx_word' id='word_1_137' title='bbox 67 1471 70 1474; x_wconf 55' lang='lat'><strong><em>⁴</em></strong></span> <span class='ocrx_word' id='word_1_138' title='bbox 139 1461 237 1494; x_wconf 71' lang='lat' dir='ltr'><strong>volut</strong></span> <span class='ocrx_word' id='word_1_139' title='bbox 251 1460 388 1494; x_wconf 80' lang='lat' dir='ltr'><strong>alterna</strong></span> <span class='ocrx_word' id='word_1_140' title='bbox 400 1460 520 1503; x_wconf 86' lang='lat' dir='ltr'><strong>quiete</strong></span> <span class='ocrx_word' id='word_1_141' title='bbox 531 1459 788 1492; x_wconf 64' lang='lat' dir='ltr'><strong>retenduntur!</strong></span> 
     </span>
    </p>
   </div>
   <div class='ocr_carea' id='block_1_4' title="bbox 139 1509 862 2879">
    <p class='ocr_par' dir='ltr' id='par_1_5' title="bbox 139 1509 857 2111">
     <span class='ocr_line' id='line_1_25' title="bbox 185 1509 853 1553; baseline -0.004 -8"><span class='ocrx_word' id='word_1_142' title='bbox 185 1510 373 1553; x_wconf 67' lang='lat' dir='ltr'><strong>Mam]</strong></span> <span class='ocrx_word' id='word_1_143' title='bbox 416 1509 608 1543; x_wconf 77' lang='lat' dir='ltr'><strong>Brevitatis</strong></span> <span class='ocrx_word' id='word_1_144' title='bbox 623 1509 764 1542; x_wconf 78' lang='lat' dir='ltr'><strong>Phoedri</strong></span> <span class='ocrx_word' id='word_1_145' title='bbox 789 1510 853 1542; x_wconf 86' lang='lat' dir='ltr'><strong>hoc</strong></span> 
     </span>
     <span class='ocr_line' id='line_1_26' title="bbox 141 1559 854 1602; baseline -0.003 -8"><span class='ocrx_word' id='word_1_146' title='bbox 141 1565 198 1594; x_wconf 79' lang='lat' dir='ltr'><strong>est</strong></span> <span class='ocrx_word' id='word_1_147' title='bbox 211 1561 399 1594; x_wconf 80' lang='lat' dir='ltr'><strong>indicium:</strong></span> <span class='ocrx_word' id='word_1_148' title='bbox 423 1569 486 1602; x_wconf 91' lang='lat' dir='ltr'><strong>pro</strong></span> <span class='ocrx_word' id='word_1_149' title='bbox 497 1569 540 1592; x_wconf 90' lang='lat' dir='ltr'><strong>eo</strong></span> <span class='ocrx_word' id='word_1_150' title='bbox 555 1559 648 1592; x_wconf 87' lang='lat' dir='ltr'><strong>enim</strong></span> <span class='ocrx_word' id='word_1_151' title='bbox 663 1559 781 1593; x_wconf 87' lang='lat' dir='ltr'><strong>dicere</strong></span> <span class='ocrx_word' id='word_1_152' title='bbox 795 1560 854 1592; x_wconf 91' lang='lat' dir='ltr'><strong>de-</strong></span> 
     </span>
     <span class='ocr_line' id='line_1_27' title="bbox 141 1610 853 1654; baseline -0.001 -10"><span class='ocrx_word' id='word_1_153' title='bbox 141 1611 280 1652; x_wconf 79' lang='lat' dir='ltr'><strong>buerat,</strong></span> <span class='ocrx_word' id='word_1_154' title='bbox 311 1619 429 1644; x_wconf 81' lang='lat' dir='ltr'><strong>arcum</strong></span> <span class='ocrx_word' id='word_1_155' title='bbox 465 1610 580 1643; x_wconf 89' lang='lat' dir='ltr'><strong>tendit</strong></span> <span class='ocrx_word' id='word_1_156' title='bbox 609 1610 853 1654; x_wconf 80' lang='lat' dir='ltr'><strong>retenditque:</strong></span> 
     </span>
     <span class='ocr_line' id='line_1_28' title="bbox 139 1661 857 1705; baseline 0 -10"><span class='ocrx_word' id='word_1_157' title='bbox 139 1662 190 1696; x_wconf 87' lang='lat' dir='ltr'><strong>sie</strong></span> <span class='ocrx_word' id='word_1_158' title='bbox 203 1671 299 1705; x_wconf 68' lang='lat' dir='ltr'><strong>sepe</strong></span> <span class='ocrx_word' id='word_1_159' title='bbox 313 1661 498 1702; x_wconf 72' lang='lat' dir='ltr'><strong>Phaedrus,</strong></span> <span class='ocrx_word' id='word_1_160' title='bbox 521 1666 562 1695; x_wconf 89' lang='lat' dir='ltr'><strong>ut</strong></span> <span class='ocrx_word' id='word_1_161' title='bbox 583 1662 685 1704; x_wconf 87' lang='lat' dir='ltr'><strong>plura</strong></span> <span class='ocrx_word' id='word_1_162' title='bbox 709 1661 794 1694; x_wconf 86' lang='lat' dir='ltr'><strong>velit</strong></span> <span class='ocrx_word' id='word_1_163' title='bbox 808 1661 857 1695; x_wconf 92' lang='lat' dir='ltr'><strong>iu·</strong></span> 
     </span>
     <span class='ocr_line' id='line_1_29' title="bbox 142 1713 857 1756; baseline -0.001 -9"><span class='ocrx_word' id='word_1_164' title='bbox 142 1713 268 1756; x_wconf 57' lang='lat' dir='ltr'><strong>uulgi,</strong></span> <span class='ocrx_word' id='word_1_165' title='bbox 279 1722 382 1756; x_wconf 84' lang='lat' dir='ltr'><strong>quam</strong></span> <span class='ocrx_word' id='word_1_166' title='bbox 397 1713 591 1755; x_wconf 79' lang='lat' dir='ltr'><strong>perspicuis</strong></span> <span class='ocrx_word' id='word_1_167' title='bbox 608 1713 722 1746; x_wconf 85' lang='lat' dir='ltr'><strong>verbis</strong></span> <span class='ocrx_word' id='word_1_168' title='bbox 741 1714 857 1756; x_wconf 89' lang='lat' dir='ltr'><strong>expri-</strong></span> 
     </span>
     <span class='ocr_line' id='line_1_30' title="bbox 142 1763 855 1806; baseline -0.001 -9"><span class='ocrx_word' id='word_1_169' title='bbox 142 1763 220 1798; x_wconf 85' lang='lat' dir='ltr'><strong>mit.</strong></span> <span class='ocrx_word' id='word_1_170' title='bbox 263 1763 344 1797; x_wconf 85' lang='lat' dir='ltr'><strong>Nisi</strong></span> <span class='ocrx_word' id='word_1_171' title='bbox 359 1763 459 1797; x_wconf 87' lang='lat' dir='ltr'><strong>malis</strong></span> <span class='ocrx_word' id='word_1_172' title='bbox 472 1764 539 1797; x_wconf 90' lang='lat' dir='ltr'><strong>hoc</strong></span> <span class='ocrx_word' id='word_1_173' title='bbox 564 1764 642 1797; x_wconf 90' lang='lat' dir='ltr'><strong>loco</strong></span> <span class='ocrx_word' id='word_1_174' title='bbox 665 1764 784 1806; x_wconf 85' lang='lat' dir='ltr'><strong>legere</strong></span> <span class='ocrx_word' id='word_1_175' title='bbox 801 1765 855 1797; x_wconf 81' lang='lat' dir='ltr'><strong>de-</strong></span> 
     </span>
     <span class='ocr_line' id='line_1_31' title="bbox 141 1815 856 1858; baseline -0.001 -9"><span class='ocrx_word' id='word_1_176' title='bbox 141 1818 263 1849; x_wconf 63' lang='lat' dir='ltr'><strong>tm</strong></span> <span class='ocrx_word' id='word_1_177' title='bbox 271 1825 286 1857; x_wconf 87' lang='lat'><strong>,·</strong></span> <span class='ocrx_word' id='word_1_178' title='bbox 307 1825 386 1849; x_wconf 79' lang='lat' dir='ltr'><strong>nam</strong></span> <span class='ocrx_word' id='word_1_179' title='bbox 401 1816 568 1849; x_wconf 71' lang='lat' dir='ltr'><strong>detondere</strong></span> <span class='ocrx_word' id='word_1_180' title='bbox 581 1820 649 1858; x_wconf 82' lang='lat' dir='ltr'><strong>est,</strong></span> <span class='ocrx_word' id='word_1_181' title='bbox 665 1815 856 1849; x_wconf 75' lang='lat' dir='ltr'><strong>remittere.</strong></span> 
     </span>
     <span class='ocr_line' id='line_1_32' title="bbox 185 1916 856 1960; baseline 0.001 -10"><span class='ocrx_word' id='word_1_182' title='bbox 185 1917 301 1951; x_wconf 72' lang='lat' dir='ltr'><strong>Media</strong></span> <span class='ocrx_word' id='word_1_183' title='bbox 314 1916 384 1960; x_wconf 75' lang='lat' dir='ltr'><strong>uio]</strong></span> <span class='ocrx_word' id='word_1_184' title='bbox 417 1917 517 1951; x_wconf 86' lang='lat' dir='ltr'><strong>Sient</strong></span> <span class='ocrx_word' id='word_1_185' title='bbox 528 1926 635 1960; x_wconf 87' lang='lat' dir='ltr'><strong>supra</strong></span> <span class='ocrx_word' id='word_1_186' title='bbox 649 1916 709 1951; x_wconf 81' lang='lat' dir='ltr'><strong>lib.</strong></span> <span class='ocrx_word' id='word_1_187' title='bbox 722 1925 763 1950; x_wconf 85' lang='grc' dir='ltr'><strong>ιι.</strong></span> <span class='ocrx_word' id='word_1_188' title='bbox 779 1927 810 1950; x_wconf 88' lang='lat' dir='ltr'><strong>c.</strong></span> <span class='ocrx_word' id='word_1_189' title='bbox 825 1921 856 1951; x_wconf 82' lang='lat'><strong>6.</strong></span> 
     </span>
     <span class='ocr_line' id='line_1_33' title="bbox 143 1967 857 2011; baseline 0 -10"><span class='ocrx_word' id='word_1_190' title='bbox 143 1967 213 2001; x_wconf 85' lang='lat' dir='ltr'><strong>‘In</strong></span> <span class='ocrx_word' id='word_1_191' title='bbox 238 1967 354 2001; x_wconf 86' lang='lat' dir='ltr'><strong>media</strong></span> <span class='ocrx_word' id='word_1_192' title='bbox 378 1967 535 2011; x_wconf 83' lang='lat' dir='ltr'><strong>quercn,’</strong></span> <span class='ocrx_word' id='word_1_193' title='bbox 559 1968 642 2001; x_wconf 85' lang='lat' dir='ltr'><strong>licet</strong></span> <span class='ocrx_word' id='word_1_194' title='bbox 663 1978 783 2002; x_wconf 83' lang='lat' dir='ltr'><strong>sensus</strong></span> <span class='ocrx_word' id='word_1_195' title='bbox 808 1968 857 2001; x_wconf 86' lang='lat' dir='ltr'><strong>ibi</strong></span> 
     </span>
     <span class='ocr_line' id='line_1_34' title="bbox 145 2018 856 2062; baseline 0.001 -11"><span class='ocrx_word' id='word_1_196' title='bbox 145 2019 250 2062; x_wconf 83' lang='lat' dir='ltr'><strong>paulo</strong></span> <span class='ocrx_word' id='word_1_197' title='bbox 274 2018 375 2052; x_wconf 81' lang='lat' dir='ltr'><strong>alins.</strong></span> <span class='ocrx_word' id='word_1_198' title='bbox 418 2018 531 2052; x_wconf 86' lang='lat' dir='ltr'><strong>Cicer.</strong></span> <span class='ocrx_word' id='word_1_199' title='bbox 552 2019 563 2038; x_wconf 93' lang='lat'><strong><em>⁴</em></strong></span> <span class='ocrx_word' id='word_1_200' title='bbox 581 2019 623 2052; x_wconf 91' lang='lat' dir='ltr'><strong>In</strong></span> <span class='ocrx_word' id='word_1_201' title='bbox 640 2019 755 2052; x_wconf 89' lang='lat' dir='ltr'><strong>medio</strong></span> <span class='ocrx_word' id='word_1_202' title='bbox 769 2018 856 2052; x_wconf 85' lang='lat' dir='ltr'><strong>foro’</strong></span> 
     </span>
     <span class='ocr_line' id='line_1_35' title="bbox 145 2067 380 2111; baseline -0.004 -8"><span class='ocrx_word' id='word_1_203' title='bbox 145 2078 251 2111; x_wconf 70' lang='lat' dir='ltr'><strong>saepe.</strong></span> <span class='ocrx_word' id='word_1_204' title='bbox 272 2067 380 2109; x_wconf 58' lang='lat' dir='ltr'><strong>Sem.</strong></span> 
     </span>
    </p>

    <p class='ocr_par' dir='ltr' id='par_1_6' title="bbox 145 2118 862 2619">
     <span class='ocr_line' id='line_1_36' title="bbox 188 2118 860 2163; baseline 0.001 -10"><span class='ocrx_word' id='word_1_205' title='bbox 188 2122 213 2152; x_wconf 80' lang='lat'><strong>6</strong></span> <span class='ocrx_word' id='word_1_206' title='bbox 234 2118 387 2162; x_wconf 71' lang='lat' dir='ltr'><strong>sapim]</strong></span> <span class='ocrx_word' id='word_1_207' title='bbox 419 2119 490 2153; x_wconf 82' lang='lat' dir='ltr'><strong>Per</strong></span> <span class='ocrx_word' id='word_1_208' title='bbox 504 2119 662 2162; x_wconf 81' lang='lat' dir='ltr'><strong>ironiam,</strong></span> <span class='ocrx_word' id='word_1_209' title='bbox 677 2120 760 2163; x_wconf 86' lang='lat' dir='ltr'><strong>quia</strong></span> <span class='ocrx_word' id='word_1_210' title='bbox 771 2131 860 2163; x_wconf 81' lang='lat' dir='ltr'><strong>prae-</strong></span> 
     </span>
     <span class='ocr_line' id='line_1_37' title="bbox 145 2170 861 2213; baseline 0.003 -9"><span class='ocrx_word' id='word_1_211' title='bbox 145 2174 316 2212; x_wconf 75' lang='lat' dir='ltr'><strong>cessent,</strong></span> <span class='ocrx_word' id='word_1_212' title='bbox 346 2171 359 2190; x_wconf 88' lang='lat'><strong><em>⁴</em></strong></span> <span class='ocrx_word' id='word_1_213' title='bbox 375 2170 485 2205; x_wconf 80' lang='lat' dir='ltr'><strong>Quasi</strong></span> <span class='ocrx_word' id='word_1_214' title='bbox 510 2170 656 2204; x_wconf 85' lang='lat' dir='ltr'><strong>delirum</strong></span> <span class='ocrx_word' id='word_1_215' title='bbox 680 2171 785 2213; x_wconf 64' lang='lat' dir='ltr'><strong>&gt;risit,&#39;</strong></span> <span class='ocrx_word' id='word_1_216' title='bbox 805 2173 861 2206; x_wconf 72' lang='grc' dir='ltr'><strong>Ε·</strong></span> 
     </span>
     <span class='ocr_line' id='line_1_38' title="bbox 145 2221 860 2265; baseline 0 -8"><span class='ocrx_word' id='word_1_217' title='bbox 145 2230 269 2265; x_wconf 83' lang='lat' dir='ltr'><strong>sopum</strong></span> <span class='ocrx_word' id='word_1_218' title='bbox 292 2231 341 2256; x_wconf 87' lang='lat' dir='ltr'><strong>sc.</strong></span> <span class='ocrx_word' id='word_1_219' title='bbox 387 2221 601 2256; x_wconf 82' lang='lat' dir='ltr'><strong>Desumsisse</strong></span> <span class='ocrx_word' id='word_1_220' title='bbox 624 2233 668 2256; x_wconf 88' lang='lat' dir='ltr'><strong>ex</strong></span> <span class='ocrx_word' id='word_1_221' title='bbox 692 2223 860 2257; x_wconf 82' lang='lat' dir='ltr'><strong>Terentio</strong></span> 
     </span>
     <span class='ocr_line' id='line_1_39' title="bbox 146 2272 861 2316; baseline 0.001 -10"><span class='ocrx_word' id='word_1_222' title='bbox 146 2272 298 2307; x_wconf 80' lang='lat' dir='ltr'><strong>videtur.</strong></span> <span class='ocrx_word' id='word_1_223' title='bbox 320 2273 412 2307; x_wconf 80' lang='lat' dir='ltr'><strong>Nam</strong></span> <span class='ocrx_word' id='word_1_224' title='bbox 427 2276 466 2307; x_wconf 84' lang='lat' dir='ltr'><strong>et</strong></span> <span class='ocrx_word' id='word_1_225' title='bbox 479 2273 572 2316; x_wconf 77' lang='lat' dir='ltr'><strong>apud</strong></span> <span class='ocrx_word' id='word_1_226' title='bbox 587 2273 698 2316; x_wconf 84' lang='lat' dir='ltr'><strong>ipsum</strong></span> <span class='ocrx_word' id='word_1_227' title='bbox 711 2274 747 2306; x_wconf 90' lang='lat' dir='ltr'><strong>in</strong></span> <span class='ocrx_word' id='word_1_228' title='bbox 756 2273 861 2308; x_wconf 86' lang='lat' dir='ltr'><strong>Phor.</strong></span> 
     </span>
     <span class='ocr_line' id='line_1_40' title="bbox 147 2322 860 2367; baseline 0 -9"><span class='ocrx_word' id='word_1_229' title='bbox 147 2332 191 2358; x_wconf 91' lang='grc' dir='ltr'><strong>ιι.</strong></span> <span class='ocrx_word' id='word_1_230' title='bbox 211 2325 311 2358; x_wconf 71' lang='grc' dir='ltr'><strong>ιο.2.</strong></span> <span class='ocrx_word' id='word_1_231' title='bbox 337 2322 382 2356; x_wconf 77' lang='lat' dir='ltr'><strong>ad</strong></span> <span class='ocrx_word' id='word_1_232' title='bbox 408 2323 498 2359; x_wconf 80' lang='lat' dir='ltr'><strong>hune</strong></span> <span class='ocrx_word' id='word_1_233' title='bbox 524 2324 665 2357; x_wconf 83' lang='lat' dir='ltr'><strong>modum</strong></span> <span class='ocrx_word' id='word_1_234' title='bbox 683 2324 860 2367; x_wconf 82' lang='lat' dir='ltr'><strong>Phormio,</strong></span> 
     </span>
     <span class='ocr_line' id='line_1_41' title="bbox 147 2373 862 2418; baseline 0 -10"><span class='ocrx_word' id='word_1_235' title='bbox 147 2383 227 2408; x_wconf 85' lang='lat' dir='ltr'><strong>cum</strong></span> <span class='ocrx_word' id='word_1_236' title='bbox 242 2373 390 2407; x_wconf 80' lang='lat' dir='ltr'><strong>dixisset</strong></span> <span class='ocrx_word' id='word_1_237' title='bbox 403 2374 599 2418; x_wconf 80' lang='lat' dir='ltr'><strong>Demipho:</strong></span> <span class='ocrx_word' id='word_1_238' title='bbox 623 2376 634 2394; x_wconf 90' lang='lat'>‘</span> <span class='ocrx_word' id='word_1_239' title='bbox 648 2374 772 2408; x_wconf 89' lang='lat' dir='ltr'><strong>Filium</strong></span> <span class='ocrx_word' id='word_1_240' title='bbox 784 2385 862 2408; x_wconf 82' lang='lat' dir='ltr'><strong>nar·</strong></span> 
     </span>
     <span class='ocr_line' id='line_1_42' title="bbox 147 2420 861 2469; baseline 0.006 -11"><span class='ocrx_word' id='word_1_241' title='bbox 147 2434 205 2458; x_wconf 80' lang='lat' dir='ltr'><strong>ras</strong></span> <span class='ocrx_word' id='word_1_242' title='bbox 219 2425 326 2459; x_wconf 83' lang='lat' dir='ltr'><strong>mihi?</strong></span> <span class='ocrx_word' id='word_1_243' title='bbox 360 2420 468 2468; x_wconf 83' lang='lat' dir='ltr'><strong>Cujus</strong></span> <span class='ocrx_word' id='word_1_244' title='bbox 486 2425 530 2459; x_wconf 85' lang='lat' dir='ltr'><strong>de</strong></span> <span class='ocrx_word' id='word_1_245' title='bbox 545 2426 695 2460; x_wconf 81' lang='lat' dir='ltr'><strong>stultitia</strong></span> <span class='ocrx_word' id='word_1_246' title='bbox 716 2426 799 2469; x_wconf 90' lang='lat' dir='ltr'><strong>dici,</strong></span> <span class='ocrx_word' id='word_1_247' title='bbox 823 2432 861 2462; x_wconf 89' lang='lat' dir='ltr'><strong>ut</strong></span> 
     </span>
     <span class='ocr_line' id='line_1_43' title="bbox 147 2475 861 2521; baseline 0.004 -13"><span class='ocrx_word' id='word_1_248' title='bbox 147 2475 290 2519; x_wconf 77' lang='lat' dir='ltr'><strong>dignum</strong></span> <span class='ocrx_word' id='word_1_249' title='bbox 317 2479 383 2518; x_wconf 88' lang='lat' dir='ltr'><strong>est,</strong></span> <span class='ocrx_word' id='word_1_250' title='bbox 403 2485 473 2508; x_wconf 90' lang='lat' dir='ltr'><strong>non</strong></span> <span class='ocrx_word' id='word_1_251' title='bbox 508 2482 624 2519; x_wconf 83' lang='lat' dir='ltr'><strong>potest</strong></span> <span class='ocrx_word' id='word_1_252' title='bbox 636 2477 660 2510; x_wconf 86' lang='lat'><strong>:&#39;</strong></span> <span class='ocrx_word' id='word_1_253' title='bbox 705 2478 861 2521; x_wconf 90' lang='lat' dir='ltr'><strong>subjicit,</strong></span> 
     </span>
     <span class='ocr_line' id='line_1_44' title="bbox 146 2526 862 2571; baseline 0.003 -11"><span class='ocrx_word' id='word_1_254' title='bbox 146 2528 158 2546; x_wconf 85' lang='lat'>⁸</span> <span class='ocrx_word' id='word_1_255' title='bbox 173 2526 225 2561; x_wconf 80' lang='lat' dir='ltr'><strong>At</strong></span> <span class='ocrx_word' id='word_1_256' title='bbox 246 2531 298 2570; x_wconf 87' lang='lat' dir='ltr'><strong>tu,</strong></span> <span class='ocrx_word' id='word_1_257' title='bbox 312 2527 372 2571; x_wconf 87' lang='lat' dir='ltr'><strong>qui</strong></span> <span class='ocrx_word' id='word_1_258' title='bbox 397 2526 536 2569; x_wconf 85' lang='lat' dir='ltr'><strong>sapiens</strong></span> <span class='ocrx_word' id='word_1_259' title='bbox 562 2537 614 2570; x_wconf 86' lang='lat' dir='ltr'><strong>es,</strong></span> <span class='ocrx_word' id='word_1_260' title='bbox 639 2527 862 2570; x_wconf 77' lang='lat' dir='ltr'><strong>magistratus</strong></span> 
     </span>
     <span class='ocr_line' id='line_1_45' title="bbox 149 2577 472 2619; baseline -0.003 -8"><span class='ocrx_word' id='word_1_261' title='bbox 149 2577 233 2619; x_wconf 82' lang='lat' dir='ltr'><strong>adi,’</strong></span> <span class='ocrx_word' id='word_1_262' title='bbox 254 2579 322 2611; x_wconf 64' lang='lat' dir='ltr'><strong>&amp;m</strong></span> <span class='ocrx_word' id='word_1_263' title='bbox 367 2577 472 2617; x_wconf 62' lang='lat' dir='ltr'><strong>Schql&#39;.</strong></span> 
     </span>
    </p>

    <p class='ocr_par' dir='ltr' id='par_1_7' title="bbox 152 2627 860 2713">
     <span class='ocr_line' id='line_1_46' title="bbox 193 2627 860 2672; baseline 0.003 -10"><span class='ocrx_word' id='word_1_264' title='bbox 193 2628 342 2672; x_wconf 68' lang='lat' dir='ltr'><strong>Sapiens]</strong></span> <span class='ocrx_word' id='word_1_265' title='bbox 373 2627 596 2671; x_wconf 83' lang='lat' dir='ltr'><strong>Philosophe‚</strong></span> <span class='ocrx_word' id='word_1_266' title='bbox 612 2638 677 2672; x_wconf 90' lang='lat' dir='ltr'><strong>per</strong></span> <span class='ocrx_word' id='word_1_267' title='bbox 695 2629 860 2664; x_wconf 82' lang='lat' dir='ltr'><strong>Ironiam.</strong></span> 
     </span>
     <span class='ocr_line' id='line_1_47' title="bbox 152 2679 240 2713; baseline 0 0"><span class='ocrx_word' id='word_1_268' title='bbox 152 2679 240 2713; x_wconf 64' lang='lat' dir='ltr'><strong>Risi.</strong></span> 
     </span>
    </p>

    <p class='ocr_par' dir='ltr' id='par_1_8' title="bbox 150 2730 861 2879">
     <span class='ocr_line' id='line_1_48' title="bbox 195 2730 860 2776; baseline 0.006 -13"><span class='ocrx_word' id='word_1_269' title='bbox 195 2730 323 2773; x_wconf 70' lang='lat' dir='ltr'><strong>Expedi</strong></span> <span class='ocrx_word' id='word_1_270' title='bbox 336 2731 571 2773; x_wconf 78' lang='lat' dir='ltr'><strong>quidsecerim]</strong></span> <span class='ocrx_word' id='word_1_271' title='bbox 601 2733 674 2766; x_wconf 90' lang='lat' dir='ltr'><strong>Scr.</strong></span> <span class='ocrx_word' id='word_1_272' title='bbox 697 2743 757 2776; x_wconf 77' lang='lat' dir='ltr'><strong>quo</strong></span> <span class='ocrx_word' id='word_1_273' title='bbox 771 2733 860 2773; x_wconf 85' lang='lat' dir='ltr'><strong>sece-</strong></span> 
     </span>
     <span class='ocr_line' id='line_1_49' title="bbox 150 2780 861 2819; baseline 0.007 -6"><span class='ocrx_word' id='word_1_274' title='bbox 150 2780 234 2814; x_wconf 77' lang='lat' dir='ltr'><strong>rim:</strong></span> <span class='ocrx_word' id='word_1_275' title='bbox 257 2787 296 2814; x_wconf 86' lang='lat' dir='ltr'><strong>ut</strong></span> <span class='ocrx_word' id='word_1_276' title='bbox 309 2783 319 2802; x_wconf 93' lang='lat'>‘</span> <span class='ocrx_word' id='word_1_277' title='bbox 333 2783 413 2818; x_wconf 84' lang='lat' dir='ltr'><strong>Quo</strong></span> <span class='ocrx_word' id='word_1_278' title='bbox 427 2783 565 2817; x_wconf 84' lang='lat' dir='ltr'><strong>vincula</strong></span> <span class='ocrx_word' id='word_1_279' title='bbox 573 2784 715 2818; x_wconf 87' lang='lat' dir='ltr'><strong>nectitis</strong></span> <span class='ocrx_word' id='word_1_280' title='bbox 727 2784 751 2817; x_wconf 86' lang='lat'><strong>?¹</strong></span> <span class='ocrx_word' id='word_1_281' title='bbox 774 2784 861 2819; x_wconf 87' lang='lat' dir='ltr'><strong>Infr.</strong></span> 
     </span>
     <span class='ocr_line' id='line_1_50' title="bbox 152 2829 861 2879; baseline 0.008 -16"><span class='ocrx_word' id='word_1_282' title='bbox 152 2829 223 2864; x_wconf 81' lang='lat' dir='ltr'><strong>fab.</strong></span> <span class='ocrx_word' id='word_1_283' title='bbox 247 2834 302 2865; x_wconf 75' lang='grc'><strong>67.</strong></span> <span class='ocrx_word' id='word_1_284' title='bbox 325 2834 335 2851; x_wconf 88' lang='lat'>‘</span> <span class='ocrx_word' id='word_1_285' title='bbox 350 2834 428 2869; x_wconf 84' lang='lat' dir='ltr'><strong>Quo</strong></span> <span class='ocrx_word' id='word_1_286' title='bbox 454 2834 501 2867; x_wconf 88' lang='lat' dir='ltr'><strong>mi</strong></span> <span class='ocrx_word' id='word_1_287' title='bbox 527 2839 657 2869; x_wconf 86' lang='lat' dir='ltr'><strong>mutam</strong></span> <span class='ocrx_word' id='word_1_288' title='bbox 675 2836 861 2879; x_wconf 86' lang='lat' dir='ltr'><strong>speciem?&#39;</strong></span> 
     </span>
    </p>
   </div>
   <div class='ocr_carea' id='block_1_5' title="bbox 1522 224 1608 267">
    <p class='ocr_par' dir='ltr' id='par_1_9' title="bbox 1522 224 1608 267">
     <span class='ocr_line' id='line_1_51' title="bbox 1522 224 1608 267; baseline -0.012 0"><span class='ocrx_word' id='word_1_289' title='bbox 1522 224 1608 267; x_wconf 84' lang='lat'><strong>531</strong></span> 
     </span>
    </p>
   </div>
   <div class='ocr_carea' id='block_1_6' title="bbox 895 330 1630 2875">
    <p class='ocr_par' dir='ltr' id='par_1_10' title="bbox 895 330 1623 1450">
     <span class='ocr_line' id='line_1_52' title="bbox 895 330 1611 373; baseline 0.003 -10"><span class='ocrx_word' id='word_1_290' title='bbox 895 330 1030 373; x_wconf 83' lang='lat' dir='ltr'><strong>supple,</strong></span> <span class='ocrx_word' id='word_1_291' title='bbox 1039 330 1102 364; x_wconf 88' lang='lat' dir='ltr'><strong>Dii</strong></span> <span class='ocrx_word' id='word_1_292' title='bbox 1115 330 1301 365; x_wconf 86' lang='lat' dir='ltr'><strong>dederunt.</strong></span> <span class='ocrx_word' id='word_1_293' title='bbox 1323 330 1460 364; x_wconf 64' lang='lat' dir='ltr'><strong>Prason.</strong></span> <span class='ocrx_word' id='word_1_294' title='bbox 1503 331 1550 364; x_wconf 85' lang='lat' dir='ltr'><strong>Et</strong></span> <span class='ocrx_word' id='word_1_295' title='bbox 1562 332 1611 365; x_wconf 84' lang='lat' dir='ltr'><strong>ita</strong></span> 
     </span>
     <span class='ocr_line' id='line_1_53' title="bbox 895 382 1612 425; baseline 0.001 -11"><span class='ocrx_word' id='word_1_296' title='bbox 895 382 1073 416; x_wconf 84' lang='lat' dir='ltr'><strong>Heinsius.</strong></span> <span class='ocrx_word' id='word_1_297' title='bbox 1127 384 1276 416; x_wconf 83' lang='lat' dir='ltr'><strong>Veteres</strong></span> <span class='ocrx_word' id='word_1_298' title='bbox 1309 382 1485 416; x_wconf 82' lang='lat' dir='ltr'><strong>habebant</strong></span> <span class='ocrx_word' id='word_1_299' title='bbox 1518 384 1612 425; x_wconf 81' lang='lat' dir='ltr'><strong>quod.</strong></span> 
     </span>
     <span class='ocr_line' id='line_1_54' title="bbox 896 433 1611 477; baseline 0.001 -11"><span class='ocrx_word' id='word_1_300' title='bbox 896 433 998 467; x_wconf 86' lang='lat' dir='ltr'><strong>Unde</strong></span> <span class='ocrx_word' id='word_1_301' title='bbox 1010 434 1195 469; x_wconf 82' lang='lat' dir='ltr'><strong>Praschius</strong></span> <span class='ocrx_word' id='word_1_302' title='bbox 1208 433 1374 475; x_wconf 81' lang='lat' dir='ltr'><strong>faciebat,</strong></span> <span class='ocrx_word' id='word_1_303' title='bbox 1387 444 1446 477; x_wconf 72' lang='lat' dir='ltr'><strong>quo</strong></span> <span class='ocrx_word' id='word_1_304' title='bbox 1461 434 1611 475; x_wconf 53' lang='lat' dir='ltr'><strong>fecerim,</strong></span> 
     </span>
     <span class='ocr_line' id='line_1_55' title="bbox 897 485 1613 529; baseline 0 -11"><span class='ocrx_word' id='word_1_305' title='bbox 897 486 920 518; x_wconf 88' lang='lat' dir='ltr'><strong>i.</strong></span> <span class='ocrx_word' id='word_1_306' title='bbox 938 496 970 519; x_wconf 88' lang='lat' dir='ltr'><strong>e.</strong></span> <span class='ocrx_word' id='word_1_307' title='bbox 996 486 1031 519; x_wconf 90' lang='lat' dir='ltr'><strong>in</strong></span> <span class='ocrx_word' id='word_1_308' title='bbox 1044 495 1146 529; x_wconf 86' lang='lat' dir='ltr'><strong>quem</strong></span> <span class='ocrx_word' id='word_1_309' title='bbox 1161 485 1287 521; x_wconf 81' lang='lat' dir='ltr'><strong>finem?</strong></span> <span class='ocrx_word' id='word_1_310' title='bbox 1326 486 1396 519; x_wconf 87' lang='lat' dir='ltr'><strong>Sed</strong></span> <span class='ocrx_word' id='word_1_311' title='bbox 1414 486 1551 520; x_wconf 86' lang='lat' dir='ltr'><strong>videtur</strong></span> <span class='ocrx_word' id='word_1_312' title='bbox 1565 487 1613 519; x_wconf 90' lang='lat' dir='ltr'><strong>nil</strong></span> 
     </span>
     <span class='ocr_line' id='line_1_56' title="bbox 898 536 1612 580; baseline 0 -10"><span class='ocrx_word' id='word_1_313' title='bbox 898 537 1114 571; x_wconf 84' lang='lat' dir='ltr'><strong>mutandum.</strong></span> <span class='ocrx_word' id='word_1_314' title='bbox 1168 537 1260 571; x_wconf 84' lang='lat' dir='ltr'><strong>Nam</strong></span> <span class='ocrx_word' id='word_1_315' title='bbox 1284 536 1322 569; x_wconf 70' lang='grc' dir='ltr'><strong>τὸ</strong></span> <span class='ocrx_word' id='word_1_316' title='bbox 1345 538 1427 579; x_wconf 78' lang='lat' dir='ltr'><strong>quod</strong></span> <span class='ocrx_word' id='word_1_317' title='bbox 1457 537 1612 580; x_wconf 86' lang='lat' dir='ltr'><strong>elliptice</strong></span> 
     </span>
     <span class='ocr_line' id='line_1_57' title="bbox 898 587 1614 631; baseline 0.001 -11"><span class='ocrx_word' id='word_1_318' title='bbox 898 588 1154 631; x_wconf 83' lang='lat' dir='ltr'><strong>accipiendum,</strong></span> <span class='ocrx_word' id='word_1_319' title='bbox 1170 598 1246 631; x_wconf 91' lang='lat' dir='ltr'><strong>pro,</strong></span> <span class='ocrx_word' id='word_1_320' title='bbox 1267 587 1305 621; x_wconf 81' lang='lat' dir='ltr'><strong>ob</strong></span> <span class='ocrx_word' id='word_1_321' title='bbox 1319 587 1423 631; x_wconf 77' lang='lat' dir='ltr'><strong>quod?</strong></span> <span class='ocrx_word' id='word_1_322' title='bbox 1455 589 1505 621; x_wconf 91' lang='lat' dir='ltr'><strong>Ut</strong></span> <span class='ocrx_word' id='word_1_323' title='bbox 1520 588 1614 631; x_wconf 84' lang='lat' dir='ltr'><strong>apud</strong></span> 
     </span>
     <span class='ocr_line' id='line_1_58' title="bbox 899 637 1615 680; baseline 0 -9"><span class='ocrx_word' id='word_1_324' title='bbox 899 637 1046 672; x_wconf 81' lang='lat' dir='ltr'><strong>Terent.</strong></span> <span class='ocrx_word' id='word_1_325' title='bbox 1069 639 1104 671; x_wconf 92' lang='lat' dir='ltr'><strong>in</strong></span> <span class='ocrx_word' id='word_1_326' title='bbox 1118 638 1262 680; x_wconf 84' lang='lat' dir='ltr'><strong>Prolog.</strong></span> <span class='ocrx_word' id='word_1_327' title='bbox 1279 639 1409 672; x_wconf 86' lang='lat' dir='ltr'><strong>Heaut.</strong></span> <span class='ocrx_word' id='word_1_328' title='bbox 1432 639 1442 658; x_wconf 89' lang='lat'><strong><em>⁴</em></strong></span> <span class='ocrx_word' id='word_1_329' title='bbox 1460 638 1615 680; x_wconf 80' lang='lat' dir='ltr'><strong>Deinde,</strong></span> 
     </span>
     <span class='ocr_line' id='line_1_59' title="bbox 900 688 1614 732; baseline 0 -11"><span class='ocrx_word' id='word_1_330' title='bbox 900 689 993 732; x_wconf 87' lang='lat' dir='ltr'><strong>quod</strong></span> <span class='ocrx_word' id='word_1_331' title='bbox 1008 689 1108 730; x_wconf 68' lang='lat' dir='ltr'><strong>veni,⁴</strong></span> <span class='ocrx_word' id='word_1_332' title='bbox 1121 688 1285 732; x_wconf 69' lang='lat' dir='ltr'><strong>eloquar!</strong></span> <span class='ocrx_word' id='word_1_333' title='bbox 1334 689 1460 731; x_wconf 81' lang='lat' dir='ltr'><strong>Expedi</strong></span> <span class='ocrx_word' id='word_1_334' title='bbox 1474 694 1540 731; x_wconf 87' lang='lat' dir='ltr'><strong>est,</strong></span> <span class='ocrx_word' id='word_1_335' title='bbox 1555 699 1614 722; x_wconf 84' lang='lat' dir='ltr'><strong>ex-</strong></span> 
     </span>
     <span class='ocr_line' id='line_1_60' title="bbox 901 739 1616 783; baseline -0.001 -9"><span class='ocrx_word' id='word_1_336' title='bbox 901 750 1004 783; x_wconf 88' lang='lat' dir='ltr'><strong>pone,</strong></span> <span class='ocrx_word' id='word_1_337' title='bbox 1022 739 1105 783; x_wconf 90' lang='lat' dir='ltr'><strong>quid</strong></span> <span class='ocrx_word' id='word_1_338' title='bbox 1119 749 1168 775; x_wconf 86' lang='lat' dir='ltr'><strong>sc.</strong></span> <span class='ocrx_word' id='word_1_339' title='bbox 1183 739 1322 773; x_wconf 72' lang='lat' dir='ltr'><strong>inuitam</strong></span> <span class='ocrx_word' id='word_1_340' title='bbox 1336 740 1402 773; x_wconf 90' lang='lat' dir='ltr'><strong>hoc</strong></span> <span class='ocrx_word' id='word_1_341' title='bbox 1415 739 1523 774; x_wconf 85' lang='lat' dir='ltr'><strong>facto.</strong></span> <span class='ocrx_word' id='word_1_342' title='bbox 1556 740 1616 774; x_wconf 82' lang='lat' dir='ltr'><strong>Ita</strong></span> 
     </span>
     <span class='ocr_line' id='line_1_61' title="bbox 902 790 1616 835; baseline 0 -11"><span class='ocrx_word' id='word_1_343' title='bbox 902 793 1016 825; x_wconf 86' lang='lat' dir='ltr'><strong>solent</strong></span> <span class='ocrx_word' id='word_1_344' title='bbox 1031 791 1075 824; x_wconf 87' lang='lat' dir='ltr'><strong>de</strong></span> <span class='ocrx_word' id='word_1_345' title='bbox 1090 791 1247 824; x_wconf 84' lang='lat' dir='ltr'><strong>obscuris</strong></span> <span class='ocrx_word' id='word_1_346' title='bbox 1261 791 1512 835; x_wconf 84' lang='lat' dir='ltr'><strong>explicatuque</strong></span> <span class='ocrx_word' id='word_1_347' title='bbox 1526 790 1616 826; x_wconf 85' lang='lat' dir='ltr'><strong>diffi-</strong></span> 
     </span>
     <span class='ocr_line' id='line_1_62' title="bbox 902 842 1616 878; baseline 0.001 -2"><span class='ocrx_word' id='word_1_348' title='bbox 902 842 1038 877; x_wconf 91' lang='lat' dir='ltr'><strong>cilibus.</strong></span> <span class='ocrx_word' id='word_1_349' title='bbox 1084 842 1202 876; x_wconf 89' lang='lat' dir='ltr'><strong>Plaut.</strong></span> <span class='ocrx_word' id='word_1_350' title='bbox 1227 842 1402 878; x_wconf 82' lang='lat' dir='ltr'><strong>Menaech.</strong></span> <span class='ocrx_word' id='word_1_351' title='bbox 1428 852 1481 876; x_wconf 81' lang='grc' dir='ltr'><strong>ιν.</strong></span> <span class='ocrx_word' id='word_1_352' title='bbox 1509 853 1559 876; x_wconf 84' lang='lat' dir='ltr'><strong>sc.</strong></span> <span class='ocrx_word' id='word_1_353' title='bbox 1581 845 1616 877; x_wconf 80' lang='lat'><strong>2.</strong></span> 
     </span>
     <span class='ocr_line' id='line_1_63' title="bbox 901 894 1615 938; baseline -0.001 -9"><span class='ocrx_word' id='word_1_354' title='bbox 901 896 912 914; x_wconf 92' lang='lat'><strong><em>⁴</em></strong></span> <span class='ocrx_word' id='word_1_355' title='bbox 929 894 999 930; x_wconf 81' lang='lat' dir='ltr'><strong>Qui</strong></span> <span class='ocrx_word' id='word_1_356' title='bbox 1027 897 1066 927; x_wconf 87' lang='lat' dir='ltr'><strong>tu</strong></span> <span class='ocrx_word' id='word_1_357' title='bbox 1093 894 1223 927; x_wconf 81' lang='lat' dir='ltr'><strong>misera</strong></span> <span class='ocrx_word' id='word_1_358' title='bbox 1250 894 1315 927; x_wconf 86' lang='lat' dir='ltr'><strong>es?</strong></span> <span class='ocrx_word' id='word_1_359' title='bbox 1348 894 1432 928; x_wconf 89' lang='lat' dir='ltr'><strong>mihi</strong></span> <span class='ocrx_word' id='word_1_360' title='bbox 1462 894 1615 938; x_wconf 68' lang='lat' dir='ltr'><strong>expedi!</strong></span> 
     </span>
     <span class='ocr_line' id='line_1_64' title="bbox 902 945 1620 988; baseline 0 -10"><span class='ocrx_word' id='word_1_361' title='bbox 902 947 1046 979; x_wconf 87' lang='lat' dir='ltr'><strong>Terent.</strong></span> <span class='ocrx_word' id='word_1_362' title='bbox 1062 945 1220 978; x_wconf 87' lang='lat' dir='ltr'><strong>Eunuch.</strong></span> <span class='ocrx_word' id='word_1_363' title='bbox 1236 954 1288 978; x_wconf 75' lang='lat' dir='ltr'><strong>tv.</strong></span> <span class='ocrx_word' id='word_1_364' title='bbox 1305 955 1353 978; x_wconf 86' lang='lat' dir='ltr'><strong>sc.</strong></span> <span class='ocrx_word' id='word_1_365' title='bbox 1367 948 1402 978; x_wconf 84' lang='grc'><strong>4.</strong></span> <span class='ocrx_word' id='word_1_366' title='bbox 1418 945 1428 965; x_wconf 92' lang='lat'><strong><em>⁴</em></strong></span> <span class='ocrx_word' id='word_1_367' title='bbox 1445 945 1620 988; x_wconf 80' lang='lat' dir='ltr'><strong>Agedum,</strong></span> 
     </span>
     <span class='ocr_line' id='line_1_65' title="bbox 902 997 1616 1040; baseline 0.001 -9"><span class='ocrx_word' id='word_1_368' title='bbox 902 998 968 1031; x_wconf 94' lang='lat' dir='ltr'><strong>hoc</strong></span> <span class='ocrx_word' id='word_1_369' title='bbox 987 998 1070 1031; x_wconf 90' lang='lat' dir='ltr'><strong>mihi</strong></span> <span class='ocrx_word' id='word_1_370' title='bbox 1085 998 1238 1040; x_wconf 86' lang='lat' dir='ltr'><strong>expedi.’</strong></span> <span class='ocrx_word' id='word_1_371' title='bbox 1282 997 1373 1031; x_wconf 86' lang='lat' dir='ltr'><strong>Vide</strong></span> <span class='ocrx_word' id='word_1_372' title='bbox 1390 998 1466 1031; x_wconf 91' lang='lat' dir='ltr'><strong>Cic.</strong></span> <span class='ocrx_word' id='word_1_373' title='bbox 1482 998 1561 1031; x_wconf 86' lang='lat' dir='ltr'><strong>Fiu.</strong></span> <span class='ocrx_word' id='word_1_374' title='bbox 1580 1008 1616 1032; x_wconf 89' lang='lat' dir='ltr'><strong>v.</strong></span> 
     </span>
     <span class='ocr_line' id='line_1_66' title="bbox 903 1049 1616 1092; baseline 0.001 -10"><span class='ocrx_word' id='word_1_375' title='bbox 903 1055 940 1083; x_wconf 91' lang='lat' dir='ltr'><strong>et</strong></span> <span class='ocrx_word' id='word_1_376' title='bbox 956 1049 1049 1083; x_wconf 84' lang='lat' dir='ltr'><strong>alibi.</strong></span> <span class='ocrx_word' id='word_1_377' title='bbox 1082 1049 1191 1090; x_wconf 75' lang='lat' dir='ltr'><strong>Schef.</strong></span> <span class='ocrx_word' id='word_1_378' title='bbox 1245 1051 1304 1083; x_wconf 91' lang='lat' dir='ltr'><strong>De</strong></span> <span class='ocrx_word' id='word_1_379' title='bbox 1317 1059 1403 1083; x_wconf 91' lang='lat' dir='ltr'><strong>voce</strong></span> <span class='ocrx_word' id='word_1_380' title='bbox 1415 1050 1566 1092; x_wconf 74' lang='lat' dir='ltr'><strong>expedire</strong></span> <span class='ocrx_word' id='word_1_381' title='bbox 1582 1060 1616 1084; x_wconf 86' lang='lat' dir='ltr'><strong>v.</strong></span> 
     </span>
     <span class='ocr_line' id='line_1_67' title="bbox 904 1100 1618 1136; baseline 0.003 -3"><span class='ocrx_word' id='word_1_382' title='bbox 904 1100 958 1133; x_wconf 86' lang='lat' dir='ltr'><strong>cl.</strong></span> <span class='ocrx_word' id='word_1_383' title='bbox 984 1100 1102 1134; x_wconf 76' lang='lat' dir='ltr'><strong>GraeV.</strong></span> <span class='ocrx_word' id='word_1_384' title='bbox 1128 1100 1171 1133; x_wconf 87' lang='lat' dir='ltr'><strong>ad</strong></span> <span class='ocrx_word' id='word_1_385' title='bbox 1200 1101 1331 1136; x_wconf 82' lang='lat' dir='ltr'><strong>Justin.</strong></span> <span class='ocrx_word' id='word_1_386' title='bbox 1354 1110 1462 1135; x_wconf 78' lang='lat' dir='ltr'><strong>xmu.</strong></span> <span class='ocrx_word' id='word_1_387' title='bbox 1488 1104 1519 1135; x_wconf 91' lang='lat'><strong>1.</strong></span> <span class='ocrx_word' id='word_1_388' title='bbox 1577 1102 1618 1135; x_wconf 82' lang='lat' dir='ltr'><strong>In</strong></span> 
     </span>
     <span class='ocr_line' id='line_1_68' title="bbox 904 1150 1620 1193; baseline 0.003 -10"><span class='ocrx_word' id='word_1_389' title='bbox 904 1150 1076 1193; x_wconf 84' lang='lat' dir='ltr'><strong>prioribus</strong></span> <span class='ocrx_word' id='word_1_390' title='bbox 1090 1151 1302 1184; x_wconf 86' lang='lat' dir='ltr'><strong>editionibus</strong></span> <span class='ocrx_word' id='word_1_391' title='bbox 1316 1151 1515 1185; x_wconf 84' lang='lat' dir='ltr'><strong>Schefferus</strong></span> <span class='ocrx_word' id='word_1_392' title='bbox 1538 1162 1620 1185; x_wconf 89' lang='lat' dir='ltr'><strong>con-</strong></span> 
     </span>
     <span class='ocr_line' id='line_1_69' title="bbox 896 1202 1619 1245; baseline 0.001 -10"><span class='ocrx_word' id='word_1_393' title='bbox 896 1203 1035 1245; x_wconf 84' lang='lat' dir='ltr'><strong>jecerat</strong></span> <span class='ocrx_word' id='word_1_394' title='bbox 1051 1202 1249 1245; x_wconf 81' lang='lat' dir='ltr'><strong>legendum,</strong></span> <span class='ocrx_word' id='word_1_395' title='bbox 1263 1203 1390 1245; x_wconf 82' lang='lat' dir='ltr'><strong>expedi,</strong></span> <span class='ocrx_word' id='word_1_396' title='bbox 1403 1202 1457 1245; x_wconf 63' lang='lat' dir='ltr'><strong>qui</strong></span> <span class='ocrx_word' id='word_1_397' title='bbox 1479 1204 1515 1235; x_wconf 75' lang='lat' dir='ltr'><strong>id</strong></span> <span class='ocrx_word' id='word_1_398' title='bbox 1531 1203 1619 1243; x_wconf 74' lang='lat' dir='ltr'><strong>fece-</strong></span> 
     </span>
     <span class='ocr_line' id='line_1_70' title="bbox 903 1253 1623 1297; baseline 0 -11"><span class='ocrx_word' id='word_1_399' title='bbox 903 1254 975 1287; x_wconf 81' lang='lat' dir='ltr'><strong>rim.</strong></span> <span class='ocrx_word' id='word_1_400' title='bbox 1022 1254 1101 1295; x_wconf 81' lang='lat' dir='ltr'><strong>Qui,</strong></span> <span class='ocrx_word' id='word_1_401' title='bbox 1113 1253 1149 1286; x_wconf 90' lang='lat' dir='ltr'><strong>id</strong></span> <span class='ocrx_word' id='word_1_402' title='bbox 1165 1258 1230 1296; x_wconf 90' lang='lat' dir='ltr'><strong>est,</strong></span> <span class='ocrx_word' id='word_1_403' title='bbox 1250 1263 1371 1296; x_wconf 86' lang='lat' dir='ltr'><strong>quare,</strong></span> <span class='ocrx_word' id='word_1_404' title='bbox 1383 1253 1623 1297; x_wconf 81' lang='lat' dir='ltr'><strong>quamobrem,</strong></span> 
     </span>
     <span class='ocr_line' id='line_1_71' title="bbox 904 1305 1621 1347; baseline 0 -9"><span class='ocrx_word' id='word_1_405' title='bbox 904 1310 946 1338; x_wconf 88' lang='lat' dir='ltr'><strong>ut</strong></span> <span class='ocrx_word' id='word_1_406' title='bbox 956 1305 1049 1347; x_wconf 82' lang='lat' dir='ltr'><strong>apud</strong></span> <span class='ocrx_word' id='word_1_407' title='bbox 1063 1305 1268 1339; x_wconf 87' lang='lat' dir='ltr'><strong>Ciceronem</strong></span> <span class='ocrx_word' id='word_1_408' title='bbox 1280 1305 1382 1338; x_wconf 85' lang='lat' dir='ltr'><strong>Tusc.</strong></span> <span class='ocrx_word' id='word_1_409' title='bbox 1399 1314 1435 1338; x_wconf 90' lang='lat' dir='ltr'><strong>v.</strong></span> <span class='ocrx_word' id='word_1_410' title='bbox 1479 1306 1621 1338; x_wconf 86' lang='lat' dir='ltr'><strong>Terent.</strong></span> 
     </span>
     <span class='ocr_line' id='line_1_72' title="bbox 904 1356 1620 1399; baseline 0 -9"><span class='ocrx_word' id='word_1_411' title='bbox 904 1356 1058 1399; x_wconf 84' lang='lat' dir='ltr'><strong>Adelph.</strong></span> <span class='ocrx_word' id='word_1_412' title='bbox 1085 1366 1120 1389; x_wconf 83' lang='lat' dir='ltr'><strong>v.</strong></span> <span class='ocrx_word' id='word_1_413' title='bbox 1148 1359 1181 1390; x_wconf 77' lang='lat'><strong>3.</strong></span> <span class='ocrx_word' id='word_1_414' title='bbox 1213 1356 1333 1399; x_wconf 87' lang='lat' dir='ltr'><strong>ibique</strong></span> <span class='ocrx_word' id='word_1_415' title='bbox 1363 1356 1552 1390; x_wconf 86' lang='lat' dir='ltr'><strong>Donatum.</strong></span> <span class='ocrx_word' id='word_1_416' title='bbox 1582 1361 1620 1390; x_wconf 88' lang='lat' dir='ltr'><strong>et</strong></span> 
     </span>
     <span class='ocr_line' id='line_1_73' title="bbox 905 1405 1303 1450; baseline 0.003 -10"><span class='ocrx_word' id='word_1_417' title='bbox 905 1417 999 1450; x_wconf 85' lang='lat' dir='ltr'><strong>supr.</strong></span> <span class='ocrx_word' id='word_1_418' title='bbox 1013 1405 1086 1441; x_wconf 83' lang='lat' dir='ltr'><strong>fab.</strong></span> <span class='ocrx_word' id='word_1_419' title='bbox 1103 1410 1158 1441; x_wconf 80' lang='lat'><strong>12.</strong></span> <span class='ocrx_word' id='word_1_420' title='bbox 1184 1408 1303 1442; x_wconf 81' lang='lat' dir='ltr'><strong>Burm.</strong></span> 
     </span>
    </p>

    <p class='ocr_par' dir='ltr' id='par_1_11' title="bbox 906 1459 1623 1552">
     <span class='ocr_line' id='line_1_74' title="bbox 932 1459 1623 1502; baseline 0.004 -12"><span class='ocrx_word' id='word_1_421' title='bbox 932 1461 969 1492; x_wconf 82' lang='grc'><strong>,7</strong></span> <span class='ocrx_word' id='word_1_422' title='bbox 996 1459 1181 1502; x_wconf 74' lang='lat' dir='ltr'><strong>Concurrit]</strong></span> <span class='ocrx_word' id='word_1_423' title='bbox 1222 1459 1384 1492; x_wconf 90' lang='lat' dir='ltr'><strong>Studium</strong></span> <span class='ocrx_word' id='word_1_424' title='bbox 1409 1459 1551 1493; x_wconf 88' lang='lat' dir='ltr'><strong>videndi</strong></span> <span class='ocrx_word' id='word_1_425' title='bbox 1566 1470 1623 1493; x_wconf 83' lang='lat' dir='ltr'><strong>au-</strong></span> 
     </span>
     <span class='ocr_line' id='line_1_75' title="bbox 906 1508 1394 1552; baseline 0.006 -11"><span class='ocrx_word' id='word_1_426' title='bbox 906 1508 1093 1552; x_wconf 86' lang='lat' dir='ltr'><strong>diendique</strong></span> <span class='ocrx_word' id='word_1_427' title='bbox 1107 1509 1264 1543; x_wconf 83' lang='lat' dir='ltr'><strong>denotat.</strong></span> <span class='ocrx_word' id='word_1_428' title='bbox 1287 1510 1394 1550; x_wconf 52' lang='grc' dir='ltr'><strong>θοὴν.</strong></span> 
     </span>
    </p>

    <p class='ocr_par' dir='ltr' id='par_1_12' title="bbox 908 1560 1625 1857">
     <span class='ocr_line' id='line_1_76' title="bbox 954 1560 1623 1604; baseline 0.004 -12"><span class='ocrx_word' id='word_1_429' title='bbox 954 1560 1103 1602; x_wconf 75' lang='lat' dir='ltr'><strong>Torquet]</strong></span> <span class='ocrx_word' id='word_1_430' title='bbox 1135 1560 1279 1603; x_wconf 89' lang='lat' dir='ltr'><strong>Optime</strong></span> <span class='ocrx_word' id='word_1_431' title='bbox 1294 1561 1340 1594; x_wconf 89' lang='lat' dir='ltr'><strong>de</strong></span> <span class='ocrx_word' id='word_1_432' title='bbox 1355 1561 1411 1603; x_wconf 87' lang='lat' dir='ltr'><strong>iis,</strong></span> <span class='ocrx_word' id='word_1_433' title='bbox 1426 1562 1485 1604; x_wconf 88' lang='lat' dir='ltr'><strong>qui</strong></span> <span class='ocrx_word' id='word_1_434' title='bbox 1500 1562 1623 1600; x_wconf 83' lang='lat' dir='ltr'><strong>multo,</strong></span> 
     </span>
     <span class='ocr_line' id='line_1_77' title="bbox 908 1610 1622 1652; baseline 0.004 -10"><span class='ocrx_word' id='word_1_435' title='bbox 908 1610 969 1643; x_wconf 87' lang='lat' dir='ltr'><strong>sed</strong></span> <span class='ocrx_word' id='word_1_436' title='bbox 986 1610 1133 1652; x_wconf 86' lang='lat' dir='ltr'><strong>infelici,</strong></span> <span class='ocrx_word' id='word_1_437' title='bbox 1148 1611 1267 1644; x_wconf 82' lang='lat' dir='ltr'><strong>labore</strong></span> <span class='ocrx_word' id='word_1_438' title='bbox 1282 1611 1318 1644; x_wconf 91' lang='lat' dir='ltr'><strong>in</strong></span> <span class='ocrx_word' id='word_1_439' title='bbox 1333 1621 1371 1645; x_wconf 86' lang='lat' dir='ltr'><strong>re</strong></span> <span class='ocrx_word' id='word_1_440' title='bbox 1394 1611 1529 1646; x_wconf 88' lang='lat' dir='ltr'><strong>difficili</strong></span> <span class='ocrx_word' id='word_1_441' title='bbox 1545 1622 1622 1645; x_wconf 91' lang='lat' dir='ltr'><strong>ver·</strong></span> 
     </span>
     <span class='ocr_line' id='line_1_78' title="bbox 908 1662 1623 1697; baseline 0.004 -3"><span class='ocrx_word' id='word_1_442' title='bbox 908 1667 1040 1695; x_wconf 82' lang='lat' dir='ltr'><strong>santur.</strong></span> <span class='ocrx_word' id='word_1_443' title='bbox 1085 1662 1208 1696; x_wconf 89' lang='lat' dir='ltr'><strong>Cicero</strong></span> <span class='ocrx_word' id='word_1_444' title='bbox 1221 1663 1265 1696; x_wconf 91' lang='lat' dir='ltr'><strong>de</strong></span> <span class='ocrx_word' id='word_1_445' title='bbox 1277 1663 1378 1696; x_wconf 86' lang='lat' dir='ltr'><strong>Orat.</strong></span> <span class='ocrx_word' id='word_1_446' title='bbox 1395 1664 1405 1683; x_wconf 92' lang='lat'><strong><em>⁴</em></strong></span> <span class='ocrx_word' id='word_1_447' title='bbox 1421 1664 1530 1697; x_wconf 85' lang='lat' dir='ltr'><strong>Verbi</strong></span> <span class='ocrx_word' id='word_1_448' title='bbox 1542 1674 1623 1697; x_wconf 86' lang='lat' dir='ltr'><strong>con-</strong></span> 
     </span>
     <span class='ocr_line' id='line_1_79' title="bbox 911 1713 1624 1759; baseline 0.006 -13"><span class='ocrx_word' id='word_1_449' title='bbox 911 1713 1080 1748; x_wconf 84' lang='lat' dir='ltr'><strong>troversia</strong></span> <span class='ocrx_word' id='word_1_450' title='bbox 1102 1714 1238 1757; x_wconf 86' lang='lat' dir='ltr'><strong>jamdiu</strong></span> <span class='ocrx_word' id='word_1_451' title='bbox 1265 1719 1407 1759; x_wconf 86' lang='lat' dir='ltr'><strong>torquet</strong></span> <span class='ocrx_word' id='word_1_452' title='bbox 1442 1716 1624 1750; x_wconf 82' lang='lat' dir='ltr'><strong>Graeculos</strong></span> 
     </span>
     <span class='ocr_line' id='line_1_80' title="bbox 908 1764 1625 1810; baseline 0.007 -14"><span class='ocrx_word' id='word_1_453' title='bbox 908 1764 1086 1798; x_wconf 65' lang='lat' dir='ltr'><strong>homines!</strong></span> <span class='ocrx_word' id='word_1_454' title='bbox 1130 1765 1201 1799; x_wconf 87' lang='lat' dir='ltr'><strong>Sed</strong></span> <span class='ocrx_word' id='word_1_455' title='bbox 1225 1765 1282 1799; x_wconf 90' lang='lat' dir='ltr'><strong>hic</strong></span> <span class='ocrx_word' id='word_1_456' title='bbox 1305 1766 1447 1808; x_wconf 86' lang='lat' dir='ltr'><strong>ponitur</strong></span> <span class='ocrx_word' id='word_1_457' title='bbox 1461 1767 1625 1810; x_wconf 84' lang='lat' dir='ltr'><strong>simplici·</strong></span> 
     </span>
     <span class='ocr_line' id='line_1_81' title="bbox 910 1815 1434 1857; baseline 0.006 -10"><span class='ocrx_word' id='word_1_458' title='bbox 910 1819 976 1856; x_wconf 87' lang='lat' dir='ltr'><strong>ter,</strong></span> <span class='ocrx_word' id='word_1_459' title='bbox 990 1815 1084 1857; x_wconf 77' lang='lat' dir='ltr'><strong>quod</strong></span> <span class='ocrx_word' id='word_1_460' title='bbox 1100 1816 1301 1850; x_wconf 84' lang='lat' dir='ltr'><strong>notandum.</strong></span> <span class='ocrx_word' id='word_1_461' title='bbox 1325 1817 1434 1857; x_wconf 75' lang='lat' dir='ltr'><strong>Sches.</strong></span> 
     </span>
    </p>

    <p class='ocr_par' dir='ltr' id='par_1_13' title="bbox 909 1866 1628 2574">
     <span class='ocr_line' id='line_1_82' title="bbox 953 1866 1625 1910; baseline 0.006 -12"><span class='ocrx_word' id='word_1_462' title='bbox 953 1869 974 1898; x_wconf 89' lang='lat'>8</span> <span class='ocrx_word' id='word_1_463' title='bbox 997 1866 1135 1908; x_wconf 75' lang='lat' dir='ltr'><strong>Positae]</strong></span> <span class='ocrx_word' id='word_1_464' title='bbox 1172 1867 1344 1910; x_wconf 75' lang='lat' dir='ltr'><strong>Proprie3</strong></span> <span class='ocrx_word' id='word_1_465' title='bbox 1368 1868 1451 1901; x_wconf 86' lang='lat' dir='ltr'><strong>talia</strong></span> <span class='ocrx_word' id='word_1_466' title='bbox 1466 1869 1557 1902; x_wconf 86' lang='lat' dir='ltr'><strong>enim</strong></span> <span class='ocrx_word' id='word_1_467' title='bbox 1574 1869 1625 1902; x_wconf 84' lang='lat' dir='ltr'><strong>di-</strong></span> 
     </span>
     <span class='ocr_line' id='line_1_83' title="bbox 909 1918 1627 1961; baseline 0.007 -10"><span class='ocrx_word' id='word_1_468' title='bbox 909 1918 1078 1952; x_wconf 87' lang='lat' dir='ltr'><strong>cebantur</strong></span> <span class='ocrx_word' id='word_1_469' title='bbox 1089 1920 1178 1961; x_wconf 80' lang='lat' dir='ltr'><strong>poni.</strong></span> <span class='ocrx_word' id='word_1_470' title='bbox 1231 1920 1346 1955; x_wconf 85' lang='lat' dir='ltr'><strong>Cicer.</strong></span> <span class='ocrx_word' id='word_1_471' title='bbox 1362 1921 1465 1955; x_wconf 87' lang='lat' dir='ltr'><strong>Tusc.</strong></span> <span class='ocrx_word' id='word_1_472' title='bbox 1482 1925 1514 1955; x_wconf 90' lang='lat'><strong>1.</strong></span> <span class='ocrx_word' id='word_1_473' title='bbox 1536 1923 1546 1940; x_wconf 94' lang='lat'><strong><em>⁴</em></strong></span> <span class='ocrx_word' id='word_1_474' title='bbox 1558 1922 1627 1956; x_wconf 91' lang='lat' dir='ltr'><strong>Po·</strong></span> 
     </span>
     <span class='ocr_line' id='line_1_84' title="bbox 909 1969 1625 2014; baseline 0.007 -13"><span class='ocrx_word' id='word_1_475' title='bbox 909 1978 995 2002; x_wconf 88' lang='lat' dir='ltr'><strong>nere</strong></span> <span class='ocrx_word' id='word_1_476' title='bbox 1017 1969 1201 2011; x_wconf 87' lang='lat' dir='ltr'><strong>jubebam,</strong></span> <span class='ocrx_word' id='word_1_477' title='bbox 1229 1971 1273 2003; x_wconf 86' lang='lat' dir='ltr'><strong>de</strong></span> <span class='ocrx_word' id='word_1_478' title='bbox 1304 1981 1372 2014; x_wconf 87' lang='lat' dir='ltr'><strong>quo</strong></span> <span class='ocrx_word' id='word_1_479' title='bbox 1401 1972 1476 2014; x_wconf 89' lang='lat' dir='ltr'><strong>quis</strong></span> <span class='ocrx_word' id='word_1_480' title='bbox 1501 1972 1625 2007; x_wconf 85' lang='lat' dir='ltr'><strong>audire</strong></span> 
     </span>
     <span class='ocr_line' id='line_1_85' title="bbox 911 2020 1627 2066; baseline 0.007 -14"><span class='ocrx_word' id='word_1_481' title='bbox 911 2020 1052 2053; x_wconf 78' lang='lat' dir='ltr'><strong>velletz&#39;</strong></span> <span class='ocrx_word' id='word_1_482' title='bbox 1084 2025 1122 2053; x_wconf 89' lang='lat' dir='ltr'><strong>et</strong></span> <span class='ocrx_word' id='word_1_483' title='bbox 1147 2020 1191 2053; x_wconf 93' lang='lat' dir='ltr'><strong>de</strong></span> <span class='ocrx_word' id='word_1_484' title='bbox 1218 2021 1324 2054; x_wconf 87' lang='lat' dir='ltr'><strong>Orat.</strong></span> <span class='ocrx_word' id='word_1_485' title='bbox 1351 2024 1382 2055; x_wconf 85' lang='lat'><strong>1.</strong></span> <span class='ocrx_word' id='word_1_486' title='bbox 1406 2023 1496 2056; x_wconf 88' lang='lat' dir='ltr'><strong>‘Sed</strong></span> <span class='ocrx_word' id='word_1_487' title='bbox 1519 2033 1627 2066; x_wconf 83' lang='lat' dir='ltr'><strong>quan·</strong></span> 
     </span>
     <span class='ocr_line' id='line_1_86' title="bbox 911 2071 1627 2116; baseline 0.008 -14"><span class='ocrx_word' id='word_1_488' title='bbox 911 2080 1016 2113; x_wconf 86' lang='lat' dir='ltr'><strong>quam</strong></span> <span class='ocrx_word' id='word_1_489' title='bbox 1041 2071 1126 2103; x_wconf 87' lang='lat' dir='ltr'><strong>satis</strong></span> <span class='ocrx_word' id='word_1_490' title='bbox 1153 2071 1208 2112; x_wconf 89' lang='lat' dir='ltr'><strong>iis,</strong></span> <span class='ocrx_word' id='word_1_491' title='bbox 1237 2071 1296 2113; x_wconf 90' lang='lat' dir='ltr'><strong>qui</strong></span> <span class='ocrx_word' id='word_1_492' title='bbox 1324 2073 1483 2115; x_wconf 84' lang='lat' dir='ltr'><strong>aderant,</strong></span> <span class='ocrx_word' id='word_1_493' title='bbox 1507 2074 1552 2106; x_wconf 89' lang='lat' dir='ltr'><strong>ad</strong></span> <span class='ocrx_word' id='word_1_494' title='bbox 1577 2075 1627 2116; x_wconf 90' lang='lat' dir='ltr'><strong>id,</strong></span> 
     </span>
     <span class='ocr_line' id='line_1_87' title="bbox 911 2122 1626 2167; baseline 0.01 -14"><span class='ocrx_word' id='word_1_495' title='bbox 911 2122 1004 2164; x_wconf 89' lang='lat' dir='ltr'><strong>quod</strong></span> <span class='ocrx_word' id='word_1_496' title='bbox 1031 2125 1109 2154; x_wconf 83' lang='lat' dir='ltr'><strong>erat</strong></span> <span class='ocrx_word' id='word_1_497' title='bbox 1134 2122 1299 2167; x_wconf 86' lang='lat' dir='ltr'><strong>positum,</strong></span> <span class='ocrx_word' id='word_1_498' title='bbox 1324 2123 1458 2157; x_wconf 88' lang='lat' dir='ltr'><strong>dictum</strong></span> <span class='ocrx_word' id='word_1_499' title='bbox 1484 2126 1626 2159; x_wconf 88' lang='lat' dir='ltr'><strong>videba-</strong></span> 
     </span>
     <span class='ocr_line' id='line_1_88' title="bbox 914 2171 1627 2211; baseline 0.01 -7"><span class='ocrx_word' id='word_1_500' title='bbox 914 2171 990 2205; x_wconf 84' lang='lat' dir='ltr'><strong>tur.&#39;</strong></span> <span class='ocrx_word' id='word_1_501' title='bbox 1044 2172 1170 2206; x_wconf 89' lang='lat' dir='ltr'><strong>Senec.</strong></span> <span class='ocrx_word' id='word_1_502' title='bbox 1195 2182 1226 2206; x_wconf 88' lang='lat' dir='ltr'><strong>c.</strong></span> <span class='ocrx_word' id='word_1_503' title='bbox 1240 2176 1297 2206; x_wconf 83' lang='grc'><strong>49.</strong></span> <span class='ocrx_word' id='word_1_504' title='bbox 1322 2175 1332 2192; x_wconf 92' lang='lat'><strong><em>⁴</em></strong></span> <span class='ocrx_word' id='word_1_505' title='bbox 1347 2175 1513 2209; x_wconf 86' lang='lat' dir='ltr'><strong>Sederem</strong></span> <span class='ocrx_word' id='word_1_506' title='bbox 1539 2177 1627 2211; x_wconf 83' lang='lat' dir='ltr'><strong>otio-</strong></span> 
     </span>
     <span class='ocr_line' id='line_1_89' title="bbox 914 2223 1627 2269; baseline 0.008 -14"><span class='ocrx_word' id='word_1_507' title='bbox 914 2233 984 2265; x_wconf 91' lang='lat' dir='ltr'><strong>sus,</strong></span> <span class='ocrx_word' id='word_1_508' title='bbox 1009 2227 1046 2256; x_wconf 85' lang='lat' dir='ltr'><strong>et</strong></span> <span class='ocrx_word' id='word_1_509' title='bbox 1069 2223 1238 2266; x_wconf 87' lang='lat' dir='ltr'><strong>ejusmodi</strong></span> <span class='ocrx_word' id='word_1_510' title='bbox 1264 2225 1535 2268; x_wconf 70' lang='lat' dir='ltr'><strong>quaestiunculas</strong></span> <span class='ocrx_word' id='word_1_511' title='bbox 1565 2237 1627 2269; x_wconf 88' lang='lat' dir='ltr'><strong>po·</strong></span> 
     </span>
     <span class='ocr_line' id='line_1_90' title="bbox 913 2273 1626 2321; baseline 0.008 -15"><span class='ocrx_word' id='word_1_512' title='bbox 913 2273 1023 2307; x_wconf 65' lang='lat' dir='ltr'><strong>nens!</strong></span> <span class='ocrx_word' id='word_1_513' title='bbox 1068 2273 1176 2314; x_wconf 74' lang='lat' dir='ltr'><strong>Schef.</strong></span> <span class='ocrx_word' id='word_1_514' title='bbox 1236 2275 1317 2308; x_wconf 88' lang='lat' dir='ltr'><strong>Vid.</strong></span> <span class='ocrx_word' id='word_1_515' title='bbox 1352 2275 1470 2319; x_wconf 87' lang='lat' dir='ltr'><strong>Ampl.</strong></span> <span class='ocrx_word' id='word_1_516' title='bbox 1496 2278 1626 2321; x_wconf 87' lang='lat' dir='ltr'><strong>Cuper.</strong></span> 
     </span>
     <span class='ocr_line' id='line_1_91' title="bbox 914 2324 1626 2363; baseline 0.008 -6"><span class='ocrx_word' id='word_1_517' title='bbox 914 2324 1004 2358; x_wconf 86' lang='lat' dir='ltr'><strong>Obs.</strong></span> <span class='ocrx_word' id='word_1_518' title='bbox 1021 2333 1079 2358; x_wconf 84' lang='lat'><strong>111.</strong></span> <span class='ocrx_word' id='word_1_519' title='bbox 1095 2325 1159 2358; x_wconf 90' lang='lat' dir='ltr'><strong>ult.</strong></span> <span class='ocrx_word' id='word_1_520' title='bbox 1177 2329 1214 2358; x_wconf 86' lang='lat' dir='ltr'><strong>et</strong></span> <span class='ocrx_word' id='word_1_521' title='bbox 1229 2326 1282 2360; x_wconf 91' lang='lat' dir='ltr'><strong>Cl.</strong></span> <span class='ocrx_word' id='word_1_522' title='bbox 1301 2327 1421 2361; x_wconf 85' lang='lat' dir='ltr'><strong>Graev.</strong></span> <span class='ocrx_word' id='word_1_523' title='bbox 1436 2328 1482 2362; x_wconf 84' lang='lat' dir='ltr'><strong>ad</strong></span> <span class='ocrx_word' id='word_1_524' title='bbox 1509 2327 1626 2363; x_wconf 77' lang='lat' dir='ltr'><strong>Cicer.</strong></span> 
     </span>
     <span class='ocr_line' id='line_1_92' title="bbox 915 2376 1626 2421; baseline 0.007 -13"><span class='ocrx_word' id='word_1_525' title='bbox 915 2376 1037 2410; x_wconf 87' lang='lat' dir='ltr'><strong>Famil.</strong></span> <span class='ocrx_word' id='word_1_526' title='bbox 1054 2385 1108 2410; x_wconf 80' lang='lat' dir='ltr'><strong>ix.</strong></span> <span class='ocrx_word' id='word_1_527' title='bbox 1122 2379 1178 2410; x_wconf 82' lang='grc'><strong>26.</strong></span> <span class='ocrx_word' id='word_1_528' title='bbox 1204 2377 1364 2420; x_wconf 86' lang='lat' dir='ltr'><strong>Sympos.</strong></span> <span class='ocrx_word' id='word_1_529' title='bbox 1382 2378 1487 2421; x_wconf 78' lang='lat' dir='ltr'><strong>praef.</strong></span> <span class='ocrx_word' id='word_1_530' title='bbox 1512 2380 1546 2412; x_wconf 90' lang='lat' dir='ltr'><strong>in</strong></span> <span class='ocrx_word' id='word_1_531' title='bbox 1570 2380 1626 2413; x_wconf 79' lang='grc' dir='ltr'><strong>ΙΕ-</strong></span> 
     </span>
     <span class='ocr_line' id='line_1_93' title="bbox 914 2429 1628 2474; baseline 0.004 -12"><span class='ocrx_word' id='word_1_532' title='bbox 914 2429 1088 2471; x_wconf 79' lang='lat' dir='ltr'><strong>nigmata:</strong></span> <span class='ocrx_word' id='word_1_533' title='bbox 1116 2429 1126 2447; x_wconf 92' lang='lat'><strong><em>⁴</em></strong></span> <span class='ocrx_word' id='word_1_534' title='bbox 1143 2429 1176 2463; x_wconf 91' lang='lat' dir='ltr'>N</span> <span class='ocrx_word' id='word_1_535' title='bbox 1180 2439 1221 2463; x_wconf 89' lang='lat' dir='ltr'><strong>ec</strong></span> <span class='ocrx_word' id='word_1_536' title='bbox 1237 2429 1414 2464; x_wconf 86' lang='lat' dir='ltr'><strong>mediocre</strong></span> <span class='ocrx_word' id='word_1_537' title='bbox 1429 2429 1498 2464; x_wconf 85' lang='lat' dir='ltr'><strong>fuit</strong></span> <span class='ocrx_word' id='word_1_538' title='bbox 1510 2432 1628 2474; x_wconf 79' lang='lat' dir='ltr'><strong>magni</strong></span> 
     </span>
     <span class='ocr_line' id='line_1_94' title="bbox 914 2481 1628 2526; baseline 0.004 -13"><span class='ocrx_word' id='word_1_539' title='bbox 914 2481 1112 2514; x_wconf 83' lang='lat' dir='ltr'><strong>certaminis</strong></span> <span class='ocrx_word' id='word_1_540' title='bbox 1126 2481 1237 2514; x_wconf 84' lang='lat' dir='ltr'><strong>instar</strong></span> <span class='ocrx_word' id='word_1_541' title='bbox 1252 2482 1391 2515; x_wconf 80' lang='lat' dir='ltr'><strong>Ponere</strong></span> <span class='ocrx_word' id='word_1_542' title='bbox 1405 2482 1557 2526; x_wconf 86' lang='lat' dir='ltr'><strong>diverse,</strong></span> <span class='ocrx_word' id='word_1_543' title='bbox 1573 2483 1628 2516; x_wconf 86' lang='lat' dir='ltr'><strong>vel</strong></span> 
     </span>
     <span class='ocr_line' id='line_1_95' title="bbox 913 2531 1539 2574; baseline 0.006 -12"><span class='ocrx_word' id='word_1_544' title='bbox 913 2531 1048 2563; x_wconf 86' lang='lat' dir='ltr'><strong>solvere</strong></span> <span class='ocrx_word' id='word_1_545' title='bbox 1063 2541 1211 2574; x_wconf 79' lang='lat' dir='ltr'><strong>quaeque</strong></span> <span class='ocrx_word' id='word_1_546' title='bbox 1227 2531 1399 2565; x_wconf 65' lang='lat' dir='ltr'><strong>vicissim!</strong></span> <span class='ocrx_word' id='word_1_547' title='bbox 1422 2533 1539 2567; x_wconf 76' lang='lat' dir='ltr'><strong>Bam.</strong></span> 
     </span>
    </p>

    <p class='ocr_par' dir='ltr' id='par_1_14' title="bbox 912 2582 1630 2778">
     <span class='ocr_line' id='line_1_96' title="bbox 957 2582 1630 2624; baseline 0.006 -10"><span class='ocrx_word' id='word_1_548' title='bbox 957 2584 979 2614; x_wconf 88' lang='grc'><strong>9</strong></span> <span class='ocrx_word' id='word_1_549' title='bbox 1002 2582 1196 2624; x_wconf 81' lang='lat' dir='ltr'><strong>Novissime]</strong></span> <span class='ocrx_word' id='word_1_550' title='bbox 1218 2582 1364 2622; x_wconf 85' lang='lat' dir='ltr'><strong>Ultimo,</strong></span> <span class='ocrx_word' id='word_1_551' title='bbox 1378 2583 1531 2617; x_wconf 78' lang='lat' dir='ltr'><strong>tandem.</strong></span> <span class='ocrx_word' id='word_1_552' title='bbox 1551 2583 1630 2618; x_wconf 72' lang='lat' dir='ltr'><strong>Suc-</strong></span> 
     </span>
     <span class='ocr_line' id='line_1_97' title="bbox 912 2632 1628 2676; baseline 0.006 -11"><span class='ocrx_word' id='word_1_553' title='bbox 912 2632 1029 2666; x_wconf 78' lang='lat' dir='ltr'><strong>cumbit</strong></span> <span class='ocrx_word' id='word_1_554' title='bbox 1044 2633 1202 2666; x_wconf 83' lang='lat' dir='ltr'><strong>absolute</strong></span> <span class='ocrx_word' id='word_1_555' title='bbox 1218 2643 1294 2676; x_wconf 87' lang='lat' dir='ltr'><strong>pro,</strong></span> <span class='ocrx_word' id='word_1_556' title='bbox 1317 2639 1516 2676; x_wconf 79' lang='lat' dir='ltr'><strong>superatur,</strong></span> <span class='ocrx_word' id='word_1_557' title='bbox 1532 2636 1628 2669; x_wconf 85' lang='lat' dir='ltr'><strong>velut</strong></span> 
     </span>
     <span class='ocr_line' id='line_1_98' title="bbox 914 2683 1627 2725; baseline 0.004 -9"><span class='ocrx_word' id='word_1_558' title='bbox 914 2684 949 2716; x_wconf 92' lang='lat' dir='ltr'><strong>in</strong></span> <span class='ocrx_word' id='word_1_559' title='bbox 965 2685 1166 2725; x_wconf 85' lang='lat' dir='ltr'><strong>certamine,</strong></span> <span class='ocrx_word' id='word_1_560' title='bbox 1182 2683 1260 2716; x_wconf 88' lang='lat' dir='ltr'><strong>dum</strong></span> <span class='ocrx_word' id='word_1_561' title='bbox 1275 2694 1411 2718; x_wconf 86' lang='lat' dir='ltr'><strong>causam</strong></span> <span class='ocrx_word' id='word_1_562' title='bbox 1428 2685 1544 2719; x_wconf 87' lang='lat' dir='ltr'><strong>dicere</strong></span> <span class='ocrx_word' id='word_1_563' title='bbox 1557 2697 1627 2720; x_wconf 90' lang='lat' dir='ltr'><strong>non</strong></span> 
     </span>
     <span class='ocr_line' id='line_1_99' title="bbox 915 2737 1176 2778; baseline -0.008 -9"><span class='ocrx_word' id='word_1_564' title='bbox 915 2740 1050 2778; x_wconf 86' lang='lat' dir='ltr'><strong>potest.</strong></span> <span class='ocrx_word' id='word_1_565' title='bbox 1069 2737 1176 2777; x_wconf 67' lang='lat' dir='ltr'><strong>Senes.</strong></span> 
     </span>
    </p>

    <p class='ocr_par' dir='ltr' id='par_1_15' title="bbox 915 2787 1628 2875">
     <span class='ocr_line' id='line_1_100' title="bbox 960 2787 1628 2832; baseline 0.007 -13"><span class='ocrx_word' id='word_1_566' title='bbox 960 2788 1042 2820; x_wconf 63' lang='lat' dir='ltr'><strong>&#39;Ihm</strong></span> <span class='ocrx_word' id='word_1_567' title='bbox 1061 2788 1162 2820; x_wconf 80' lang='lat' dir='ltr'><strong>victor</strong></span> <span class='ocrx_word' id='word_1_568' title='bbox 1177 2787 1315 2831; x_wconf 65' lang='lat' dir='ltr'><strong>Sophus]</strong></span> <span class='ocrx_word' id='word_1_569' title='bbox 1357 2789 1416 2822; x_wconf 88' lang='lat' dir='ltr'><strong>Sic</strong></span> <span class='ocrx_word' id='word_1_570' title='bbox 1440 2790 1628 2832; x_wconf 80' lang='lat' dir='ltr'><strong>legendum</strong></span> 
     </span>
     <span class='ocr_line' id='line_1_101' title="bbox 915 2838 1627 2875; baseline 0.006 -4"><span class='ocrx_word' id='word_1_571' title='bbox 915 2842 1035 2872; x_wconf 84' lang='lat' dir='ltr'><strong>censet</strong></span> <span class='ocrx_word' id='word_1_572' title='bbox 1047 2838 1265 2872; x_wconf 88' lang='lat' dir='ltr'><strong>doctissimus</strong></span> <span class='ocrx_word' id='word_1_573' title='bbox 1284 2840 1321 2872; x_wconf 86' lang='lat' dir='ltr'><strong>F.</strong></span> <span class='ocrx_word' id='word_1_574' title='bbox 1334 2840 1491 2874; x_wconf 77' lang='lat' dir='ltr'><strong>Pithoeus</strong></span> <span class='ocrx_word' id='word_1_575' title='bbox 1506 2842 1627 2875; x_wconf 86' lang='lat' dir='ltr'><strong>certis·</strong></span> 
     </span>
    </p>
   </div>
  </div>
 </body>
</html>
