1806 3236
349 225 549 258 mesum
585 225 693 257 rsa.
726 198 1028 258 AEsbptsuum
1064 225 1161 256 ma.
1190 224 1254 256 ιν.
1288 213 1356 256 16.

133 326 192 360 est
202 321 264 358 111.
277 322 433 367 nangius
448 321 536 357 Obs.
549 322 641 355 Phil.
657 331 699 355 11.
716 331 751 365 p.
767 324 843 356 857.

132 376 296 411 m
309 385 355 410 ex
377 374 544 409 Paseasio
569 374 760 416 Grosippo,
781 382 843 406 seu

132 428 289 474 we
298 427 498 471 Schioppio,
506 425 663 469 explicat
674 425 843 467 Mariang.

131 489 153 513 a
175 479 273 515 mo
294 479 430 513 Bened.
454 477 599 512 Auctar.
615 476 735 510 Gram.
752 477 843 510 Phil.

129 540 166 576 p·
179 533 233 566 1⁶.
256 531 390 566 mus.
443 530 578 564 Recte:
602 538 668 563 nec
689 533 743 562 est
756 538 842 571 opus

129 581 350 618 mter-husu
370 582 622 618 emendatione.
668 581 791 614 Cicero
805 581 841 614 iu

128 635 203 670 Pin.
223 635 236 656 ‘
249 635 367 676 lllum,
381 635 479 679 cujus
495 643 623 678 paucos
639 642 741 676 pares
766 633 840 666 baec

128 687 252 722 civitas
265 687 372 722 tulit!
393 687 554 720 Lucanus
567 685 628 719 lib.
647 694 678 718 v·
702 685 712 703 ‘
729 685 841 719 Quem

127 739 268 783 metuis,
281 749 345 782 par
369 738 470 783 hujus
491 736 592 771 erat!
636 735 738 769 Adde
752 737 841 768 Vos-

128 792 230 825 sium.
253 789 362 832 Senes.
409 789 575 824 Heinsius
589 792 707 821 tamen
723 787 842 820 mallet

120 843 330 884 fortitudini.-
351 846 390 876 et
412 851 506 885 saepe
521 839 663 883 repperi
677 848 768 872 nunc
783 838 843 871 ali·

84 920 87 923 ᾗ
128 901 184 930 ter
212 895 282 938 edi,
308 905 350 929 ac
372 895 461 928 Mss.
486 893 568 927 olim
593 891 839 925 exhibuerunt.

125 947 186 982 Sic
200 948 375 982 Gruterus
399 950 554 980 testatur
576 944 669 988 apud
690 944 781 977 Flor.
796 952 840 976 11.

126 1001 160 1034 2.
189 999 226 1033 in
255 999 436 1034 codicibus
461 996 608 1031 vetustis
634 996 725 1038 legi,
745 996 755 1014 4
775 994 841 1028 Ille

127 1051 269 1096 quidem
293 1060 359 1094 par
381 1053 490 1084 tantoe
515 1046 724 1082 calamitatis
739 1045 840 1079 fuit?

126 1101 191 1136 sed
214 1106 332 1136 tamen
360 1101 451 1135 male
479 1100 657 1143 explicat3
694 1101 732 1130 et
762 1097 841 1130 ideo

124 1153 291 1188 Salmasio
315 1149 557 1197 reprehensus,
581 1150 640 1194 qui
665 1149 841 1183 calamitati

125 1214 170 1239 cx
205 1204 375 1245 Palatinis
407 1204 493 1238 Msa.
528 1201 688 1246 praefert.
732 1200 839 1244 Apud

126 1256 286 1291 Curtium
311 1265 447 1301 quoque
462 1264 530 1289 vu.
544 1258 578 1288 8.
624 1254 790 1288 Heinsius
805 1254 841 1286 in

124 1309 269 1358 antiquo
282 1309 405 1345 codiee
418 1308 598 1358 repperit:
623 1308 633 1328 ‘
650 1308 687 1341 Si
703 1306 766 1341 Dii
782 1307 841 1340 ha-

1519 211 1606 255 617

897 321 1008 355 bitum
1039 321 1195 365 corporis
1223 320 1276 354 tui
1298 318 1478 353 aviditatis
1502 318 1607 354 animi

896 382 1014 416 parem
1040 383 1117 406 esse
1139 371 1350 406 voluissent?
1371 371 1453 405 Vid.
1470 371 1514 404 ad
1536 371 1607 405 Pe-

896 430 988 459 tron.
1012 435 1090 469 cap.
1117 428 1172 459 92.
1206 425 1353 458 Diversa
1374 424 1464 457 ratio
1488 427 1544 457 est
1570 424 1606 457 in

895 477 964 510 illis
978 477 1053 510 Silii
1069 486 1120 510 iv.
1136 479 1213 510 370.
1236 477 1247 495 4
1261 476 1386 510 AEtatis
1409 475 1607 520 mentisque

897 528 1023 572 pares,'
1037 533 1073 562 et
1087 528 1191 561 Statii
1208 537 1287 561 vm.
1301 531 1377 561 608.
1398 528 1410 547 4
1425 528 1498 561 Par
1511 528 1606 561 aliud

895 591 1028 614 morum
1038 580 1062 614 τ’
1086 581 1144 614 ubi
1159 580 1239 614 vide
1256 581 1447 614 Barthium.
1469 581 1586 615 Bam.

938 636 959 665 7
990 631 1171 674 Sustineas]
1202 631 1389 674 Absolute,
1417 631 1504 675 pati,
1527 642 1606 676 per-

895 683 1001 718 ferre.
1034 685 1162 718 Balbus
1179 685 1272 727 apud
1288 685 1363 718 Cic.
1380 684 1456 718 Att.
1471 678 1538 728 Ep.
1551 693 1607 719 11.

895 739 927 769 9.
957 737 968 756 4
984 736 1116 778 Sentio,
1142 746 1211 770 non
1238 746 1338 780 posse
1363 741 1456 770 tuam
1480 736 1608 770 famam

896 793 933 821 et
948 788 1098 822 officium
1125 789 1309 830 sustinere,
1326 794 1365 822 ut
1380 793 1503 822 contra
1529 797 1608 822 eum

895 851 989 874 arma
997 840 1113 874 feras!
1128 841 1225 875 Suet.
1238 841 1333 876 Julio
1346 851 1421 884 cap.
1435 843 1490 875 74.
1499 842 1511 862 4
1524 841 1608 875 Cor-

895 892 987 926 nelio
1002 893 1169 935 Phagetae
1185 903 1358 938 nunquam
1369 892 1534 926 sustinuit
1546 903 1607 926 no·

895 944 999 977 cere!
1023 944 1131 985 Schef.
1175 945 1288 978 Cicer.
1304 945 1400 978 Fam.
1416 953 1451 978 V.
1466 947 1521 979 10.
1542 946 1554 964 4
1570 944 1607 977 Si

894 1006 950 1029 me
976 997 1136 1030 hercules
1163 995 1270 1039 Appii
1297 1006 1334 1029 os
1353 995 1528 1037 haberem,
1554 1000 1606 1029 ta-

895 1056 975 1080 men
986 1047 1052 1080 hoc
1064 1047 1236 1081 sustinere
1247 1057 1313 1080 non
1327 1047 1486 1090 possem!
1502 1047 1608 1081 ovid.

895 1099 984 1132 Met.
1013 1109 1037 1133 1.
1063 1102 1141 1132 530.
1172 1100 1183 1118 4
1201 1099 1270 1132 Sed
1297 1099 1388 1131 enim
1412 1109 1481 1132 non
1505 1098 1608 1132 susti·

894 1154 956 1184 net
972 1151 1064 1184 ultra
1079 1151 1236 1184 Perdere
1261 1151 1448 1184 blanditias
1462 1151 1485 1185 J
1489 1151 1608 1184 uvenis

894 1203 990 1236 Deus
1002 1203 1024 1236 :’
1061 1203 1160 1246 Elcg.
1197 1203 1240 1236 ad
1275 1203 1408 1236 Liviam
1444 1213 1496 1236 vs.
1530 1206 1606 1236 13⁵.

894 1254 905 1273 ‘
920 1255 1016 1287 'rene
1039 1264 1104 1297 ego
1127 1254 1282 1288 sustineo
1308 1254 1472 1297 positum,
1497 1254 1608 1287 scele·

895 1309 980 1349 rata,
994 1305 1115 1339 videre
1125 1305 1149 1338 ?’

644 1571 906 1619 FABULA
943 1573 1084 1617 XVI.

168 1726 187 1756 l
224 1723 392 1765 For-tuuis]
429 1724 487 1757 De
516 1722 732 1766 improspero
761 1731 839 1755 suc·

123 1785 224 1810 censu
238 1784 353 1809 rerum
368 1784 518 1808 suarum.
563 1774 717 1807 Fortunoe
731 1773 839 1819 igitur

122 1827 180 1861 hic
194 1826 231 1861 in
245 1826 374 1871 plurali
389 1836 468 1870 pro,
491 1825 648 1859 fortuna.
691 1825 838 1858 Plautus

122 1878 240 1912 Milite
266 1882 335 1912 act.
349 1887 391 1911 u.
415 1887 466 1911 sc.
486 1880 517 1910 1.
539 1878 550 1895 4
566 1877 755 1920 Postquam
781 1887 838 1910 oc-

123 1930 218 1963 casio
234 1933 300 1972 est,
313 1928 549 1973 Conqueritur
564 1937 700 1961 mecum
716 1928 838 1960 mulier

123 1979 281 2015 fortunas
295 1990 396 2021 suas3
420 1979 494 2022 Ait,
508 1990 584 2012 sese
608 1978 764 2012 Athenas
786 1978 838 2012 fu-

122 2041 208 2074 gere
222 2027 372 2075 cupere.'
409 2031 468 2064 Sic
481 2031 626 2063 Terent.
642 2029 753 2064 Andr.
770 2035 839 2063 act.

123 2093 151 2117 ι.
167 2093 217 2118 sc.
233 2086 266 2117 1.
281 2088 318 2117 et
333 2083 428 2117 alibi.
451 2082 560 2123 Schts.
628 2107 635 2112 ,

165 2137 188 2168 2
212 2134 344 2177 Finxit]
365 2133 536 2167 Absolute
551 2144 630 2177 pro,
644 2133 746 2167 finxit
760 2134 839 2176 hoc,

121 2187 212 2220 hauc
247 2185 413 2219 fabulam.
480 2186 683 2219 Bucbnerus
718 2186 839 2219 mallet

122 2238 223 2278 uixit,
245 2243 306 2271 aut
316 2237 402 2282 infit.
434 2237 664 2271 Doctissimus
679 2237 837 2280 Cuperus

122 2290 175 2323 ita
200 2294 303 2332 putat
329 2299 449 2322 versus
464 2289 525 2322 hos
555 2288 724 2332 legendos
750 2288 837 2322 Obs.

123 2341 199 2375 Lib.
214 2350 256 2375 ιι.
270 2351 302 2375 c.
326 2342 390 2375 ult.
424 2341 435 2360 ‘
452 2342 592 2375 Vexata
617 2342 718 2374 saevis
740 2342 837 2375 navis

122 2395 400 2440 tempestatibus,
434 2394 537 2428 Inter
568 2400 749 2427 vectorum
787 2395 835 2427 la-

122 2447 296 2490 chrymas,
310 2450 348 2479 et
361 2445 482 2478 mortis
494 2449 619 2487 metus,
634 2445 774 2479 Faciem
790 2445 835 2478 ad

121 2507 281 2532 serenam
295 2497 411 2531 subito
430 2501 544 2530 mutat
569 2501 608 2529 ut
633 2496 721 2537 dies,
736 2496 836 2529 Ferri

122 2549 282 2584 secundis
297 2553 377 2583 tuta
391 2548 497 2591 coepit
510 2547 678 2581 flatibus!
716 2548 837 2581 Laudo

120 2601 311 2644 ingenium,
324 2600 384 2633 sed
401 2599 460 2632 ubi
476 2599 569 2632 nulla
583 2598 763 2641 compellit
778 2608 838 2632 ne-

47 2688 50 2695 ,
123 2653 281 2695 cessitas,
295 2651 338 2685 ad
353 2650 614 2684 emendationes
625 2650 758 2686 tardius
771 2660 838 2693 ego

124 2702 265 2747 quidem
280 2703 376 2736 soleo
392 2702 574 2736 accedere.
608 2701 714 2742 Sches.

169 2754 360 2787 consolandi
383 2754 510 2796 gratia]
544 2754 614 2787 Ms.
638 2755 835 2787 consulendi.-

124 2815 168 2838 au
207 2814 291 2838 vero
324 2805 465 2847 gratiam
501 2805 742 2839 scribendum?
778 2803 836 2839 Ita

124 2855 286 2900 Guietus,
300 2859 337 2890 et
352 2855 459 2890 editio
477 2855 598 2900 prima.
624 2856 712 2891 Gud.

937 1723 957 1754 3
986 1721 1121 1763 Vexata,
1146 1721 1217 1764 ἐγὼ]
1251 1718 1356 1763 Apud
1382 1717 1608 1752 Theodorum

892 1771 1121 1805 Prodromum
1151 1771 1214 1805 lib.
1239 1781 1306 1805 vn.
1330 1770 1478 1805 eandem
1504 1770 1609 1803 maris

891 1824 1024 1858 variam
1046 1824 1275 1857 mutationem
1297 1822 1461 1857 brevibus
1475 1821 1607 1855 lambis

892 1874 1067 1918 expressit
1092 1875 1322 1908 Rhodanthes
1344 1884 1423 1916 pag.
1443 1877 1519 1907 282.
1556 1871 1609 1906 Εἷς

892 1925 1056 1959 θάλασσαν
1091 1926 1256 1967 ἑμπλέειςς
1297 1925 1437 1968 Κλύδων,
1469 1925 1606 1965 γαλήνη,

892 1979 986 2020 κῦμα,
1020 1977 1150 2018 λειότης
1192 1977 1303 2019 πλόου,
1340 1975 1609 2018 Ἀντεμψυσήσεις

893 2028 1024 2070 ἀνέμων,
1038 2028 1180 2071 ἡσυχίαι.
1206 2030 1293 2062 Gud.

942 2081 1065 2113 Vexata
1089 2081 1195 2122 navis]
1218 2081 1276 2113 Sic
1298 2080 1420 2123 virgil.
1442 2080 1451 2098 ‘
1470 2079 1606 2113 Vexata

892 2131 1001 2172 ratis,'
1029 2136 1184 2174 raptata,
1211 2132 1277 2165 huc
1298 2135 1404 2174 atque
1426 2131 1510 2164 illue
1535 2131 1605 2164 dis-

893 2187 1017 2217 tracta.
1029 2183 1174 2216 Gelbu.
1186 2193 1216 2216 c.
1232 2186 1264 2216 9.
1278 2183 1437 2216 Macrob.
1453 2184 1526 2216 Sat.
1537 2192 1605 2216 vn.

891 2246 922 2268 c.
937 2237 970 2267 6.
995 2235 1073 2268 Nec
1095 2234 1214 2268 obstat
1227 2234 1368 2267 Servius
1384 2234 1443 2277 qui
1457 2233 1607 2276 Virgilio

890 2286 1078 2319 ταπείνωσιν
1102 2285 1272 2330 quandam
1296 2285 1488 2328 confingit:
1525 2295 1606 2319 nam

892 2338 992 2371 valde
1008 2337 1117 2381 κυρίως
1130 2338 1248 2379 Scylla
1269 2338 1279 2355 ‘
1296 2337 1441 2370 vexare'
1465 2338 1608 2380 dicitur,

891 2400 971 2423 cum
1005 2390 1129 2424 Vexare
1167 2389 1285 2423 Graeci
1322 2388 1441 2422 dicant
1475 2390 1607 2423 Σκῦλαι.

892 2442 1027 2475 Glossoe
1044 2446 1198 2475 veteres:
1224 2442 1235 2459 4
1250 2441 1378 2482 Vexat,
1389 2439 1495 2482 ὀχλεῖ,
1507 2439 1606 2473 σκύλ-

890 2500 951 2535 λει,
959 2493 1115 2536 χειμάζει.
1137 2494 1288 2534 Vexare,
1298 2493 1423 2525 σκῦλα.
1443 2493 1609 2537 Vexatio,

892 2545 1043 2587 σκυλμός.
1086 2547 1258 2587 Vexatus,
1273 2544 1512 2588 καταπονηθεὶς,
1533 2557 1609 2578 exv·

892 2597 972 2631 λείς.
1001 2598 1118 2638 Vexo,
1132 2598 1310 2640 καταπονῶ,
1329 2595 1494 2629 amatum!
1523 2596 1605 2631 Vid-

893 2649 1059 2683 Ge11.1ib.
1074 2657 1116 2681 ιι.
1129 2651 1162 2680 6.
1186 2648 1266 2689 Rig.

935 2701 1039 2743 Navi]
1063 2700 1133 2735 Qui
1149 2699 1358 2733 brevitatem
1372 2700 1514 2733 Phaedri
1531 2701 1608 2734 vult

890 2762 1119 2797 cognoscere,
1128 2755 1310 2794 comparet
1321 2749 1438 2795 AEsopi
1450 2750 1519 2785 fab.
1527 2754 1605 2786 872.

890 2805 1062 2847 Exempla
1081 2803 1304 2845 tempestatis
1326 2802 1436 2836 fusius
1450 2802 1606 2847 descrip-

891 2861 930 2890 ta
956 2855 1137 2890 annotavit
1153 2865 1196 2889 ex
1214 2853 1355 2889 Radero
1378 2854 1432 2889 Cl.
1447 2854 1604 2890 Freinsb.
