1806 3236
238 211 325 256 108
527 223 728 257 PHAEDRI
761 223 1075 256 FABULARUM
1106 223 1408 257 AESOPIARUM

240 315 445 372 Attende,
467 332 545 362 cur
563 332 720 375 negare
740 320 916 376 cupidis
935 320 1129 374 debeat-13
1674 375 1677 377 ,

240 386 460 431 Modestis
479 389 611 431 etiam
631 387 796 440 offerre,
818 389 941 445 quod
958 395 1044 432 non
1064 388 1283 444 petierint.
1557 399 1560 403 ·
1638 384 1698 437 16

238 507 351 550 avidis,
361 511 392 540 et
407 509 484 541 dare
497 509 588 542 ultro
603 508 746 541 modestis
759 509 839 551 quod
852 519 912 542 non
924 508 1161 552 postulaverint.

850 606 869 618 O
873 605 1066 620 OOC‘OO‘OO‘
1070 605 1088 618 0

238 673 313 715 Leo,
328 677 364 705 et
381 673 558 706 Praedator.
603 672 646 705 Id
662 673 751 716 quod
766 672 896 706 factum
923 683 943 706 a
968 673 1082 706 Fabro
1100 673 1136 706 in
1150 673 1309 707 Editione
1322 673 1474 707 Phaedri.
1519 671 1696 716 Bipontini

239 716 442 748 ediderunt:
465 716 579 748 Lector
593 716 728 758 accipias
742 718 834 749 velim
857 717 923 756 lta,
937 716 965 748 si
979 718 1124 759 rependet
1139 717 1188 750 illi
1202 717 1340 750 brevitas
1349 718 1500 758 gratiam
1544 717 1696 751 Brotier.

238 759 298 801 qni
314 769 362 792 vs.
375 762 426 791 ll.
441 759 528 801 legit
543 760 689 802 accipiat,
712 764 830 792 tuetur
851 760 1038 801 vulgatam,
1054 760 1106 792 Ita
1116 761 1161 792 sic
1174 762 1318 802 rependet
1333 761 1382 792 illi
1401 760 1535 793 brevitas
1545 760 1698 803 matiam,

235 801 376 834 laudans
392 802 468 834 Liv.
489 802 551 835 lib.
566 811 607 834 11.
623 812 653 834 c.
669 805 720 834 10.
742 803 751 820 ‘
767 802 825 834 Ita
848 803 898 835 sic
919 807 1070 834 armatus
1097 802 1129 834 in
1154 808 1295 845 pontem
1317 802 1479 835 desiluit:
1523 802 1696 845 Erotion-jo

237 850 340 886 paret
355 844 475 878 Didot.
490 845 525 877 in
543 846 634 878 Edit.
660 850 871 888 stereotypa.
916 845 1021 877 Hisce
1051 845 1153 887 addo,
1175 857 1252 889 quae
1279 846 1397 878 scribit
1411 844 1698 888 Schirachiun,'v.

238 888 281 920 D.
298 888 333 919 in
345 888 444 920 Clav.
469 889 508 920 P.
522 897 546 921 1.
563 898 598 930 p.
613 891 687 921 321.
709 890 718 906 ‘
737 889 840 921 Hunc
856 886 1029 921 difficilem
1051 889 1162 921 locum
1178 899 1245 922 nou
1262 889 1468 929 dubitamus,
1483 889 1699 927 consentien-

238 930 330 963 tibus
346 931 488 963 vetustis
504 931 613 971 libris,
629 932 677 963 ita
693 932 860 964 scribere:
886 931 939 963 Ita
949 932 994 963 sic
1003 932 1146 973 rependit
1156 932 1206 965 illi
1217 932 1353 964 brevitas
1363 933 1516 974 gratiam,
1527 933 1579 973 ξε.
1617 930 1698 966 Non

235 973 390 1015 ineptum
413 974 561 1014 videtur,
587 984 724 1007 servare
749 975 934 1007 lectionem
959 979 1173 1007 constantem
1194 977 1229 1007 in
1252 975 1449 1014 Codicibus,
1463 985 1514 1007 vs.
1530 977 1582 1008 12.
1597 979 1634 1008 et
1648 974 1698 1008 le-

236 1026 330 1058 gere,
345 1017 398 1048 Ita
410 1018 580 1059 sic‚quod,
594 1027 658 1049 nec
674 1017 746 1050 sine
762 1019 933 1059 exemplo,
954 1017 1021 1049 dici
1038 1017 1183 1050 affirmat
1200 1019 1393 1051 Gronovius
1418 1018 1453 1050 in
1479 1016 1698 1053 Emendatio-

236 1060 338 1092 nibus
354 1060 389 1091 in
404 1060 596 1102 Praedmm,
610 1065 713 1102 atque
727 1061 828 1103 plane
844 1062 1055 1102 pleonasmus
1071 1066 1124 1093 est
1140 1071 1334 1103 germanus,
1348 1070 1425 1094 cum
1441 1059 1605 1094 dicimus:
1628 1056 1703 1106 Aqf

235 1103 319 1140 diese
331 1102 397 1135 Art
411 1104 485 1135 also.
529 1104 584 1134 Ita
599 1103 687 1135 enim
705 1113 780 1145 pro,
796 1104 912 1146 itaque
935 1109 1054 1146 atque,
1075 1104 1138 1136 hoc
1153 1105 1254 1137 modo
1270 1103 1520 1147 explicandum.
1563 1103 1698 1148 Aglaien

237 1145 377 1178 claudat
391 1146 590 1188 conjectura
606 1146 861 1188 Cannegieteri,
890 1148 926 1178 in
940 1147 1043 1178 Misc.
1060 1146 1146 1179 Obs.
1160 1148 1225 1181 vol.
1245 1157 1297 1181 vx.
1312 1157 1347 1190 p.
1373 1149 1450 1179 608.
1476 1143 1698 1182 rescribentis

237 1198 336 1264 ger-su
352 1191 406 1221 13.
432 1188 494 1221 Cui
507 1189 554 1221 vis
575 1189 702 1222 verbosa
716 1191 813 1222 nescit
827 1189 1080 1232 commender-ier,
1095 1194 1134 1223 ut
1148 1190 1197 1223 vis
1210 1190 1336 1223 verbosa
1351 1190 1410 1234 sit,
1422 1188 1606 1223 multitudo
1621 1198 1696 1230 ver—

262 1240 368 1265 orum.
1643 1240 1647 1245 ’
1668 1241 1671 1244 ’

825 1618 1039 1658 FABULA
1076 1618 1107 1656 Ι.

435 1797 787 1849 JUVENCUS,
819 1795 957 1848 LEO,
989 1795 1071 1837 ET
1099 1793 1489 1848 PRAEDATOR.

235 1978 405 2021 SUPER
420 1976 661 2033 juvencum
680 1975 827 2018 stabat
845 1974 1060 2030 dejectum
1079 1974 1188 2017 Leo.

234 2046 469 2089 Praedator
486 2045 736 2096 intervenit,
763 2047 930 2099 partem
950 2043 1205 2098 postulans:

234 2115 418 2166 Darem,
447 2114 602 2169 inquit,
633 2113 720 2155 nisi
739 2113 906 2155 soleres
927 2126 1005 2167 per
1025 2115 1067 2154 te
1089 2123 1286 2154 sumere:

234 2181 293 2223 Et
311 2181 566 2236 improbum
583 2180 750 2235 rejecit.
811 2180 944 2222 Forte
963 2179 1170 2221 innoxius

234 2249 395 2291 Viator
414 2251 482 2290 est
501 2248 719 2290 deductus
740 2249 785 2290 in
805 2248 989 2299 eundem
1005 2248 1187 2306 locum„
1665 2245 1696 2288 5

235 2316 439 2372 Feroque
458 2316 558 2359 viso
578 2316 728 2358 retulit
745 2319 858 2358 retro
879 2315 1053 2371 pedem.

275 2447 341 2480 Leo
354 2447 479 2480 sedebat
493 2457 586 2489 super
599 2447 772 2479 Juvencum
778 2446 946 2487 jacentem.
990 2446 1107 2478 Proedo
1122 2446 1300 2487 supervenit
1316 2449 1427 2488 petens
1437 2449 1571 2487 partem.
1611 2446 1694 2480 Con·

232 2492 380 2532 cederem,
404 2491 464 2532 ait,
486 2491 520 2522 ni
532 2490 736 2522 consuevisse-s
756 2498 876 2531 rapere,
897 2492 928 2521 et
947 2489 1062 2531 repulit
1083 2490 1175 2521 hunc
1195 2490 1310 2522 malum
1324 2489 1505 2521 hominem.
1548 2488 1695 2523 quito

234 2543 316 2566 vero
331 2534 474 2567 innocens
488 2534 591 2566 viator
603 2533 688 2565 venit
699 2534 814 2575 eodem,
824 2535 867 2574 et,
882 2532 946 2564 viso
964 2533 1078 2573 Leone,
1092 2542 1250 2573 regressus
1264 2535 1321 2565 est.
1353 2532 1416 2563 Cui
1427 2532 1514 2564 mitis
1525 2532 1577 2565 iae
1586 2533 1672 2566 dixit
1681 2544 1694 2566 .-

836 2618 1072 2630 eeeeeeeeeeee

279 2679 295 2707 l
319 2675 470 2708 Bentlei.
497 2684 593 2707 more
618 2683 678 2706 sno
700 2673 873 2714 emendat,
890 2673 1071 2713 juvencum,
1092 2677 1128 2705 ut
1144 2673 1260 2712 stabat,
1283 2672 1375 2714 quod
1391 2671 1504 2714 rejicit
1517 2671 1636 2706 Burm.
1649 2673 1692 2706 ob

234 2718 308 2750 soni
336 2719 579 2751 insuavitatem
611 2722 647 2750 et
672 2717 835 2749 duritiam
864 2717 1022 2756 elisionis,
1047 2726 1128 2756 cum,
1149 2719 1195 2748 ut.
1232 2715 1505 2756 Cuninghamus:
1527 2714 1692 2754 &fficium

233 2764 374 2794 stat.—2
398 2761 582 2794 Heinsius:
606 2761 723 2793 Proedo
744 2760 912 2792 intervenit
937 2760 1099 2802 postulans
1121 2761 1245 2800 partem
1273 2758 1376 2800 lupus,
1402 2757 1482 2800 quia
1502 2766 1606 2800 supra
1632 2758 1692 2792 lib.

235 2812 260 2837 1.
270 2802 339 2837 fab.
354 2807 386 2841 1.
402 2805 411 2823 ‘
424 2804 542 2837 Latro'
558 2803 671 2837 dictus
683 2804 795 2846 lupus.
812 2802 1230 2845 ImprobatBurmannus,
1243 2811 1321 2834 cum
1329 2800 1373 2833 de
1389 2801 1470 2843 lupo
1480 2800 1538 2834 hic
1549 2800 1690 2843 aginul-
