1806 3236
379 202 582 235 ramum
616 202 727 234 ras.
760 198 1068 234 AEsormnum
1103 198 1198 230 mu.
1231 198 1263 231 1.
1294 186 1365 230 21.

137 298 280 343 scriptu
302 297 431 332 Annal-
455 300 593 342 quarto,
615 296 628 317 ‘
642 297 732 331 Tum
746 306 848 330 aecu-

135 350 316 388 nmen.
331 350 518 384 Lentulum
541 354 580 383 et
604 349 720 383 Seium
735 349 849 382 Tube-

133 411 258 437 ronem
279 401 595 444 nominat‚'uiagno‘
615 402 748 445 pudore
773 403 849 435 Cae·

137 453 238 495 urb,
257 462 336 487 eum
362 452 530 495 primores
555 453 721 494 civitatis,
735 453 849 486 intimi

135 504 245 548 ipatus
259 503 374 546 amici,
395 504 563 538 Lentulus
585 505 777 538 senectutis
791 513 849 536 ex-

137 559 272 597 treme,
293 555 438 589 Tubero
453 555 594 589 defecto
616 565 774 598 corpore,
796 558 849 588 tu-

136 607 266 642 multu·
279 607 428 649 hostilis,
452 611 490 641 et
505 607 690 640 turbandae
709 606 850 650 reipub-

136 659 216 693 lice
244 658 548 692 arcesserentur?
572 669 664 700 cum,
697 659 850 702 inquam,

136 710 214 744 bec
228 710 367 752 scripsit
390 709 548 752 Tacitus,
571 709 653 753 quid
679 709 773 743 aliud
798 709 851 742 in-

136 761 333 804 telligebat,
347 771 450 804 quam
464 761 663 803 absumptas
675 760 851 793 Tuberoni

137 812 336 855 corpusculi
351 812 439 845 vires
453 811 581 845 fnisse?
627 813 672 845 Et
686 812 763 856 baec
779 812 852 855 qui-

139 862 221 896 dem
253 863 300 896 de
337 863 505 906 Seboppii
533 864 755 906 conjectura;
789 863 850 906 qui

137 923 218 948 cum
239 913 418 958 principes
433 915 598 948 bonarum
613 915 740 948 artium
756 915 851 948 velli-

139 965 242 1007 carst,
263 970 303 999 et
326 976 421 1009 soepe
445 966 509 999 sub
536 966 652 999 ferula
680 966 853 1009 habuerit,

139 1025 218 1059 qun
233 1016 377 1050 bominis
391 1016 604 1050 confidentia
618 1021 707 1059 erat,
729 1017 783 1050 bic
799 1022 851 1050 ta-

138 1076 220 1100 men
235 1076 275 1100 se
291 1071 363 1101 tam
379 1068 530 1110 turpiter
546 1072 689 1112 tamque
707 1068 852 1101 ridicule

138 1118 250 1152 dedit.
286 1118 368 1152 Feb.
427 1119 641 1170 Scbpppius:
686 1119 851 1160 Defessus.

139 1170 236 1205 Nihil
259 1171 392 1211 nrinus;
417 1171 610 1204 Columella
626 1171 685 1204 lib.
701 1181 727 1204 1.
751 1170 852 1214 praef.

138 1222 150 1242 ‘
173 1221 207 1255 E
236 1221 340 1255 turba
372 1221 629 1256 lecticariorum
657 1222 852 1256 defectissi-

137 1282 232 1306 rnum
247 1272 346 1306 anuis
361 1276 399 1306 et
414 1273 542 1307 viribus
555 1274 592 1306 in
615 1284 736 1317 agrum
763 1275 852 1307 rele-

139 1322 222 1367 gat?
267 1323 474 1357 Petronius:
497 1325 508 1343 ‘
523 1325 695 1358 Lucernae
709 1326 852 1358 humore

137 1374 313 1410 defectae.’
357 1377 526 1420 Ulpianus
542 1378 601 1411 lib.
616 1387 674 1411 ιιι.
696 1377 733 1411 ff.
754 1378 800 1410 ad
814 1378 852 1411 S.

138 1427 182 1462 C.
202 1427 311 1462 silan.
329 1427 342 1447 ‘
358 1427 559 1471 Ignoscitur
573 1428 679 1462 etiam
700 1429 768 1470 his,
793 1429 852 1472 qui

137 1477 392 1513 ntatedefecti
406 1479 512 1512 sunt.'
554 1480 674 1513 Simile
693 1480 776 1523 qnid
791 1480 851 1512 ha-

138 1529 204 1564 ber
213 1530 298 1564 Fsb.
311 1531 417 1564 Decl.
433 1539 517 1564 xut-
537 1531 550 1549 ‘
565 1531 788 1575 Defectaque
804 1532 852 1564 la·

139 1580 225 1614 bore
249 1581 434 1615 senectus:
476 1581 569 1616 Item
597 1582 767 1625 Apuleius
792 1583 851 1616 lib.

140 1639 193 1663 ιν.
230 1629 342 1665 Asini.
398 1631 512 1666 Quem
547 1633 678 1666 iccirco
721 1633 852 1666 frustra

139 1681 335 1724 schoppius
356 1682 533 1716 emendat.
578 1684 676 1717 Idem
700 1685 791 1718 enim
814 1689 853 1717 et

139 1732 200 1767 lib·
215 1741 264 1767 vr.
285 1735 296 1751 ‘
312 1733 484 1774 Gradum,
504 1734 681 1768 defectum
705 1736 851 1769 assiduis

138 1783 331 1827 laboribus,
360 1794 442 1828 spes
471 1786 662 1820 incitabat!
707 1787 852 1821 Rectius

140 1835 358 1878 Rutgersins,
380 1837 517 1880 quando
533 1838 634 1871 Lect.
646 1839 730 1871 Var.
743 1840 805 1872 lib.
816 1849 852 1873 v.

140 1889 194 1920 10.
215 1886 421 1921 vocabulum
442 1888 507 1921 boe
523 1888 676 1923 vindicat
688 1891 854 1924 Terentio

141 1948 292 1982 quoqne,
313 1949 356 1972 ex
372 1940 560 1974 Scholiaste
580 1941 772 1984 Juvenalis,
793 1943 855 1986 qui

142 1989 193 2022 sic
234 1999 372 2023 versum
409 1991 484 2033 ejus
519 1990 679 2034 Adelpho
709 1997 777 2025 act.
812 2003 854 2027 11.

142 2049 191 2073 sc.
213 2042 247 2072 2.
269 2041 408 2074 retulit:
431 2044 442 2060 ‘
458 2042 535 2084 Ego
556 2043 766 2084 vapulando,
794 2043 854 2076 ille

142 2089 358 2123 verberando
385 2101 496 2134 usque
522 2093 622 2125 ambo
642 2093 777 2127 defecti
800 2104 854 2126 su-

142 2139 260 2182 mus-'v
286 2139 390 2174 Adde
415 2142 522 2175 etiam
546 2144 688 2178 Salmas.
713 2145 756 2177 ad
772 2145 855 2178 Ter·

143 2191 221 2226 tull.
236 2191 328 2225 Pau.
342 2202 379 2236 p.
389 2203 435 2226 m.
448 2196 534 2241 197„
556 2195 682 2229 Studet
695 2196 855 2239 equidem

143 2242 236 2276 tueri
252 2252 329 2276 sese
343 2243 552 2287 Scboppins,
577 2251 614 2279 et
638 2246 795 2287 defectum
810 2247 855 2280 ab

143 2298 320 2337 argenteas
357 2296 473 2329 etatis
507 2298 734 2341 scriptoribus
778 2309 855 2342 pro,

143 2344 341 2380 confectum
372 2347 424 2380 ait
452 2349 612 2392 usurpari
639 2350 673 2382 in
704 2350 855 2383 Infamia

143 2398 301 2432 Famiani
328 2410 364 2442 p.
392 2403 466 2434 115.
488 2402 548 2435 ubi
570 2403 689 2436 multis
717 2403 761 2436 de
790 2404 854 2437 boc

144 2459 285 2493 genere.
329 2450 461 2484 Verum
485 2451 629 2495 frustra,
658 2459 698 2487 nt
721 2454 857 2497 opinor,

141 2502 292 2535 maxime
308 2501 337 2535 si
353 2503 527 2545 Rutgersii
543 2505 713 2538 sententia
726 2506 783 2539 hic
797 2516 855 2539 au-

142 2551 283 2589 dienda.
313 2553 420 2594 Senes.
466 2554 613 2588 Ovidius
643 2556 789 2590 Metam.
818 2566 855 2590 v.

141 2602 153 2622 ‘
166 2601 344 2646 Sanguine
359 2604 516 2638 defectos
531 2605 660 2639 cecidit
682 2608 855 2650 collapsus

143 2652 182 2687 in
192 2653 313 2688 artus?
355 2655 403 2688 Et
412 2656 558 2689 Metam.
571 2666 625 2690 ιι.
641 2659 652 2677 ‘
668 2658 754 2692 Quae
765 2659 855 2692 vires

146 2701 287 2737 defecto
315 2704 442 2738 reddat
467 2707 597 2739 umori.¹
634 2709 740 2741 Axen-
786 2709 857 2743 Qui

146 2753 297 2797 plurima
332 2755 433 2799 hujus
469 2757 653 2791 locutionis
692 2760 857 2802 exempla

147 2803 260 2839 affert.
304 2807 436 2842 Firmat
451 2808 539 2842 banc
563 2810 748 2844 lectionem
764 2809 856 2844 Ano·

1524 186 1613 230 397

899 303 1021 337 nymus
1036 293 1220 328 Nielantii.
1264 291 1357 326 Vide
1377 295 1416 326 et
1429 291 1613 326 Heinsium

899 347 944 379 ad
971 345 1078 379 ovid.
1095 346 1192 380 Fast.
1206 354 1265 380 m.
1279 347 1358 378 674.
1380 347 1419 378 et
1444 354 1523 388 quae
1549 354 1612 378 nos

899 398 945 431 ad
968 398 1137 433 Quinctil.
1159 398 1321 431 Declam.
1336 404 1426 430 xlm·
1449 399 1483 430 2.
1505 395 1613 430 adno-

899 450 1060 484 tavimus.
1104 450 1163 482 De
1179 451 1297 483 Leone
1311 459 1395 484 vero
1423 459 1505 482 sene
1522 449 1613 488 vide,

900 511 976 544 quae
989 500 1133 543 collegit
1147 502 1281 545 Dausq.
1297 501 1341 534 ad
1359 502 1404 536 Q.
1425 500 1613 534 Calabrum

899 552 961 586 lib.
975 561 1019 586 ιι.
1036 562 1116 595 pag.
1131 555 1187 585 60.
1210 553 1328 586 Burm.

942 603 1098 644 Defectus
1112 603 1220 646 annis]
1243 604 1355 639 Quem
1372 605 1508 638 scilicet
1532 605 1614 638 anni

900 655 1134 689 deficiebant:
1159 659 1169 675 ‘
1187 657 1276 689 Nam
1304 656 1379 689 vita
1403 657 1506 689 morti
1535 666 1614 699 pro—

900 707 978 751 pior
995 710 1050 740 est
1070 706 1226 740 cotidie?
1273 707 1458 740 Hominem
1474 717 1614 750 sexage-

900 758 1049 800 narium,
1071 758 1127 791 cui
1151 759 1330 800 sexaginta
1343 759 1495 802 quinque
1511 768 1616 791 anno-

901 820 977 843 rum
992 810 1066 843 vita
1081 810 1230 843 vivenda
1244 814 1310 852 est,
1332 810 1413 843 anni
1429 809 1614 842 deficiunt:

901 872 1027 904 nempe
1043 862 1195 905 quinque
1209 867 1344 895 tantum
1356 862 1406 894 illi
1419 865 1616 905 supersunt.

901 914 1075 947 Martialis
1101 914 1222 956 Epigr.
1253 923 1338 947 xm.
1367 916 1424 946 77.
1455 914 1475 935 ‘1
1488 913 1618 947 Dulcia

901 964 1043 998 defecta
1062 964 1262 998 modulatur
1288 965 1443 998 carmina
1472 962 1615 1006 lingua,’

901 1019 970 1050 διο.
1023 1017 1167 1050 Tacitus
1190 1016 1315 1049 Annal.
1338 1026 1391 1050 nr.
1413 1017 1424 1035 ‘
1446 1016 1614 1049 Lentulus

902 1067 1092 1101 senectutis
1107 1072 1294 1109 extremae,
1309 1067 1446 1100 Tubero
1472 1065 1616 1099 defecto

902 1118 1075 1161 corpore.'
1107 1119 1119 1136 ‘
1135 1117 1295 1151 Defectae
1311 1118 1446 1159 domus,
1458 1122 1496 1150 et
1510 1116 1616 1150 foenei

903 1168 1078 1202 defective
1092 1168 1269 1210 homines,’
1287 1169 1327 1201 C.
1344 1169 1410 1201 Th.
1424 1168 1483 1201 lib.
1499 1177 1556 1200 111.
1572 1167 1617 1200 de

902 1221 1040 1262 Indulg.
1076 1220 1195 1253 Debit.
1227 1219 1346 1263 Atque
1361 1220 1412 1252 ita
1427 1219 1618 1252 rectissima

901 1273 1005 1305 lectio
1034 1271 1140 1313 Apul.
1165 1271 1226 1304 As.
1252 1270 1322 1303 Au.
1352 1280 1405 1304 iv.
1440 1275 1450 1289 ‘
1466 1271 1617 1314 Jamque

903 1324 1066 1359 confecta
1090 1325 1181 1357 bona
1197 1328 1297 1367 parte
1314 1324 1464 1365 itineris,
1491 1328 1529 1356 et
1549 1323 1617 1356 viae

904 1377 1017 1419 spatio
1032 1374 1209 1415 defectus,
1234 1380 1272 1408 et
1296 1375 1444 1408 sarciuae
1459 1374 1616 1417 pondere

903 1426 1115 1472 depressus!
1153 1426 1236 1460 Vid.
1247 1430 1319 1460 vet.
1335 1426 1472 1469 Interp.
1486 1426 1510 1460 J
1514 1435 1616 1459 uven.

903 1480 980 1513 Sat.
991 1488 1050 1512 ιιι.
1063 1488 1154 1511 vers.
1166 1481 1244 1510 289.
1268 1479 1380 1510 Vetus
1392 1478 1508 1511 Gloss.
1522 1479 1532 1496 ‘
1547 1478 1620 1510 De·

903 1530 997 1563 ficit:
1015 1527 1144 1571 Κάμνει,
1156 1528 1358 1569 λειποθυμεΐ.’
1407 1529 1619 1571 Defectus,ut

905 1581 1081 1614 contrario
1100 1591 1214 1622 sensu,
1236 1581 1247 1598 ⁴
1264 1579 1454 1613 Refectus!
1502 1579 1618 1620 Desec-

904 1636 957 1665 tue
981 1632 1085 1672 annis,
1112 1636 1153 1664 ut
1179 1630 1240 1664 inf.
1264 1631 1326 1664 lib.
1352 1640 1388 1664 v.
1421 1632 1432 1649 ⁴
1449 1630 1619 1664 Defectus

904 1682 1009 1726 pilis?
1052 1683 1193 1716 Sustine
1214 1682 1323 1725 igitur
1337 1682 1493 1715 mutandi
1508 1682 1620 1725 pruri-

905 1736 1032 1778 ginem.
1061 1734 1141 1775 Εἰς.

947 1786 1103 1826 Defectus
1125 1785 1233 1827 annis]
1256 1785 1403 1829 Deficere
1427 1786 1520 1818 annis
1547 1784 1621 1817 dic-

906 1842 979 1871 tum
994 1842 1059 1879 est,
1081 1842 1120 1871 ut
1140 1838 1245 1871 animo
1263 1838 1395 1880 deficere
1420 1837 1513 1880 apud
1541 1837 1619 1869 Cel-

905 1900 994 1930 sum,
1010 1889 1071 1923 lib.
1083 1899 1124 1923 ιι.
1137 1893 1190 1922 17.
1208 1891 1218 1907 ‘
1232 1891 1281 1923 Ut
1293 1899 1358 1932 per
1369 1893 1490 1922 aestum
1505 1888 1619 1921 animo

907 1939 1050 1972 deficiat
1060 1939 1083 1980 ;'
1096 1940 1146 1973 ita
1157 1940 1340 1982 legendum
1352 1952 1363 1981 ;
1378 1941 1491 1982 vulgo,
1501 1940 1621 1972 anima.

907 1991 1006 2033 Virg.
1023 1991 1154 2033 Georg.
1169 1991 1231 2023 lib.
1247 2001 1305 2024 ιιι.
1330 1992 1374 2023 de
1400 2001 1490 2034 equo
1516 2000 1620 2032 geue-

909 2052 1002 2084 ros0,
1021 2043 1030 2061 ‘
1047 2043 1153 2075 Hunc
1173 2053 1321 2086 quoque,
1345 2043 1404 2076 ubi
1420 2047 1481 2076 aut
1495 2042 1620 2075 morbo

909 2094 1023 2135 gravis
1038 2097 1098 2126 aut
1116 2094 1192 2136 jam
1216 2094 1354 2136 segnior
1367 2094 1464 2126 annis
1479 2093 1622 2136 Deficit,

909 2144 1000 2177 abde
1024 2145 1151 2178 domo!
1195 2146 1252 2178 Sic
1276 2146 1421 2179 Gratius
1449 2146 1620 2189 eyneget.

908 2197 919 2215 ‘
934 2197 1014 2229 Huc
1026 2196 1165 2230 defecta
1176 2197 1266 2230 mala
1277 2198 1350 2231 vidi
1360 2198 1525 2240 pecuaria
1538 2197 1621 2231 tabe

908 2248 1010 2290 Saepe
1041 2249 1155 2282 trahi!
1212 2250 1270 2282 Sic
1304 2250 1419 2283 Cicer.
1453 2251 1464 2268 ‘
1489 2249 1622 2283 Mulier

909 2299 1063 2332 abundat
1083 2300 1241 2341 audacia,
1267 2300 1410 2333 consilio
1431 2305 1469 2334 et
1487 2300 1621 2333 ratione

908 2350 1090 2385 deficitur!
1133 2353 1292 2386 Justinus
1318 2353 1378 2385 lib.
1395 2361 1462 2385 ιιι.
1486 2355 1540 2386 18.
1566 2355 1620 2385 14.

906 2402 917 2421 ‘
930 2403 1084 2437 Quorum
1097 2413 1165 2435 non
1176 2402 1301 2435 studiis
1311 2403 1507 2443 deficiatur,
1518 2413 1620 2446 quam

909 2454 1005 2487 anuis
1018 2453 1040 2494 ;’
1064 2454 1128 2487 lioc
1145 2458 1213 2496 est,
1227 2464 1371 2497 quorum
1387 2454 1537 2486 militum
1551 2463 1621 2487 non

910 2510 980 2538 tam
1006 2505 1122 2538 studia
1150 2505 1386 2538 Alexandrum
1410 2505 1622 2545 destituunt,

909 2566 1011 2599 quam
1035 2557 1116 2589 anni
1138 2562 1176 2589 et
1199 2561 1297 2589 aetas.
1340 2557 1468 2588 Lucan.
1484 2555 1544 2588 lib.
1561 2564 1621 2589 ιιι.

909 2617 998 2641 vers.
1012 2611 1088 2641 625.
1113 2609 1123 2627 ‘
1140 2608 1313 2640 Hostilem
1329 2606 1478 2639 defectis
1498 2606 1624 2639 robore

909 2659 1096 2694 membris!
1141 2660 1198 2691 Ita
1222 2659 1257 2691 in
1286 2658 1443 2691 omnibus
1470 2658 1556 2691 Mss.
1584 2661 1622 2690 et

909 2710 993 2744 edit.
1015 2710 1187 2753 antiquis3
1210 2709 1424 2742 recentiores
1439 2718 1622 2750 perperam

909 2761 1061 2799 detes-tiu
1082 2762 1147 2793 hoc
1163 2761 1323 2803 primum.
1370 2759 1521 2802 Deinde,
1542 2759 1621 2793 dele

909 2811 1090 2855 glossema,
1099 2811 1191 2855 quod
1201 2820 1317 2844 omnes
1327 2810 1465 2845 codices
1473 2810 1622 2854 obsedit,
