1806 3236
346 243 549 278 PHAEDRI
582 242 691 275 ΜΒ.
722 240 1029 274 AEsormssum
1063 240 1163 271 mn.
1197 239 1273 271 111.
1304 228 1375 271 11..

124 345 273 379 &unm
293 340 450 376 miserto.
481 350 514 374 c.
542 341 599 373 44.
643 338 654 357 ‘
670 337 835 372 Nondum

124 397 219 437 lach
239 394 406 436 depulsos
431 391 564 434 inguini
600 400 667 424 ceu
697 390 836 432 papillae

118 441 352 483 inuncet!
381 444 516 486 Inguen
535 442 660 476 stantis
685 441 838 483 papillae,

117 495 339 541 wm-
383 494 532 537 Inguina
555 493 760 535 papularum
776 501 837 524 ex-

116 548 256 586 mfit
280 546 423 587 habere,
447 543 639 587 ὑπερμιζᾷν,
652 544 727 575 τοῦς
740 541 837 583 μεγά-

121 606 199 634 m
224 597 362 641 μισθοὺς
387 597 484 638 ἔχειν.
527 596 617 629 Vela
644 599 684 628 et
716 593 835 627 fasciae

122 649 247 694 quibus
261 648 452 682 extumidae
468 647 711 690 opprimuntur
727 645 838 688 papil-

122 703 183 744 ln,
211 700 455 742 Σπαδονίσματα
480 700 632 740 famia:
663 697 838 740 Spadona-

124 758 182 791 tus
196 763 433 794 mammarum,
445 752 480 785 in
493 750 740 794 Epigrammat.
756 747 837 781 vid.

125 805 224 841 Suid.
249 804 330 845 Rig-

168 859 191 889 8
205 855 325 898 Super]
338 853 597 895 Praeoer,Virg.
611 852 686 885 AEn.
698 860 734 885 x.
747 851 758 870 ‘
768 850 839 883 Ad-

124 907 223 940 volat
233 905 371 947 AEncu,
386 904 577 947 vaginaque
587 903 694 945 eripit
706 911 838 943 ensem,

125 958 174 991 Et
188 966 295 999 super
307 957 402 989 haec:
425 955 495 988 Ubi
522 964 613 987 nunc
639 953 838 986 Mezentius

127 1017 210 1041 acer
219 1008 242 1039 Ρ
286 1007 404 1041 Livius
438 1006 500 1040 lib.
530 1014 670 1039 xxvm.
703 1005 713 1023 ‘
726 1006 840 1046 Super

122 1059 298 1099 nmirum,
312 1058 417 1091 etiam
431 1056 541 1090 fames
551 1055 709 1089 adflixit!
732 1054 840 1095 Sohes.

124 1112 222 1148 Suet.
247 1111 337 1145 Ces.
370 1119 508 1144 unu.
539 1110 550 1128 ‘
574 1110 687 1151 Super
712 1108 840 1149 Italiae,

124 1163 318 1197 Galliarum
329 1162 641 1205 Hispanarumque,
652 1160 746 1194 Asiae
759 1169 840 1202 qno-

120 1223 192 1258 ,qne
206 1218 246 1248 et
267 1214 418 1248 Graecioe
439 1213 544 1247 urbes
560 1212 724 1255 operibus
740 1220 838 1244 exor-

125 1267 234 1301 nans?
253 1268 369 1301 Burm.

169 1318 288 1360 Dida]
309 1318 428 1352 Jocos.
443 1317 511 1352 Ita.
527 1327 605 1360 sup.
617 1316 678 1350 lib.
690 1326 733 1350 ιι.
748 1316 837 1359 prol.

123 1369 230 1405 Adde
245 1369 350 1403 ovid.
377 1370 470 1402 Fast-
485 1378 542 1403 m.
558 1379 608 1402 va.
625 1372 703 1402 695.
730 1373 768 1401 et
789 1367 839 1400 ibi

125 1421 230 1464 ampl.
254 1421 302 1454 N.
318 1420 515 1454 Heinsinm.
538 1419 649 1460 Schef.

125 1502 130 1508 .
168 1471 489 1514 Patimini-giam]
509 1471 636 1513 Jurgia
646 1469 840 1512 petulantia

124 1525 185 1559 ine
206 1524 331 1558 nebulo
356 1523 472 1566 qualia
491 1523 648 1564 ingerere
673 1518 838 1563 potuerit,

127 1577 224 1610 disce
248 1584 294 1608 ex
318 1574 473 1608 Luciano
503 1574 538 1606 in
555 1572 716 1614 Εὐνούχῳ.
755 1572 840 1605 Οὔτε

127 1626 224 1667 ἄνδρα
236 1626 308 1659 οὔτε
332 1626 466 1666 γυναῖκα
492 1623 568 1658 εἶναι
589 1624 646 1657 τὸν
668 1624 839 1664 Εὐνοῦχον,

125 1677 214 1712 ἀλλά
225 1675 422 1710 aarum
435 1675 488 1709 καὶ
511 1674 623 1717 μικτὸν
643 1674 695 1707 καὶ
707 1676 841 1718 τερατῶ-

126 1732 191 1770 δσ,
211 1729 270 1771 ξω
292 1730 352 1768 τῆς
365 1727 553 1771 ἀνθρωπίνης
580 1725 715 1769 φύσεως.
759 1727 840 1760 Jur-

124 1782 189 1826 giis
202 1780 490 1824 contumeliisque
503 1779 670 1812 obnoxios
681 1788 756 1812 esse
773 1779 841 1811 Eu-

126 1833 272 1876 nuchos,
293 1833 400 1866 docet
417 1831 612 1874 Xenophon
628 1831 757 1873 Cyrop.
773 1839 846 1864 vu.v

125 1886 193 1919 tub
205 1885 307 1920 finem
318 1895 328 1918 ε
341 1883 464 1925 'nezer
480 1882 568 1916 ὄντες
579 1882 611 1916 οἵ
627 1883 771 1923 εὐνοῦχοι
781 1894 840 1914 πα-

127 1937 166 1982 ρὰ
179 1938 246 1971 wis
270 1936 384 1970 ἄλλοις
403 1934 580 1978 ἀνθρώποις,
603 1933 656 1970 καὶ
677 1934 727 1967 διὰ
746 1935 842 1967 τοῦτο

127 1986 451 2030 δωύῐουδπκούρου
458 1985 591 2019 δέονται.
618 1987 698 2018 Nev.
743 1984 842 2018 Alte-

127 2041 198 2074 rius
213 2039 411 2082 exagitandi
425 2047 531 2071 causa
550 2037 758 2069 institutum.
795 2037 843 2072 Et

129 2091 272 2125 fuerunt
300 2089 377 2123 fere
402 2088 544 2122 obnoxii
560 2087 727 2130 ejusmodi
742 2091 843 2129 petu-

129 2143 247 2177 lantioe
264 2140 434 2175 Eunuchi.
477 2139 570 2172 Vide
600 2138 790 2172 Lucianum
806 2138 842 2171 in

130 2193 310 2228 Eunucho.
331 2191 440 2231 &lief-

173 2249 195 2279 ⁸
216 2242 393 2285 Domum]
407 2243 464 2276 Ita
478 2243 489 2262 ‘
500 2243 635 2276 Damna
650 2241 843 2285 corporum'

130 2298 275 2334 Quinct.
292 2296 396 2329 Decl.
410 2305 446 2329 v.
462 2297 516 2327 12.
540 2295 655 2327 Burm.

174 2348 338 2381 Dama·
350 2345 535 2387 insectatus]
569 2346 620 2378 Ut
635 2344 759 2378 Cicero
775 2345 843 2386 Ep.

130 2399 175 2435 ad
191 2400 294 2432 Brut.
314 2401 349 2431 2.
366 2400 420 2430 17.
442 2397 452 2415 ⁴
469 2396 641 2430 Desinant
666 2395 844 2438 gloriando

127 2450 292 2486 insectari
306 2450 441 2483 dolores
451 2447 613 2481 nostros?
647 2448 713 2480 Est
728 2451 844 2479 autem

128 2502 294 2543 insectari,
305 2510 368 2544 per
378 2499 636 2533 cavillationem
648 2498 844 2539 traducere,

130 2554 252 2598 quavis
264 2553 370 2586 obvia
378 2555 521 2594 captata
528 2550 720 2583 occasione.
736 2549 843 2590 Solios.

178 2605 341 2638 Damnum
369 2603 541 2635 insectatus
568 2600 631 2643 est]
670 2601 844 2634 Martialis

132 2655 236 2699 Epig-
252 2664 303 2688 rx.
318 2658 351 2688 7.
372 2655 383 2673 ‘
398 2654 585 2686 Virilitatis
614 2653 737 2686 damna
762 2663 845 2687 moe-

133 2711 190 2740 ret
203 2705 360 2748 ereptae!
381 2705 564 2739 Juvenalis
576 2705 648 2739 Sat.
661 2715 730 2738 xu.
753 2705 763 2723 ‘
777 2706 845 2739 Cu·

129 2758 233 2801 piens
248 2757 396 2790 evadere
421 2756 546 2790 damno
567 2755 846 2790 Testiculorum!

178 2859 339 2895 Damnum
349 2859 456 2893 “musi
470 2858 627 2902 corporis]
638 2860 821 2894 Praschius
834 2868 844 2893 ε

1510 227 1602 272 523

886 337 1027 371 Abscisa·
1061 336 1211 379 corporis,
1234 339 1293 369 aut
1323 334 1435 369 amissi
1467 332 1601 368 roboris.

886 390 1042 423 Martial.
1073 389 1176 431 Epig.
1213 397 1268 422 ιι.
1298 390 1332 420 ¹1.
1369 387 1380 406 ‘
1402 386 1483 420 Non
1512 395 1602 428 puer

885 443 981 476 avari
996 441 1104 474 scitus
1126 445 1202 474 arte
1218 439 1401 482 Mangonis
1414 437 1601 471 Virilitatis

886 494 1013 526 damna
1023 498 1147 526 moeret
1160 491 1316 534 ereptae.'
1330 490 1470 524 Tacitus
1478 490 1538 523 lib.
1549 499 1601 523 vx.

886 544 897 563 ‘
912 544 1097 577 Proximus
1111 544 1192 577 huic
1212 543 1334 576 Abdus
1358 542 1504 575 ademtae
1520 541 1602 574 viri-

886 595 1016 629 litatis!
1061 596 1264 629 Mamertin.
1282 594 1456 637 panegyr.
1472 593 1602 627 Julian.

887 657 920 681 c.
939 650 991 680 19.
1041 647 1120 680 Hoc
1149 646 1254 680 etiam
1285 645 1520 680 Quintilianus
1540 644 1603 678 lib.

888 709 955 733 vn.
983 702 1037 732 10.
1060 699 1216 742 appellat
1241 698 1418 731 Fortunam
1444 697 1603 739 corporis.-

887 750 898 769 ‘
915 751 1041 791 Gallus,
1067 760 1130 793 pro
1160 750 1294 782 evirato
1317 748 1468 790 Cybeles
1492 757 1606 782 sacer·

889 802 985 844 dote,
1014 811 1058 834 an
1088 806 1214 843 artem,
1243 811 1286 833 an
1308 804 1464 844 gentem,
1484 810 1527 832 an
1543 809 1604 833 no·-

888 865 981 897 men,
993 865 1037 887 an
1053 854 1226 888 fortunam
1250 855 1405 898 corporis
1416 853 1603 896 significet,

888 906 1058 939 incertum
1075 906 1152 940 est.'
1197 906 1276 939 Hoc
1298 910 1420 948 postea
1435 904 1604 939 Phaedrus

890 958 1046 1000 a‘ppellat
1072 958 1081 976 ‘
1095 959 1258 990 Fortunae
1276 955 1468 997 delictum,'
1485 965 1606 999 quem-

889 1009 1074 1042 admodum
1102 1009 1112 1028 ‘
1126 1009 1287 1041 Fortunae
1305 1007 1449 1040 crimen'
1474 1011 1510 1039 et
1526 1008 1537 1026 ‘
1551 1016 1605 1039 er-

890 1061 991 1102 rata‚'
1005 1060 1097 1103 apud
1114 1060 1300 1094 Ovidium:
1325 1069 1405 1092 nam
1421 1058 1605 1100 Phaedrus,

890 1111 1025 1145 fabulas
1051 1112 1235 1154 plerasque
1257 1121 1336 1143 suas
1361 1111 1532 1153 deligens,
1547 1120 1606 1143 ec-

890 1164 985 1197 culte
1001 1163 1145 1205 respicit
1159 1162 1370 1195 immeritum
1386 1162 1514 1194 crimen
1536 1160 1606 1195 for-

890 1218 999 1255 tunae,
1014 1214 1059 1246 de
1074 1223 1141 1257 quo
1164 1214 1268 1246 toties
1290 1212 1528 1255 conqueritur,
1543 1212 1604 1244 im-

889 1266 1008 1309 primis
1038 1265 1169 1298 ultimis
1209 1265 1276 1297 illis
1307 1264 1488 1298 versiculis
1525 1265 1605 1297 libri

890 1317 1054 1352 secundi:
1097 1318 1107 1336 ‘
1122 1317 1243 1350 Fatale
1288 1315 1462 1349 excidium
1498 1315 1605 1348 corde

890 1371 1015 1404 durato
1037 1369 1163 1410 feram,
1184 1369 1307 1401 Donec
1334 1368 1521 1400 Fortunam
1537 1367 1605 1399 cri-

889 1421 991 1455 minis
1005 1421 1138 1463 pudeat
1152 1419 1228 1453 sui.'
1271 1418 1343 1452 Sed
1367 1417 1514 1451 fortasse
1534 1427 1606 1451 me-

889 1473 954 1505 lius
979 1473 1015 1504 in
1038 1472 1104 1504 hac
1122 1475 1239 1504 nostra
1253 1469 1378 1503 fabula
1390 1480 1454 1512 pro
1461 1469 1607 1510 fortuna

889 1525 1018 1566 delicto,
1033 1523 1101 1566 legi
1117 1528 1258 1564 posset:
1283 1522 1346 1554 Sed
1365 1521 1606 1563 quidfortunoe,

889 1576 996 1617 stulte,
1018 1574 1174 1614 defectum
1197 1571 1336 1614 arguis?
1382 1572 1462 1605 Huc
1479 1581 1582 1604 sensu
1595 1583 1607 1604 ι

891 1626 983 1660 Quid
996 1626 1212 1666 Eunuchum,
1226 1623 1402 1657 defectum
1421 1623 1609 1665 hominem,

890 1677 1069 1711 infortunii
1096 1677 1148 1711 sni
1174 1676 1289 1718 arguis
1304 1679 1342 1708 et
1354 1675 1525 1708 accusas?
1563 1674 1608 1707 In

890 1729 958 1762 Ms.
974 1729 1161 1771 reperitur,
1175 1728 1339 1760 delectum.
1385 1725 1492 1769 Apud
1507 1725 1608 1759 Taci-

892 1784 964 1813 tum
981 1784 1046 1821 est,
1061 1779 1124 1812 sed
1139 1778 1208 1811 alio
1222 1787 1336 1819 sensu,
1362 1776 1454 1810 Ann.
1475 1777 1537 1810 lib.
1553 1786 1607 1810 lv.

889 1832 900 1849 ‘
917 1830 1060 1864 Tubero
1086 1829 1229 1864 defecto
1266 1828 1438 1872 corpore‚'
1474 1829 1510 1862 id
1540 1833 1608 1872 est,

891 1881 1065 1916 confecto.
1090 1882 1176 1916 Gud.

934 1935 1056 1967 Amissi
1088 1934 1244 1977 corporis]
1288 1934 1382 1969 Quid
1418 1935 1487 1967 hoc
1522 1934 1573 1967 rei
1595 1935 1608 1967 ἓ

890 1986 1098 2028 scripserim
1125 1986 1277 2019 abscissi:
1301 1985 1391 2029 quod
1415 1995 1484 2018 non
1500 1985 1610 2018 semel

892 2038 936 2071 de
953 2037 1117 2070 eunuchis
1135 2037 1226 2079 apud
1243 2036 1429 2079 Augustin.
1446 2036 1492 2069 de
1504 2036 1544 2070 C.
1562 2036 1608 2069 D.

893 2089 940 2122 Ni
955 2088 1067 2129 malis,
1092 2088 1205 2120 amissi
1228 2087 1362 2129 roboris,
1382 2088 1405 2121 i.
1420 2097 1451 2120 e.
1466 2087 1611 2121 virilita-

893 2139 949 2172 tis.
974 2138 1106 2172 Prasclz.
1132 2139 1256 2172 Mallet
1270 2138 1457 2173 Praschius
1478 2138 1610 2172 abacis&

891 2192 1023 2225 roboris.
1068 2191 1186 2226 Quid?
1201 2191 1337 2224 δίεισι-ἰή
1345 2191 1496 2233 corporis.
1530 2192 1609 2224 Cor·

888 2246 950 2287 pus
961 2244 1111 2284 aecium,
1137 2247 1177 2276 ut
1191 2242 1284 2285 apud
1301 2242 1454 2276 Livium:
1481 2243 1491 2262 ‘
1504 2243 1610 2276 Acci-

892 2305 930 2328 sa
943 2294 1023 2328 res.'
1067 2294 1124 2327 Sic
1139 2293 1230 2326 enim
1243 2293 1304 2325 lib.
1322 2302 1349 2326 ι.
1373 2295 1384 2312 ‘
1402 2294 1608 2337 Quanquam

893 2347 1025 2380 accisas
1047 2355 1103 2378 res
1134 2354 1253 2377 eorum
1286 2344 1371 2377 satis
1400 2345 1608 2389 constabat!

891 2398 1015 2431 Accisae
1028 2407 1080 2430 res
1091 2401 1184 2438 sunt,
1194 2401 1388 2439 praesectae,
1402 2397 1609 2432 imminutae.

893 2449 1011 2481 Possis
1036 2458 1171 2491 quoque
1198 2447 1377 2490 suspicari,
1406 2449 1523 2482 excissi
1541 2460 1609 2483 cor.

889 2501 990 2543 poris,
1019 2499 1189 2543 quomodo
1215 2499 1307 2541 apud
1331 2499 1537 2533 Petronium
1554 2506 1611 2534 est

893 2553 903 2570 ‘
916 2551 1062 2584 Excissa
1077 2550 1193 2583 libido’
1207 2551 1240 2583 in
1258 2551 1324 2582 Ms.
1366 2551 1437 2583 Sed
1452 2550 1610 2586 fortassis

894 2602 943 2637 nil
964 2602 1176 2635 mutandum.
1222 2601 1278 2633 Sic
1304 2601 1395 2634 enim
1410 2602 1420 2619 ‘
1434 2602 1609 2636 Amittere

894 2653 1106 2687 virilitatem'
1134 2653 1315 2693 usurpavit
1341 2653 1512 2695 Ulpianus
1526 2664 1611 2697 quo·

894 2714 962 2747 que
977 2705 1000 2737 l.
1018 2713 1069 2737 ιν.
1094 2701 1130 2735 ff.
1146 2702 1202 2736 ad.
1224 2702 1246 2735 l.
1263 2703 1368 2736 Corn.
1385 2708 1423 2736 ut
1439 2704 1610 2746 Rigaltius

890 2756 963 2798 jam
991 2754 1184 2788 annotavit.
1230 2753 1356 2787 Cicero
1386 2754 1474 2796 ipse,
1500 2765 1608 2798 quan-

896 2817 998 2850 quam
1019 2816 1122 2840 sensu
1138 2805 1314 2848 paululum
1329 2805 1479 2847 diverso,
1493 2806 1583 2840 dixit
1597 2818 1608 2841 ι

894 2862 904 2878 ⁴
922 2859 1021 2893 Vires
1052 2863 1088 2891 et
1116 2867 1242 2900 corpus
1269 2856 1392 2901 amisi}
1421 2857 1516 2892 Fam.
1542 2859 1608 2903 Ep*
