1806 3236
708 198 928 234 rusum.
1500 187 1560 232 15

78 294 278 363 wls-f
292 294 538 352 Phaedrum
558 298 757 352 tempore
776 293 956 351 Sejani;
970 307 1062 351 quo
1081 307 1131 338 se
1161 294 1407 350 scripsisse
1426 298 1574 339 testa-¹¹

79 365 541 427 tgr-„septuagenario
563 365 786 423 ,maJorem
817 364 957 407 fuisse
994 364 1267 420 oportuerit3
1313 363 1434 419 quod
1468 364 1572 407 veri.

80 432 226 477 simile
243 446 335 476 non
368 433 560 476 videtur.
623 433 730 488 Ipse
773 433 889 474 enim
926 433 1029 475 Lib.
1064 442 1133 474 lv,
1174 431 1388 486 Epil.·16.
1422 431 1574 487 (Epil.:

81 501 134 547 Ia.
156 512 231 545 111.
249 502 322 545 16.
341 503 414 547 17.
433 507 599 550 nostrae
623 500 766 558 Edit.)
784 501 840 543 de
866 514 915 543 se
946 501 1152 557 loquens,
1174 500 1241 543 sic
1261 513 1400 543 unum
1420 513 1445 542 e
1467 502 1562 544 suis

79 571 284 627 patronis
303 571 538 614 admonet:

548 638 667 682 Olim
689 639 815 683 senio
836 638 1030 682 debilem

257 708 443 753 Frustra
461 709 676 766 adjuvare
694 709 872 751 bonitas
886 708 1053 750 nitetur
1073 711 1166 750 tua.

81 776 209 825 Tune
243 791 348 832 ergo
379 791 469 821 non
501 783 594 821 erat
629 791 769 832 neque
803 790 956 828 senex,
978 789 1124 832 neque
1160 775 1282 819 senio
1313 777 1563 831 proximus.
1572 779 1579 816 i

83 844 336 900 Prqsterea
348 848 388 890 si
427 847 646 891 abductus
686 859 741 889 eo
782 851 983 902 tempore
1021 847 1067 888 in
1100 844 1357 888 servitutem
1392 846 1566 898 fuisset,
1574 865 1577 868 ·

86 919 271 970 captum
290 927 394 964 esse
413 929 515 958 cum
536 915 670 957 victis
692 914 760 956 vel
776 914 1033 959 Thracibus
1054 914 1129 957 vel
1150 914 1308 958 Bessis
1330 914 1567 958 dicendum

82 981 211 1037 foret,
231 984 314 1039 qui.
326 984 504 1035 barbari
524 985 652 1037 longe
673 983 730 1024 ab
753 981 966 1025 Auctoris
986 982 1125 1031 nostri
1157 982 1307 1038 patria
1333 982 1581 1036 (Macedoe.

81 1048 180 1107 nia)
196 1051 396 1106 erantad
415 1052 779 1108 septemtrionem
798 1049 985 1094 remoti.'

105 1161 117 1166 ,
131 1118 382 1175 «Phaedrus,
403 1124 542 1179 aetate.
557 1119 717 1175 puerili
737 1124 914 1174 captus,
935 1119 1092 1163 nescio
1114 1132 1206 1175 quo
1225 1131 1353 1173 casu,
1368 1119 1579 1163 Romam.

47 1176 50 1180 ”
85 1184 346 1247 deportatus
373 1187 581 1243 Augusto
615 1188 871 1243 imperatori
906 1188 1193 1243 mancipatus
1229 1191 1311 1240 est,
1341 1187 1421 1243 qui
1451 1201 1568 1238 eum,

85 1255 145 1309 oh
157 1269 330 1311 {norum
349 1257 620 1318 probitatem
643 1260 776 1312 atque
800 1256 967 1311 ingenii
985 1256 1266 1311 elegantiam,
1286 1256 1418 1299 bonis
1428 1256 1571 1299 literis

86 1323 265 1368 curavit
300 1324 638 1375 instituendum,
671 1328 716 1366 et
747 1325 1072 1368 manumissum
1107 1324 1311 1367 libertate
1353 1324 1583 1369 donavitst.

21 1432 26 1437 .
87 1391 432 1450 Uterisautem
464 1393 642 1447 Latinis
681 1392 843 1436 Romae
877 1393 1100 1436 imbutum
1133 1393 1275 1435 fuisse
1309 1392 1570 1444 Phaedrum,

85 1459 254 1519 19¹3&
274 1460 402 1518 ,Epi-l.
435 1460 492 1504 L.
525 1471 602 1504 111.
640 1461 714 1503 33.
761 1466 830 1516 sq.
863 1460 1001 1517 (alias
1029 1460 1132 1505 Lib.
1167 1471 1235 1504 lv.
1267 1462 1341 1504 25.
1376 1461 1449 1505 33.
1473 1459 1575 1518 34.)

86 1527 245 1587 potest,
257 1529 470 1586 intelligi,
492 1543 582 1586 quo
602 1530 705 1577 loco
734 1543 796 1572 ex
826 1529 961 1572 Ennii
981 1530 1181 1586 Telepho
1202 1543 1383 1574 versum
1403 1543 1588 1575 memo-.

86 1600 188 1656 rat„
213 1611 349 1659 quem
372 1611 438 1642 se
474 1611 662 1655 puerum
694 1598 929 1655 'quondam
978 1599 1140 1654 legisse
1182 1602 1388 1653 testatur,
1437 1599 1575 1656 hujus

90 1668 346 1725 sententiae:
413 1719 415 1721 ,

265 1736 428 1791 Palam
445 1738 605 1780 mutire
622 1738 804 1794 plebeio
824 1738 1053 1795 piaculum
1074 1741 1160 1782 est.

88 1801 120 1846 J
123 1815 196 1846 am
215 1816 325 1847 vero
353 1806 394 1848 si
425 1806 768 1861 perpendamus,
807 1807 1044 1863 scripsisse
1073 1806 1254 1863 poetam
1280 1807 1456 1851 fabulas
1487 1807 1576 1850 La·
1587 1838 1591 1842 ,

90 1870 230 1925 tine‚'
215 1886 248 1915 1.
270 1886 311 1916 e
333 1886 536 1917 sermone
557 1880 676 1924 terso
698 1881 834 1931 atque
850 1876 1008 1932 polito,
1029 1875 1307 1932 eundemque
1325 1888 1455 1918 usum
1476 1889 1577 1919 esse

90 1952 249 1994 genere
268 1941 446 1985 dicendi
468 1944 665 1999 simplici
694 1949 738 1987 et
770 1945 935 1996 faceto,
956 1948 1149 1987 veterem
1184 1944 1481 1986 urbanitatem
1511 1958 1578 1987 re-

92 2006 297 2063 dolente,
349 2010 429 2052 vix
475 2011 690 2065 credibile
732 2018 817 2070 est,
856 2013 1050 2067 aliquem
1099 2012 1158 2055 ad
1195 2013 1332 2055 talem
1368 2013 1579 2055 sermonis

91 2074 240 2119 Latini
265 2078 468 2133 peritiam
489 2081 658 2123 alicubi
684 2081 918 2136 pervenire
958 2081 1178 2135 potuisse,
1206 2081 1295 2122 nisi
1334 2080 1514 2134 Romae,
1534 2085 1580 2125 et

90 2132 227 2203 longo
247 2147 425 2202 quidem
448 2150 505 2190 ab
534 2150 713 2191 ineunte
749 2150 941 2204 pueritia
975 2163 1073 2192 usu.
1076 2155 1094 2180 Υ
1154 2148 1396 2201 Quomodo
1422 2164 1596 2195 servus,

93 2212 241 2257 factus
261 2216 322 2257 sit
351 2215 566 2271 Augusti,
589 2218 731 2259 fateor
750 2231 822 2260 me
845 2218 1032 2261 nescire.
1094 2217 1184 2260 Sed
1214 2217 1396 2260 dubium
1431 2222 1582 2274 potest

93 2294 195 2326 esse
231 2283 420 2336 nullum,
458 2284 699 2327 Octavium
722 2285 969 2339 Augustum
998 2290 1214 2337 nostrum,
1249 2299 1350 2329 cum
1383 2288 1582 2343 perpoli-

16 2383 23 2389 ,
93 2349 234 2394 visset
275 2353 416 2396 literis
451 2354 687 2407 ingenium,
736 2356 990 2398 asseruisse
1034 2356 1252 2407 libertati,
1294 2360 1428 2410 atque
1466 2357 1581 2399 adeo

96 2417 340 2464 Phaedrum
361 2421 539 2465 Octavii
561 2422 757 2477 Augusti
788 2424 928 2466 fuisse
960 2420 1183 2467 libertum.
1245 2423 1301 2465 In
1320 2424 1446 2465 libris
1465 2424 1582 2467 enim

95 2486 349 2533 fabularum
371 2490 486 2534 Mss.
506 2493 740 2548 expressis
760 2493 911 2535 verbis
932 2492 1127 2548 Augusti
1150 2497 1339 2535 vocatur
1358 2492 1562 2536 libertus.
1564 2495 1581 2531 t

763 2591 906 2626 NOTAE

146 2657 163 2690 t
185 2652 337 2687 Harlesii
352 2655 463 2688 Notit.
486 2655 636 2690 Literat.
660 2656 762 2690 Rom.
777 2666 813 2699 p.
870 2660 880 2675 ‘
893 2658 1036 2690 Phaedri
1052 2658 1144 2700 Aug.
1162 2658 1240 2691 Lib.
1254 2657 1424 2690 secundus
1436 2656 1585 2700 incipit!

98 2705 175 2738 ⁴⁸⁵.
189 2704 331 2738 etunius
345 2706 368 2739 Ι.
381 2716 413 2738 c.
429 2717 463 2748 p.
475 2709 552 2742 860.
870 2709 912 2742 V.
929 2709 1021 2742 Gud.
1045 2710 1085 2742 In
1100 2710 1166 2742 Ms.
1179 2710 1277 2741 Rem.
1293 2713 1384 2751 post.
1399 2709 1424 2741 1.
1446 2717 1483 2741 v.
1508 2707 1581 2742 sab.

142 2760 159 2786 1
182 2755 394 2790 Desbillonii
408 2758 512 2800 Disp.
526 2759 587 2793 cit.
601 2769 635 2802 p.
650 2769 702 2793 vr.
717 2769 771 2804 sq.
870 2763 925 2794 10.
941 2761 952 2779 ‘
964 2761 1104 2793 Phaedri
1115 2760 1204 2803 Aug.
1217 2760 1335 2792 liberti
1345 2759 1434 2793 liber
1443 2759 1592 2803 quintus*

144 2811 162 2849 t
183 2806 228 2841 In
258 2807 345 2842 cod.
377 2809 510 2844 Pithoei
539 2810 711 2855 scriptum
740 2814 814 2846 esta
869 2811 1017 2855 explicit
1030 2809 1203 2846 feliciter:
1225 2811 1308 2845 vid.
1323 2811 1423 2846 Brot.
