1806 3236
445 216 793 251 PHAEDRI'FAB.
827 217 1131 251 AESOPlARUM
1166 219 1263 253 [AB.
1298 220 1327 251 1.
1357 209 1398 252 2.

182 322 269 358 ms,
280 317 321 349 ut
342 313 417 358 ipse
440 315 670 358 praedicabat,
683 315 760 356 ὁμοῦ
773 314 846 354 βίην
859 327 897 348 τε

182 363 549 411 καὶδᾶσνσνναρμόσας.
582 368 684 402 Grot.
698 368 742 401 de
757 369 792 403 J.
808 369 849 402 Β.
860 372 897 401 et

182 419 227 454 P.
263 412 407 463 Proleg.
451 429 496 453 ex
534 420 718 454 Plutarchi
757 421 895 454 Solone..

181 467 315 505 Pmck.
358 471 460 505 Bono
492 481 606 514 sensu,
629 481 692 515 pro
718 475 895 515 potestate

179 522 404 566 aesunperio.
454 524 512 558 Ita
541 525 663 558 Cicero
690 525 734 557 de
758 525 846 568 Reg.
863 528 894 558 3.

178 575 189 594 ⁸
204 574 435 618 Magistratus
454 575 531 610 haee
547 580 602 610 est
620 577 686 617 vis,
706 582 744 610 ut
762 578 894 620 praesit,

177 627 457 673 prae‘wribatque
486 627 610 661 recta!
655 629 786 661 Vlitius
812 629 893 662 scri-

178 671 288 714 hithe
317 678 351 712 iu
375 684 447 713 not.
474 680 519 713 ad
544 679 716 719 Gratiam,
734 690 777 713 ex
798 681 893 714 Pith.

178 729 390 776 codfiitque
405 731 588 774 eleganter
599 731 787 764 abundare.
801 732 893 765 Vide

176 775 291 825 ipsum
315 792 351 824 p.
369 784 445 815 196.
481 782 589 822 Sches.
635 783 748 815 Recte
771 784 804 816 vi
833 791 893 817 ex-

175 832 285 875 plicat
309 831 528 866 Schefferus:
561 834 612 866 ita
638 835 765 876 passim
786 834 892 867 etiam

175 883 262 918 Jcti
286 886 352 917 vim
367 895 430 928 pro
454 888 645 928 potestate,
665 886 892 927 auctoritate,

175 939 214 969 et
223 934 370 979 imperio
382 941 528 980 ponunt.
552 937 595 970 V.
608 935 736 969 Alciat.
747 937 891 980 Parerg.

175 997 202 1021 r.
218 990 274 1022 28.
298 993 334 1022 et
358 989 439 1023 Jan.
461 999 482 1022 a
508 989 615 1023 Costa
641 989 684 1022 ad
705 989 822 1023 Instit.
845 989 890 1022 de

174 1041 290 1075 Tutel.
313 1042 340 1086 §.
356 1045 388 1076 1.
416 1042 473 1076 Ita
495 1043 506 1061 ‘
523 1042 575 1076 vis
589 1043 725 1085 imperii
740 1042 890 1084 summi,'

175 1093 290 1127 Cicer.
303 1093 406 1127 Verr.
423 1090 469 1127 η.
481 1087 514 1127 5.
539 1097 606 1136 est,
620 1093 830 1127 auctoritas:
854 1098 890 1127 et

173 1146 252 1188 c'np.
271 1146 326 1178 10.
361 1145 372 1164 ‘
389 1145 476 1179 Quae
490 1145 549 1178 *vis
571 1149 650 1178 crat
674 1144 708 1177 in
730 1145 890 1178 Volcatio

173 1195 310 1229 tantaz’
342 1200 381 1230 et
409 1195 544 1235 millies.
592 1195 768 1229 Librarios
805 1206 889 1229 vero

172 1255 269 1290 saepe
281 1245 369 1281 lianc
385 1257 504 1281 vocem
516 1251 733 1291 permutasse
745 1257 823 1281 cum
838 1251 888 1290 ut,

172 1290 281 1333 docet
309 1292 447 1332 Gudius
482 1298 526 1332 ad
557 1297 626 1333 fab.
650 1301 704 1332 11.
738 1305 777 1332 et
813 1299 888 1342 ipse

171 1343 305 1384 centies
327 1349 554 1394 deprehendi.
596 1349 652 1383 Ita
668 1350 761 1393 apud
783 1350 889 1384 Ovid.

172 1401 288 1446 Epist.
303 1410 398 1437 xvu.
409 1405 486 1436 186.
503 1407 541 1439 et
556 1402 646 1436 Met.
665 1411 715 1436 vr.
729 1404 807 1436 690.
823 1411 888 1445 pro

169 1452 203 1486 vi
231 1453 371 1501 quidam
386 1453 527 1487 codices
548 1454 678 1487 habent
702 1457 750 1487 ut.
785 1454 888 1498 Apud

173 1503 264 1537 Stat.
280 1499 394 1538 Achil.
405 1513 447 1538 u.
461 1506 538 1538 861.
564 1514 628 1547 pro
642 1505 653 1523 ‘
666 1510 888 1548 aspernatus-

173 1565 242 1600 que
248 1561 428 1591 tonantem
437 1561 493 1590 est
500 1558 550 1591 Ut
560 1558 751 1601 geum-um?
762 1559 887 1592 Barth.

172 1612 212 1642 et
237 1608 295 1642 alii
325 1608 448 1652 legunt
483 1608 525 1643 Va·
549 1619 720 1650 generum:
755 1614 793 1643 et
821 1610 888 1643 hoc

171 1659 288 1693 fraudi
302 1659 374 1694 fuit
387 1660 496 1693 Vlitio
517 1660 584 1694 hoc
602 1661 680 1694 ioco
702 1660 796 1693 idem
812 1664 886 1693 ten-

171 1711 274 1746 tanti.
311 1711 393 1744 Vid.
418 1711 526 1745 etiamv
547 1711 591 1744 ad
616 1711 784 1746 Quinctil.
800 1720 837 1745 x.
856 1715 886 1746 1.

170 1762 286 1796 Burm.
606 1766 622 1783 Ψ

196 1816 256 1847 -18
269 1812 384 1858 Risit]
407 1815 564 1849 Martial.
581 1815 683 1859 Epa.
700 1818 773 1849 104.
797 1816 808 1835 ‘
826 1815 885 1849 Ri-

170 1870 289 1900 serunt
301 1865 436 1910 faciles,
450 1873 488 1902 et
504 1868 660 1902 tribuere
674 1868 766 1902 Dei.'
797 1869 885 1904 Gud.

213 1920 255 1952 14
278 1918 419 1952 Parvum
433 1918 589 1963 tigillum]
604 1920 662 1953 Sic
676 1921 750 1963 ipse
762 1920 821 1954 lib.
832 1929 884 1954 lv.

167 1969 180 1988 ⁶
193 1969 346 2003 Parvum
358 1969 534 2006 libellum?
564 1970 657 2004 Hinc
668 1981 750 2005 vero
761 1979 883 2006 contra

168 2019 260 2054 viros
289 2021 396 2055 bonos
432 2021 583 2055 Nonium
610 2026 647 2056 et
676 2023 882 2056 Lambinum

167 2068 338 2107 firmanda
351 2077 509 2107 veterum
522 2074 689 2108 librorum
708 2075 883 2117 scriptura

169 2122 263 2166 apud
290 2122 408 2158 Plaut.
443 2124 526 2158 Aul.
555 2134 597 2158 11.
627 2123 665 2158 ⁴.
708 2125 793 2159 ‘De
821 2137 882 2159 suo

169 2174 283 2217 tigillo
308 2173 423 2208 fumus
439 2176 468 2208 si
482 2186 551 2219 qua
573 2178 648 2210 exit
662 2176 782 2210 foras!
823 2178 882 2212 Sic

168 2224 286 2259 Graeci
297 2227 391 2270 μικρὰ
404 2226 607 2271 ἀνθρωπάρια.
633 2229 714 2270 Rig.

213 2277 354 2311 Parvum
379 2278 536 2322 lig-illum]
570 2279 706 2313 Hirtius
723 2280 766 2313 de
790 2280 881 2314 bello

171 2327 279 2363 Afric.
316 2339 392 2372 cap.
422 2332 477 2363 54.
522 2330 533 2349 ‘
565 2330 752 2364 Parvulam
777 2332 880 2365 modo

167 2380 319 2413 casulam
351 2385 476 2414 nactus
504 2381 656 2414 Caesan’
694 2386 732 2415 et
764 2383 882 2415 Caesar

167 2431 250 2464 aiibi
265 2443 274 2465 ε
298 2432 308 2449 ‘
320 2432 496 2474 parvulam
513 2432 702 2465 naviculam
716 2443 881 2467 conscen-

166 2483 243 2518 dit:
275 2484 333 2517 Sic
348 2484 421 2517 Cic.
437 2484 574 2526 Verriu.
598 2485 798 2518 ‘litterulas
819 2486 881 2518 mi-

166 2534 290 2568 nutas!
331 2536 379 2568 Et
405 2544 430 2568 1.
451 2535 495 2568 de
518 2535 681 2578 Legibus,
704 2536 715 2554 ‘
731 2546 880 2579 perpau-

167 2585 255 2619 culis
268 2586 452 2628 passibus?
478 2586 597 2619 Valer.
608 2587 706 2620 Max.
720 2590 753 2619 8.
776 2589 785 2604 ‘
802 2597 880 2630 par-

167 2635 238 2669 vuli
265 2636 390 2671 filioli?
424 2642 460 2670 et
484 2637 575 2670 idem
600 2637 659 2671 lib.
683 2647 708 2670 ι.
737 2641 769 2671 5.
794 2639 823 2681 §.
847 2642 880 2672 3.

166 2686 256 2719 dixit
269 2696 335 2720 uon
345 2692 479 2721 tantum
501 2690 511 2707 ⁴
527 2690 705 2731 parvulam
717 2689 880 2732 filiolam,’

167 2736 230 2769 sed
266 2738 277 2756 ⁸
303 2737 487 2771 admodum
524 2739 702 2781 parvulam
738 2739 879 2772 filiolam

168 2788 343 2822 osculatus
358 2788 435 2823 est!
470 2790 614 2823 Tertull.
634 2790 693 2824 lib.
710 2800 735 2823 1.
757 2794 811 2824 20.
836 2791 878 2823 ad

1573 209 1662 254 333

948 314 1140 350 Nationes:
1177 314 1189 335 ‘
1209 317 1318 350 Patet
1341 316 1417 359 jam
1445 316 1525 349 hinc
1552 316 1663 360 vobis,

946 367 1132 409 (quantum
1158 367 1295 410 aperire
1316 367 1508 410 potuerim)
1533 378 1553 401 e
1576 379 1661 411 pau-

947 418 1034 450 culis
1071 417 1147 451 istis
1183 417 1370 451 libellulis?
1433 418 1492 452 Sic
1528 419 1661 452 diserte

946 469 1200 503 vetustissimus
1226 471 1286 503 ille
1319 470 1439 504 Codex
1472 472 1541 504 Ms.
1570 471 1661 514 Ago·

946 521 1057 561 bardi,
1100 522 1161 555 sed
1199 522 1435 556 Gothofredus
1475 533 1659 566 perperam

946 572 1056 606 edidit
1079 574 1211 616 mucis,-
1243 584 1453 617 perperam3⁸
1470 579 1510 608 ut
1530 585 1574 608 ex
1601 575 1663 609 a'd⁴

945 623 1056 657 ductis
1070 629 1187 667 potest
1203 630 1333 667 patere.
1368 627 1455 659 Gud.

992 675 1158 718 Tigillum]
1185 675 1218 709 A
1237 677 1347 720 tigno,
1363 678 1455 721 qnod
1472 688 1492 710 a
1508 678 1657 720 tegendo

943 727 1074 761 dictum
1091 732 1192 771 putat
1206 729 1241 762 J.
1258 729 1297 762 C.
1311 729 1397 772 Leg.
1414 738 1438 761 ι.
1461 731 1530 772 §.‚l.
1545 730 1592 763 D.
1613 730 1656 763 de

943 779 1042 821 tigno
1067 779 1207 822 juncto.
1251 778 1357 812 Aliud
1386 779 1571 813 Aldhelmo
1603 786 1658 814 est

942 829 1101 872 tigillum,
1118 830 1215 873 cujus
1235 831 1324 863 ratio
1339 841 1382 864 ex
1404 831 1468 864 hac
1484 832 1561 875 ipsa
1581 837 1656 875 ety-

942 882 1092 923 mologia
1117 883 1260 924 pendet.
1304 883 1395 916 Vide
1423 884 1475 917 Cl.
1499 883 1660 925 Gronov.

942 932 1092 967 observ.
1106 934 1140 966 in
1153 935 1273 977 script.
1286 936 1371 968 eccl.
1384 945 1460 978 cap.
1470 938 1524 968 20.
1535 945 1568 978 p.
1577 939 1656 970 222.

942 985 1076 1025 Pru-sch.
1123 986 1273 1019 Poterat
1301 984 1471 1020 Phaedrus
1499 997 1567 1020 uon
1597 988 1657 1021 ad-

940 1036 1024 1069 dere
1036 1047 1182 1079 parvum.
1206 1037 1263 1070 Ita
1273 1038 1460 1071 Terentius
1474 1039 1510 1071 in
1523 1038 1656 1073 Andria

939 1088 949 1106 ‘
974 1089 1125 1122 minutos
1163 1089 1384 1132 pisciculos3'
1423 1090 1483 1123 sed
1522 1091 1657 1125 Aristo·

939 1140 1082 1183 phanes,
1103 1141 1162 1173 ille
1179 1141 1382 1174 Graecarum
1399 1143 1573 1175 Venernm
1591 1154 1653 1186 pa-

939 1200 1032 1232 rens,
1054 1201 1128 1225 rem
1152 1193 1264 1235 ipsam
1289 1193 1464 1236 impendio
1485 1195 1652 1228 minorem

938 1241 1070 1284 effecit,
1085 1250 1164 1277 cum
1180 1244 1215 1276 in
1234 1244 1360 1287 Vespis
1382 1244 1523 1288 scripsit
1546 1247 1654 1278 δικασ-

936 1293 1073 1337 τηρίδιον
1086 1293 1214 1339 σμικρὸν
1227 1294 1319 1328 πάνυ.
1360 1295 1455 1329 Satis
1470 1297 1561 1329 enim
1578 1307 1654 1330 esse

937 1351 1077 1390 poterat
1086 1350 1155 1390 'per
1166 1358 1242 1382 sese
1252 1347 1291 1381 τὸ
1301 1348 1539 1391 δικαστηρίδιον,
1556 1349 1653 1382 addi-

938 1399 990 1432 dit
1004 1403 1118 1433 tamen
1134 1401 1193 1434 ille
1205 1399 1344 1444 σμικρόν.
1381 1402 1507 1445 Neque
1519 1402 1555 1434 id
1567 1402 1653 1435 satis

937 1451 1071 1494 habuit,
1084 1452 1159 1496 sed,
1179 1459 1220 1487 ut
1233 1464 1303 1487 rem
1328 1454 1466 1487 minima
1482 1455 1650 1488 minorem

937 1502 1085 1546 faceret,
1107 1504 1259 1547 subjecit
1279 1503 1371 1538 πάνυ.
1416 1505 1542 1548 Itaque
1564 1506 1651 1538 adeo

938 1565 1039 1598 paeue
1072 1556 1203 1590 factum
1237 1562 1301 1596 est,
1329 1562 1369 1591 ut
1398 1567 1442 1590 ex
1467 1558 1652 1592 dicasterio

936 1607 1040 1640 fieret
1071 1607 1168 1640 nihil.
1220 1609 1311 1641 Feb.
1361 1608 1525 1641 Romulus
1562 1611 1652 1642 valde

935 1670 1086 1701 magnum
1108 1664 1253 1693 truncum
1275 1659 1396 1693 dedisse
1421 1659 1565 1702 scribit;
1589 1661 1651 1694 sed

936 1711 1137 1755 Anonymus
1160 1713 1331 1746 Nielantii
1357 1713 1497 1754 tigillum
1512 1723 1650 1756 quoque

932 1765 1051 1798 habet.-
1083 1765 1254 1798 Rimicius
1269 1766 1390 1806 lignum
1401 1775 1549 1807 magnum
1561 1766 1651 1807 tigu-

933 1816 1006 1849 lum.
1051 1816 1190 1849 Servius
1206 1816 1250 1849 ad
1270 1815 1368 1859 Virg.
1381 1817 1517 1859 Georg.
1534 1827 1560 1850 1.
1576 1818 1650 1851 178.

933 1867 992 1900 ubi
1008 1868 1096 1900 hanc
1117 1867 1271 1900 fabulam
1287 1867 1418 1910 laudat,
1449 1869 1459 1886 ‘
1485 1867 1649 1901 brevissi-

933 1928 1024 1952 mum
1037 1919 1168 1962 lignum
1183 1919 1192 1933 '
1208 1919 1372 1952 exhibet:
1397 1919 1455 1952 ubi
1473 1925 1510 1953 'et
1521 1920 1649 1961 tignum

933 1974 1054 2013 posset
1082 1971 1166 2013 legi,
1192 1971 1255 2004 nisi
1287 1975 1407 2004 noster
1435 1972 1540 2004 etiam
1568 1981 1648 2005 mox

931 2022 1053 2063 lignum
1069 2026 1222 2054 vocaret.
1248 2022 1363 2054 Burm-

974 2071 1129 2113 Mt'ssum]
1155 2072 1286 2105 Scribit
1301 2072 1568 2116 Rittershusius,
1588 2072 1647 2108 im·

930 2123 1069 2156 missum.
1106 2124 1237 2157 nausa
1262 2123 1367 2164 nulla,
1393 2125 1475 2168 qula
1498 2126 1647 2169 simplex

931 2175 1001 2218 liic,
1025 2179 1066 2208 ut
1090 2185 1184 2217 saepe
1210 2175 1308 2217 alim,
1334 2175 1403 2208 vim
1426 2175 1532 2210 habet
1553 2187 1646 2212 com-

932 2227 1046 2269 positi.
1091 2227 1233 2260 Pariter
1269 2232 1305 2260 et
1338 2227 1482 2270 Statius,
1517 2229 1648 2264 mittere

930 2287 1041 2320 corpus
1066 2279 1236 2321 sepultum
1267 2278 1365 2312 dixit.
1410 2280 1488 2313 Imo
1516 2281 1645 2314 missum

930 2329 985 2362 liic
1001 2333 1055 2363 est
1070 2330 1248 2370 demissum,
1256 2340 1323 2362 non
1335 2331 1519 2372 immissum,
1541 2341 1645 2374 prop-

933 2387 988 2415 ter
1003 2381 1051 2423 id,
1068 2381 1157 2425 quod
1183 2381 1348 2425 seqnitur.
1383 2381 1492 2421 Schef.
1547 2383 1643 2415 Male

930 2433 1103 2466 immissum
1116 2431 1390 2473 Rittershusius;
1405 2432 1454 2464 sic
1468 2431 1558 2464 infra
1571 2432 1642 2466 fab.

931 2487 984 2516 34.
1017 2484 1204 2526 legendum
1232 2483 1378 2515 Tinctum
1402 2493 1512 2515 cruore
1531 2493 1644 2525 panem

930 2535 1018 2569 misit
1030 2535 1181 2579 malefico.
1219 2536 1263 2567 Et
1274 2534 1409 2567 fab.57.
1433 2545 1536 2567 vocem
1551 2535 1644 2568 mise-

928 2588 985 2620 rit.
1047 2587 1133 2620 Dixi
1171 2586 1213 2618 ad
1250 2585 1484 2627 Propertium.
1524 2585 1643 2619 Heia-r.

931 2639 1069 2671 Missum
1098 2637 1153 2670 hic
1170 2637 1313 2678 dictum,
1339 2641 1377 2668 ut
1402 2635 1461 2667 inf.
1483 2636 1543 2668 lib.
1560 2645 1593 2669 v.
1610 2639 1643 2669 7.

928 2691 1054 2722 missum
1069 2690 1212 2721 uuloeum.
1227 2693 1264 2720 et
1278 2692 1316 2720 nt
1331 2688 1497 2730 anpiter
1511 2687 1641 2721 fulmen

927 2741 1056 2773 mittere
1082 2750 1102 2772 e
1133 2740 1219 2771 coelo
1249 2739 1354 2770 etiam
1384 2738 1532 2779 dicitur3
1572 2739 1641 2771 vid.

930 2792 1034 2826 Ovid.
1064 2793 1149 2825 Met.
1178 2801 1219 2824 ιι.
1251 2793 1325 2824 312.
1357 2795 1392 2823 ct
1419 2790 1565 2833 passim:
1590 2791 1640 2823 ita
