1806 3236
445 194 712 242 Rucnnsus
747 194 1039 228 nutrioNUM
1074 194 1294 227 PHAEnm.
1516 181 1604 231 ‘713

90 348 92 350 ,
119 337 134 355 .—
177 318 234 329 -
247 296 408 340 Phaedri
422 303 467 339 et
483 297 620 339 Avieni
639 296 819 338 Fabulae.
855 295 1026 346 Parisiis,
1048 296 1156 350 apud
1191 295 1284 336 Seb.
1300 292 1520 347 ctamoisy,
1542 306 1604 334 ar-

122 355 486 418 chitypographum
504 360 639 417 Regis.
663 361 880 405 12.—Vid.
898 374 1018 415 supra
1036 375 1098 403 an.
1118 360 1238 408 1637.

181 425 290 470 1664
313 428 431 482 Eabri
467 438 522 468 11.
551 431 618 480 (ex
637 438 671 467 ι.
707 426 777 467 sed
808 427 925 481 longe
949 426 1213 480 locupletior.)
1239 424 1399 466 Phaedri
1429 423 1607 472 Fabulae,

123 503 217 534 cnm
234 493 341 535 notis
358 500 402 535 et
414 492 754 534 emendationibus
770 491 1003 546 Tanaquilli
1022 491 1154 532 Fabri.
1204 490 1354 532 Addita
1368 496 1429 531 est
1448 490 1606 530 Gallica

122 556 252 598 versio
265 557 452 610 (Albini),
463 563 509 598 et
528 557 566 597 in
585 557 1068 609 eampauimadversiones.
1098 556 1293 596 Salmurii.
1326 562 1389 597 12.

129 646 131 649 <
175 644 232 652 —
250 621 770 664 Freinshemio-Holstiana:
813 622 971 663 Phaedri
1008 624 1111 676 Aug.
1147 622 1236 662 Lib.
1273 621 1450 669 Fabulae,
1481 633 1504 659 a
1538 620 1604 659 Jo.

124 685 391 727 Freinshemio
400 687 677 729 emendatione
695 693 844 735 textus,
856 688 1042 735 historiis,
1056 687 1174 734 notis,
1190 693 1230 727 et
1242 685 1369 726 indice
1384 686 1605 726 illustratae.

124 750 399 804 Depromebat
415 765 438 792 e
457 752 703 792 bibliotheca
723 752 1034 793 Freinshemiana
1054 753 1178 792 Henr.
1207 751 1398 791 Holstius.
1455 753 1608 804 Argen·

125 815 258 864 toran,
289 815 478 869 impensis
497 817 595 858 Sim.
620 816 765 860 Paulli.
797 816 1069 868 8.—Adjecta
1087 822 1148 856 est
1167 816 1217 856 ad
1248 816 1419 869 singulas
1451 815 1607 855 fabulas

122 879 290 922 historia
309 894 545 934 congruens,
564 895 613 921 ex
633 887 807 921 veterum
829 880 991 933 scriptis
1010 887 1213 922 annotata.
1269 881 1416 920 Praeter
1433 879 1609 919 animad-

123 944 322 986 versiones
339 947 594 988 Freinshemii
615 947 845 998 posthumas
865 947 1022 987 insertae
1043 953 1137 987 sunt
1151 946 1417 994 Rittershusii,
1438 944 1609 997 Rigaltii‚

125 1011 337 1060 Bucbneri,
356 1017 477 1054 notae.
513 1011 687 1052 Additus
708 1011 832 1051 Index
852 1012 1159 1065 copiosissimus.
1204 1013 1391 1053 Ceterum
1410 1010 1608 1056 Holstius,

125 1075 282 1126 Dauus,
302 1076 433 1118 viduae
451 1077 708 1118 Freinshemii
729 1077 906 1126 maritus,
932 1078 1063 1119 extitit
1082 1078 1208 1119 haeres
1229 1077 1501 1124 bibliothecae,
1529 1088 1608 1115 non

123 1140 320 1184 doctrinae
337 1141 604 1184 Freinshemii.

149 1219 157 1222 ⁷
187 1205 292 1254 1667
320 1207 511 1249 Schefferi
531 1218 586 1248 ιι.
605 1206 815 1255 Phaedrus,
834 1221 925 1248 cum
946 1209 1051 1248 notis
1066 1209 1183 1250 Joan.
1206 1207 1398 1248 Schefferi
1413 1210 1453 1247 et
1473 1207 1504 1246 F
1505 1218 1615 1246 ranc.

125 1273 275 1327 Guyeti
293 1271 619 1324 castigationibus
637 1271 798 1321 criticis,
817 1278 858 1312 et
878 1272 1035 1313 Gallica
1054 1273 1191 1313 Albini
1209 1272 1400 1311 versione.
1421 1270 1611 1322 Upsaliae.

121 1337 302 1380 Excudit
336 1338 462 1379 Henr.
492 1338 629 1386 Curio,
662 1338 703 1378 S.
731 1338 782 1378 R.
812 1338 872 1377 M.
900 1344 941 1378 et
971 1338 1100 1378 Acad.
1132 1337 1272 1391 Upsal.
1301 1334 1544 1388 Bibliopola.
1574 1340 1612 1374 8.

123 1402 332 1445 —Reddit
348 1402 562 1445 editionem
585 1400 704 1444 1663.
724 1401 797 1443 sed
816 1403 1126 1444 emendatiorem
1141 1410 1181 1443 et
1195 1401 1428 1443 auctiorem.
1447 1402 1494 1440 In
1509 1400 1615 1440 notis

72 1482 74 1485 ’
125 1482 206 1509 non
226 1481 317 1509 raro
331 1468 461 1509 Faber
478 1467 713 1521 castigatur.

178 1555 234 1563 -
252 1531 412 1573 Phaedri
427 1532 535 1585 Aug.
556 1531 648 1571 Lib.
663 1531 902 1572 Fabularum
922 1533 1060 1586 AEsop.
1082 1533 1188 1574 Libri
1210 1544 1253 1572 v.
1282 1532 1386 1573 notis
1405 1530 1610 1585 perpetuis

124 1596 325 1644 illustrati,
344 1602 387 1637 et
405 1609 497 1637 cum
515 1595 675 1648 integris
694 1596 859 1636 aliorum
880 1597 1224 1639 observationibus
1258 1599 1297 1638 in
1327 1599 1456 1638 lucem
1477 1596 1572 1637 editi
1591 1609 1615 1636 a

125 1666 190 1707 Jo.
208 1662 435 1704 Laurentio.
464 1660 770 1709 Amstelodami,
790 1662 896 1715 apud
914 1663 980 1704 Jo.
999 1664 1255 1704 Janssonium
1274 1677 1299 1703 a
1317 1663 1546 1715 Waesberg.
1578 1668 1616 1704 8.

125 1743 166 1771 c.
194 1727 291 1783 figg.
333 1728 402 1770 aeri
435 1726 791 1776 incisis.—·Editio,
825 1729 1006 1781 quamvis
1040 1742 1064 1768 a
1095 1730 1142 1770 P.
1173 1730 1397 1769 Burmanno
1425 1728 1466 1768 in
1499 1726 1616 1767 Praef.

124 1794 287 1839 Phaedri
303 1794 365 1834 sui
382 1807 447 1835 an.
473 1793 593 1841 1698.
610 1793 783 1846 iniquius
803 1795 978 1847 culpata,
999 1795 1110 1848 quod
1131 1794 1261 1835 editor
1274 1794 1440 1835 aliorum
1458 1793 1614 1833 labores

125 1865 331 1903 truncatos
347 1858 531 1908 ediderit,
551 1858 740 1901 damnum
761 1860 838 1900 hoc
853 1860 1051 1910 iconibus,
1072 1874 1170 1914 quas
1182 1860 1343 1913 singulis
1357 1859 1500 1900 fabulis
1514 1872 1617 1913 prae-

125 1926 282 1981 positas
299 1938 348 1965 ea
367 1924 502 1972 habet,
521 1923 772 1978 pensandum
789 1925 1014 1973 crediderit,
1037 1925 1142 1965 haud
1162 1926 1277 1979 plane
1310 1924 1615 1965 contemnenda.

125 1990 272 2043 Neque
291 1989 395 2029 enim
415 1988 545 2029 editor
564 1989 778 2043 quicquam
798 1989 849 2030 de
868 1990 1034 2030 aliorum
1052 1991 1154 2030 notis
1172 1990 1320 2038 omisit,
1336 1989 1404 2030 sed
1422 1989 1615 2044 quicquid

126 2057 166 2097 in
185 2055 232 2096 iis
250 2055 303 2096 ad
322 2055 500 2095 criticam
519 2055 708 2095 rationem
723 2055 967 2108 pertinebat,
989 2055 1029 2096 in
1049 2055 1126 2096 fine
1145 2055 1236 2096 libri
1253 2056 1468 2097 collectum
1487 2054 1616 2095 dedit.

125 2122 264 2164 Habet
282 2134 374 2162 vero
392 2126 507 2160 notas
527 2120 702 2173 Rigaltii,
725 2121 991 2169 Rittershusii,
1007 2121 1203 2174 Scioppii,
1225 2121 1402 2168 Meursii,
1425 2120 1553 2168 Fabri,
1573 2126 1615 2160 et

124 2186 338 2235 Schefferi,
375 2191 567 2239 praeterea
586 2186 838 2238 praefationes
866 2186 1020 2234 Pitboei,
1065 2185 1244 2239 Rigaltii,
1272 2193 1312 2226 et
1342 2185 1613 2226 Rittershusii.

127 2252 313 2293 Ceterum
332 2252 372 2292 in
391 2252 468 2292 bac
500 2251 691 2301 editione,
707 2251 822 2291 valde
842 2251 1046 2299 mendosa,
1067 2252 1187 2304 paulo
1205 2250 1390 2305 putidius
1407 2251 1616 2292 illustravit

127 2317 362 2360 Laurentius
381 2317 592 2358 Phaedrum
612 2331 660 2357 ex
682 2319 705 2358 J
710 2317 1002 2370 urisprndentia
1022 2318 1213 2358 Romana.

186 2382 290 2424 1668
318 2381 479 2423 Pbaedri
499 2382 736 2424 Fabularum
757 2383 893 2434 AEsop.
922 2382 1031 2422 Libri
1067 2394 1111 2422 v.
1142 2397 1192 2423 ex
1226 2381 1450 2422 recensione
1483 2381 1616 2421 Chris-

127 2448 245 2501 topb.
266 2449 398 2488 Wase.
430 2447 616 2488 Londini.
639 2447 892 2488 8.—Wasius
911 2447 1014 2488 idem
1036 2453 1111 2495 est,
1133 2447 1203 2501 qui
1220 2447 1403 2488 eximium
1429 2446 1481 2487 de
1496 2446 1615 2488 Sena-

128 2513 189 2554 rio
207 2502 355 2554 librum
373 2511 513 2552 edidit.

182 2589 238 2598 -
251 2566 460 2615 Pbaedrus,
481 2579 574 2606 cum
593 2565 767 2618 versione
788 2566 962 2607 Gallica.
988 2566 1158 2608 Tolosae.
1183 2573 1247 2609 12.

186 2631 288 2681 1671
319 2631 478 2673 Phaedri
497 2633 602 2686 Aug.
623 2631 711 2673 Lib.
733 2632 972 2674 Fabularum
1003 2633 1141 2686 AEsop.
1163 2631 1272 2672 Libri
1294 2642 1335 2673 V.
1355 2645 1449 2671 cum
1480 2631 1618 2684 priori-

129 2698 207 2739 bus
225 2703 266 2739 et
295 2696 585 2752 posterioribus
609 2697 715 2739 notis
745 2697 839 2738 Nic.
869 2697 1045 2752 Rigaltii.
1076 2698 1224 2738 Petrus
1259 2699 1371 2737 Axen
1403 2696 1617 2747 recensuit,

131 2776 302 2817 suasque
320 2769 437 2805 notas
451 2762 618 2817 adjecit.
648 2763 886 2817 Hamburgi,
899 2763 1091 2804 sumtibus
1101 2764 1124 2805 J
1127 2777 1166 2805 o.
1178 2763 1403 2806 Naumanni
1413 2768 1454 2804 et
1465 2763 1615 2816 Georg.

221 2839 339 2882 Delph.
364 2844 395 2873 et
422 2839 498 2874 ναν.
516 2841 602 2873 Clas.
823 2840 957 2873 Phaedr.
1461 2841 1481 2872 2
1504 2839 1527 2871 Ζ
