1806 3236
230 219 317 268 480

232 325 370 361 fatuus?
405 326 485 361 δαν.
499 326 574 360 Sat.
588 335 626 360 x.
638 325 648 345 ‘
665 326 773 369 CuJus
787 326 936 369 pruden-

232 379 283 414 tia
297 381 476 420 monstrat,
499 378 646 420 Magnos
663 387 762 420 posse
787 378 877 411 viros
899 383 936 412 et

230 439 352 471 magna
365 429 522 470 exempla
537 429 678 461 daturos
693 430 887 462 Vervecum
902 429 937 462 in

231 481 346 523 patria
356 491 537 524 crassoque
551 481 612 514 sub
624 481 703 514 ae're
714 480 833 514 nasci!
855 482 937 515 Vet.

231 532 432 574 Interpres:
456 533 467 550 ‘
479 531 584 574 Apud
603 532 771 566 Abderim
786 536 846 565 aut
861 533 937 565 Me-

233 582 356 625 garim,
379 593 456 625 quae
485 582 551 616 fuit
580 583 696 625 patria
731 583 936 617 Democriti.

231 633 314 666 Non
345 642 390 666 ex
420 633 496 666 coeli
526 634 609 666 vitio
638 634 797 675 regiones
825 635 938 667 solent

233 684 410 717 aestimari.
456 685 544 717 Nam
561 683 628 717 fuit
642 685 863 718 Democritus
879 685 938 718 ubi

233 734 332 767 stulti
362 735 474 767 solent
496 735 601 777 nasci,
626 736 659 768 id
685 740 751 777 est,
774 735 937 770 Achivus.

231 784 318 817 Vult
332 784 436 827 igitur
450 786 688 819 Democritum
704 786 796 819 inter·
811 788 937 820 stultos

232 837 534 879 prudentissimum
550 837 690 872 natum!
733 839 815 871 vid.
826 839 938 881 Epist.

233 888 460 931 Hippocratis
476 892 513 921 et
526 889 730 922 Democriti.
751 890 830 930 Rig.

274 939 452 972 Anacharsi
469 939 610 982 Scytha]
634 940 727 972 Puto
745 940 939 973 Anacharsis

233 989 364 1032 Scytha.
408 990 445 1023 Si
457 989 604 1032 AEsopus
618 990 749 1033 Phryx,
763 991 938 1024 Anachar-

233 1041 280 1074 sis
294 1041 424 1082 Scytha
437 1041 550 1082 potuit
564 1041 701 1083 ingenio
716 1051 775 1075 suo
788 1042 937 1074 condere

234 1096 400 1124 aeternam
431 1090 570 1124 famam.
613 1091 742 1133 Schiop.
801 1091 939 1124 Omissa

233 1143 489 1186 conjunctione.
533 1143 625 1176 Vide
641 1154 715 1186 sup.
731 1144 754 1176 l.
771 1153 797 1176 1.
820 1153 895 1185 cap.
906 1146 939 1176 9.

232 1193 337 1233 Schef.
381 1194 523 1227 Utinam
541 1198 696 1236 paternae
713 1194 938 1236 conjecturae,

232 1253 334 1286 quam
350 1254 466 1277 veram
482 1249 518 1277 et
540 1245 734 1287 elegantem
761 1250 858 1286 puto,
883 1254 939 1277 ac·

233 1295 411 1337 quiescere
439 1296 609 1337 potuisset
642 1296 694 1329 Cl.
724 1295 935 1328 Gronovius:

233 1345 272 1378 Si
286 1346 404 1388 Phryx
417 1347 551 1386 AEsopus
568 1346 683 1386 potuit,
705 1345 735 1377 si
745 1346 939 1378 Anacharsis

234 1399 365 1441 Scytha,
376 1401 442 1432 &c.
466 1408 545 1431 nam
561 1397 645 1431 illud
660 1398 690 1430 si
705 1398 869 1439 geminari
884 1408 938 1430 so-

233 1451 306 1483 lere
333 1449 526 1483 videbimus
550 1449 592 1482 ad
617 1448 721 1482 Ovid.
745 1447 866 1482 Amor.
881 1458 937 1482 111.

233 1505 266 1535 9.
280 1504 311 1534 1.
334 1501 447 1534 Burm.

273 1551 470 1587 Anacharsis
482 1549 616 1593 Scytha]
630 1549 837 1583 Anacharsis
849 1561 938 1583 sum-

233 1611 290 1635 ma
303 1612 383 1635 usus
399 1607 453 1635 est
475 1602 512 1634 in
538 1602 732 1634 hominibus
753 1601 938 1644 carpendis

232 1653 407 1685 libertate.
463 1652 570 1694 Diog.
592 1651 770 1684 laertius:
793 1649 939 1694 Παρέσχε

233 1701 268 1735 δὲ
282 1702 333 1735 καὶ
345 1701 484 1745 ἀφορμὴν
493 1702 651 1744 παροιμίας
666 1701 716 1735 διὰ
723 1702 762 1734 τὸ
774 1703 940 1745 παρῥησιαο

233 1753 313 1792 στὴς
337 1752 426 1795 εἶναι,
444 1753 508 1791 Τὴν
529 1753 591 1785 ἀπὸ
608 1755 671 1785 τῶν
696 1755 818 1787 Σκυθῶν
839 1753 939 1795 ῥῆσιν.

234 1804 406 1837 Herodoti
423 1805 666 1846 Melpomene:
683 1803 764 1844 Ἔξω
778 1804 836 1836 τοῦ
861 1806 939 1836 Σκυ-

233 1855 329 1896 θικοῦ,
345 1853 434 1887 ἔθνεα
447 1853 660 1895 ἀμαθέστατα.
683 1855 844 1887 Deinde:
866 1855 939 1887 οὔτε

234 1905 329 1948 ἄνδρα
350 1905 483 1947 λόγιμον
503 1905 628 1945 οἴδαμεν
655 1903 823 1946 ’γενόμενον
844 1903 940 1947 πάρεξ

183 1966 189 1974 “
233 1958 291 1990 τοῦ
297 1958 444 1991 Σκυθικοῦ
451 1956 550 1989 ἔθνεος
561 1954 613 1988 καὶ
620 1956 837 1997 Ἀναχάρσιος.
851 1955 870 1989 J
877 1965 938 1988 ure

235 2009 341 2051 igitur
357 2009 593 2050 Epicharmus,
621 2017 725 2049 quum
749 2005 871 2048 aliquis
887 2005 937 2038 di-

235 2065 343 2102 ceret,
357 2058 477 2098 Σκύθης
490 2053 537 2091 ι’τις
552 2058 686 2100 ὄλεθρος,
711 2057 864 2099 subJecit
888 2056 937 2088 in-

235 2111 456 2154 tei-rogando,
470 2111 509 2142 ‘0
521 2109 555 2142 δὲ
566 2108 754 2151 Ἀνάχαρσις
762 2108 798 2140 οὐ
809 2106 938 2147 Σκύθης.

277 2213 471 2246 Anacharsis
496 2210 630 2254 Scytha]
653 2210 721 2243 Ms.
745 2209 938 2243 Anacharsae

234 2264 373 2306 Scythae.
395 2263 486 2296 Gud.

278 2317 320 2346 53
346 2314 499 2355 Condere]
521 2314 702 2345 Extruere.
734 2311 791 2342 Sic
803 2310 936 2342 Plinius

235 2365 335 2404 dixit,
369 2365 378 2382 ‘
406 2364 565 2396 Condere
599 2362 737 2395 laudes'
777 2362 936 2403 alicujus.

236 2415 342 2455 Schef.
389 2414 493 2447 Ovid.
515 2414 624 2447 Trist.
651 2422 691 2444 ιι.
713 2413 723 2430 ⁴
746 2412 873 2443 Divitis
889 2412 937 2443 in-

236 2467 329 2509 genii
343 2469 398 2498 est
422 2464 580 2497 immania
596 2462 738 2497 caesaris
754 2466 835 2494 acta
849 2462 936 2494 Con-

236 2517 342 2552 dere!

278 2571 322 2601 54
346 2567 515 2599 Litteratae
536 2565 589 2607 qui
610 2574 677 2596 sum
702 2563 827 2604 propior
845 2562 937 2594 Groe-

235 2617 309 2657 ciae]
332 2616 507 2649 Ennodius
529 2612 797 2656 Paneg.Theod.
820 2612 829 2630 ‘
846 2613 937 2644 Edu-

237 2668 329 2699 cavit
344 2672 379 2699 te
396 2667 430 2698 in
453 2666 629 2698 civilitatis
652 2663 779 2706 gremio
798 2663 937 2695 Graecia

237 2727 393 2759 praesaga
404 2715 564 2757 venturi‚'
575 2717 639 2748 διο.
658 2714 838 2747 Thessalus
854 2714 937 2755 Hip-

238 2769 387 2809 pocratis
407 2767 515 2800 filius:
539 2767 578 2799 Αἱ
599 2766 661 2807 ’γὰρ
679 2766 801 2804 Ἀθῆναι
824 2763 936 2806 ὑψηλό-

697 232 840 265 No'rAE
871 232 1139 266 VARIORUM
1173 234 1227 266 IN

984 328 1075 371 τερόν
1101 341 1136 363 τι,
1158 330 1222 363 τῶν
1246 330 1354 363 ἄλλων
1378 329 1499 364 πόλεων
1528 329 1561 363 ἐς
1584 330 1688 373 δόξαν.

987 379 1119 413 Aruob.
1133 389 1167 413 v.
1188 382 1198 400 ‘
1212 380 1361 414 Athenae
1371 381 1591 415 humanitatis
1605 382 1690 416 arti-

986 431 1050 464 bus
1067 433 1256 477 studiisque
1272 434 1464 476 pollentes!
1505 434 1688 468 Tertullia-

986 492 1049 517 nus
1062 483 1123 516 lib.
1145 484 1190 517 de
1217 484 1342 518 Anima
1367 495 1445 527 cap.
1459 488 1514 518 20.
1537 486 1547 505 ⁶
1562 485 1687 519 Thebis

986 533 1128 567 hebetes
1144 539 1182 568 et
1203 535 1322 568 brutos
1339 536 1434 568 nasci
1450 537 1596 569 relatum
1612 540 1686 570 est:

986 582 1134 617 Athenis
1150 586 1304 628 sapiendi
1318 586 1524 630 dicendique
1537 587 1689 620 acutissi-

986 645 1080 668 mos:
1098 636 1158 669 ubi
1172 646 1277 679 penes
1290 637 1448 680 colytum
1461 638 1559 680 pueri
1572 646 1691 675 mense

986 684 1088 718 citius
1122 686 1343 729 eloquuntur,
1374 697 1532 729 praecoce
1558 687 1688 730 lingna.

986 734 1164 778 Siquidem
1189 742 1224 769 et
1249 737 1354 774 Plato
1369 737 1404 770 in
1417 737 1547 770 'l'imoeo
1559 737 1690 772 Miner-

987 797 1063 820 vam
1080 787 1250 829 adfirmat,
1264 797 1342 820 cum
1358 787 1476 820 urbem
1489 787 1582 820 illam
1594 787 1690 821 moli-

988 841 1097 878 retur,
1121 838 1204 871 nihil
1228 838 1319 871 aliud
1345 848 1446 882 quam
1467 838 1618 881 regionis
1629 848 1690 881 na·

987 892 1098 922 turam
1114 890 1333 932 prospexisse
1348 890 1431 922 talia
1443 889 1577 932 ingenia
1593 890 1691 932 polii*

988 940 1115 981 citam,'
1141 943 1208 974 διο.
1253 940 1428 974 Arnobius
1443 941 1486 974 ad
1509 941 1556 975 G.
1578 941 1640 976 lib.
1654 951 1690 976 v.

986 990 996 1008 ‘
1013 991 1118 1032 Quid,
1131 991 1342 1025 Erichthidae
1357 1002 1377 1024 o
1393 992 1477 1034 cati,
1489 992 1585 1035 quid,
1597 992 1690 1027 cives

987 1040 1163 1083 Miner-vii,
1178 1041 1292 1074 dicitis
1301 1041 1324 1074 ?’
1370 1042 1426 1075 Sic
1448 1043 1538 1076 enim
1552 1043 1690 1086 elegan-

988 1090 1117 1123 tissime
1142 1092 1231 1124 hnnc
1251 1093 1360 1125 locum
1377 1103 1444 1126 una
1458 1103 1536 1126 cnm
1551 1094 1626 1128 aliis
1639 1094 1690 1130 in·

987 1141 1137 1174 numeris
1167 1152 1227 1175 suo
1259 1143 1363 1181 nitori
1389 1143 1542 1177 reddidit
1565 1145 1605 1178 F.
1630 1144 1689 1178 Pi-

988 1191 1099 1224 thaeus
1123 1192 1165 1224 V.
1180 1193 1221 1226 C.
1237 1202 1282 1225 ex
1298 1186 1426 1227 vetusti
1440 1194 1569 1228 codicis
1582 1195 1691 1238 scrip-

988 1246 1085 1275 tura:
1112 1244 1199 1281 Quid
1222 1245 1284 1277 erit
1308 1245 1377 1278 ideo
1401 1247 1476 1279 cati.
1518 1246 1690 1280 Martialis

989 1292 1090 1335 Epig.
1121 1294 1181 1327 lib.
1201 1304 1252 1327 vx.
1279 1298 1333 1328 74.
1377 1295 1551 1328 Herodoti
1571 1296 1687 1330 Gleio:

983 1343 1070 1376 Ἐπεί
1082 1355 1122 1385 γε
1137 1344 1282 1388 ἀπεκρίθη
1298 1346 1333 1378 ἐκ
1346 1345 1537 1388 παλαιτέρου
1546 1347 1604 1379 τοῦ
1613 1349 1690 1390 βαρ-

985 1393 1086 1438 βάρου
1100 1394 1201 1429 ἔθνεος
1211 1395 1250 1428 τὸ
1262 1397 1457 1438 Ἑλληνικὸν,
1470 1397 1521 1430 ἐὸν
1529 1396 1581 1430 καὶ
1591 1398 1690 1439 &314-

985 1459 1088 1489 τερον,
1105 1447 1158 1480 καὶ
1180 1447 1299 1487 εὔηθίης
1311 1449 1430 1487 ἠλιθίου
1445 1447 1691 1490 ἀπηλλαγμένον

986 1499 1122 1538 μᾶλλον.
1165 1499 1351 1541 Μισναίιε]
1367 1499 1447 1532 Vid.
1459 1499 1690 1542 Tranquil.de

989 1548 1119 1582 Illustr.
1137 1549 1253 1582 Gram.
1269 1561 1300 1583 c.
1317 1553 1349 1583 4.
1383 1549 1550 1582 Martian.
1583 1544 1691 1586 Fene.

988 1599 1048 1633 lib.
1067 1610 1124 1633 ιιι.
1145 1601 1256 1634 initio.
1278 1601 1357 1642 stig.

1033 1651 1184 1693 Propior]
1204 1652 1274 1684 Ms.
1293 1652 1452 1694 proprior.
1498 1651 1542 1683 Et
1556 1650 1607 1683 ita
1621 1650 1694 1683 Sal-

989 1702 1114 1734 masius
1130 1702 1174 1734 ad
1190 1712 1284 1734 oram
1308 1703 1358 1734 sui
1382 1702 1462 1735 libri
1485 1701 1634 1742 notavit,
1654 1707 1694 1734 et

989 1753 1071 1786 alibi
1086 1754 1282 1796 legendnm.
1307 1755 1392 1786 Gud.

1031 1807 1073 1835 55
1097 1804 1267 1846 Deseram]
1289 1805 1353 1837 Est
1378 1804 1443 1836 hoc
1472 1804 1563 1836 inter
1590 1808 1690 1837 notas

989 1853 1069 1887 boni
1093 1853 1148 1896 (nt
1163 1853 1364 1897 loquuntur)
1393 1855 1574 1896 patriotae:
1599 1855 1691 1897 quod

988 1907 1224 1947 argumentum
1232 1905 1329 1946 justa
1343 1904 1583 1936 dissertatione
1598 1904 1693 1936 illus-

989 1954 1150 1987 trandum
1179 1955 1277 1987 nobis
1307 1955 1529 1997 seposuimus.
1558 1955 1693 1988 Prasch.

989 2005 1156 2038 Omittam
1173 2015 1293 2038 ornare
1318 2016 1357 2038 ac
1379 2015 1592 2047 promovere,
1613 2016 1690 2038 cum

989 2055 1127 2097 possim.
1183 2056 1304 2088 Cicero
1331 2056 1365 2088 in
1394 2057 1458 2098 Ep.
1483 2054 1560 2088 Att.
1581 2056 1592 2074 ⁸
1611 2057 1692 2088 Non

989 2106 1144 2139 deseram
1171 2115 1292 2148 preces
1315 2105 1444 2148 fratris,
1468 2116 1536 2138 non
1552 2111 1694 2139 caetero-

989 2167 1062 2189 rum
1079 2157 1256 2199 promissa,
1277 2166 1340 2189 nec
1367 2159 1461 2198 spem
1478 2158 1604 2198 uxoris,
1628 2167 1691 2190 nec

988 2207 1261 2240 obsecrationem
1276 2207 1369 2248 filiae,
1389 2217 1454 2239 nec
1476 2207 1595 2239 fideles
1616 2208 1691 2239 lite-

990 2268 1044 2290 ras
1060 2257 1159 2290 tuas!
1177 2256 1282 2297 Sches.
1326 2258 1431 2299 Lege,
1442 2258 1591 2291 detmm.
1619 2257 1692 2290 Ho-

989 2313 1055 2341 rat.
1070 2318 1096 2340 1.
1113 2312 1141 2340 6.
1166 2309 1175 2326 ‘
1193 2307 1327 2340 Laudes
1344 2308 1473 2349 egregii
1493 2307 1639 2340 Caesaris
1654 2311 1691 2340 et

989 2363 1067 2392 tuas
1093 2359 1204 2400 Culpa
1228 2358 1386 2391 deterere
1409 2357 1550 2401 ingeni!
1573 2358 1690 2391 Heius.

989 2410 1046 2442 Ita
1074 2414 1111 2442 et
1142 2411 1262 2451 Nepos
1289 2409 1411 2442 Timol.
1438 2418 1463 2441 ι.
1496 2409 1507 2427 ‘
1527 2408 1690 2441 Nonnulli

989 2461 1078 2492 enim
1090 2460 1206 2492 laesam
1221 2459 1263 2491 ab
1275 2469 1316 2491 eo
1329 2460 1494 2501 pietatem
1506 2457 1690 2500 putabunt,

989 2515 1025 2543 et
1048 2510 1174 2542 invidia
1195 2509 1331 2542 landem
1357 2508 1494 2541 virtutis
1509 2506 1691 2540 obterem:

989 2561 1091 2594 Silius
1117 2561 1197 2593 Ital.
1214 2570 1280 2593 vn.
1306 2563 1382 2592 246.
1406 2561 1416 2578 ‘
1434 2560 1610 2593 Quantum
1630 2559 1689 2591 de-

990 2613 1111 2646 tritum
1127 2616 1180 2644 est
1196 2610 1319 2644 famae.'
1448 2647 1450 2650 Α

1031 2666 1074 2695 56
1089 2662 1252 2703 Threissa]
1262 2661 1428 2694 Phaedrus
1439 2661 1575 2693 natione
1586 2661 1688 2694 Threx

987 2712 1072 2753 fuit;
1095 2714 1143 2745 ita
1168 2714 1258 2744 enim
1286 2722 1327 2744 ea
1354 2721 1418 2743 vox
1446 2721 1581 2752 semper
1606 2713 1688 2745 scri-

988 2763 1112 2804 benda,
1141 2767 1180 2795 ut
1208 2763 1299 2805 apud
1327 2764 1468 2795 Sueton.
1500 2763 1610 2805 Calig.
1636 2766 1689 2797 54.
