1806 3236
206 221 294 268 494

207 333 396 374 propterea
435 329 579 363 remedii
617 338 765 372 quoqne.
806 328 918 369 Sedes.

205 382 324 415 Simile
341 386 395 415 est
409 381 491 414 illud
518 380 612 423 apud
636 381 776 413 Terent.
807 380 914 413 Phor.

204 441 249 467 11.
278 437 312 466 4.
356 433 367 452 ‘
383 432 530 465 Fecistis
569 431 700 474 probe:
744 431 916 465 Incertior

206 494 280 517 sum
295 485 417 525 multo,
430 493 533 526 quam
549 481 700 516 dudum-³

248 535 455 577 Aggrauant]
477 535 546 567 Ms.
568 534 769 575 Adgmbant.
790 533 884 568 Gud.

249 589 290 619 14
307 586 408 619 Naris
420 585 586 628 emunctoe]
610 586 840 619 Horatiannm
849 589 915 626 est,

205 638 248 670 de
269 637 324 679 iis,
352 637 410 680 qui
430 647 504 670 rem
527 640 671 679 possunt
699 635 914 677 subodorari,

202 690 267 722 hoc
283 693 350 730 est,
365 688 535 722 occultam
557 687 720 730 indagare
746 696 787 719 ac
812 686 913 719 intel-

202 741 323 784 ligere.
346 739 454 780 Sches.
772 768 774 770 ,

247 794 289 825 15
312 790 456 833 Natum]
479 789 772 830 Subandiendum,
787 798 913 830 rerum,

200 843 237 876 id
267 846 334 884 est,
356 846 482 875 natura
509 841 660 874 omnium
688 850 803 873 rerum
827 849 911 873 nun·

202 903 305 938 quarn
318 892 481 934 AEsopum
497 891 611 925 latuit.
637 892 723 925 ΟΜ.

249 944 353 978 Verba
367 944 461 986 dare]
484 944 596 978 Quem
621 953 691 977 non
713 943 830 986 potuit
851 953 911 976 ex-

200 999 302 1029 terna
315 995 433 1038 specie
443 994 618 1037 decipere.
642 994 790 1028 Plautus
805 994 908 1037 Epid.

201 1057 232 1081 a.
259 1056 319 1080 111.
350 1056 398 1079 sc.
423 1049 455 1079 4.
498 1046 508 1064 ‘
525 1045 584 1079 Sic
618 1045 700 1078 mihi
726 1045 810 1079 data
832 1055 910 1079 esse

199 1097 308 1132 verba
323 1096 486 1139 praesenti
499 1096 638 1138 palam?
682 1097 730 1129 Et
743 1097 792 1129 sic
805 1106 909 1139 saepe.

199 1149 297 1191 Vult,
310 1149 432 1182 intime
448 1148 588 1181 scivisse
604 1148 772 1182 rationem
795 1158 909 1182 rernm

198 1201 421 1240 naturalium.
445 1199 552 1240 Schef.

243 1255 286 1285 16
307 1251 501 1294 Procurare]
540 1251 710 1284 Solemnis
745 1252 820 1285 hoec
842 1251 910 1285 for-

197 1305 304 1345 mula,
330 1304 374 1336 de
396 1313 465 1346 qua
493 1303 647 1336 Brisson.
672 1303 911 1336 Formularum

198 1354 260 1387 lib.
277 1364 304 1388 1.
341 1354 426 1387 Nev.

241 1404 437 1445 Procurare]
471 1404 543 1436 Hic
571 1403 714 1446 primam
730 1403 907 1446 producit,

197 1460 319 1490 contra
333 1455 459 1488 Tibull.
473 1455 573 1496 Eleg.
595 1464 622 1488 1.
637 1459 669 1487 5.
703 1456 714 1473 ‘
731 1455 814 1497 Ipse
828 1465 908 1497 pro-

197 1507 328 1546 curavi,
345 1516 390 1539 ne
405 1510 545 1548 possent
560 1515 653 1538 saeva
667 1515 796 1539 nocere
810 1505 908 1539 Som-

197 1557 280 1591 nia!
314 1558 360 1590 Et
373 1557 423 1589 ita
436 1556 541 1589 ovid.
567 1556 655 1589 Gud.

241 1611 282 1640 17
310 1606 448 1649 Uxores]
472 1607 553 1639 Non
569 1605 708 1648 proprie
729 1616 843 1640 uxores
858 1606 908 1639 di-

196 1659 376 1701 cebantur,
391 1658 453 1691 sed
465 1657 651 1699 coniuncta»,
663 1661 702 1690 ut
715 1657 767 1690 ait
777 1659 907 1699 Varro;

196 1720 285 1743 uxor
301 1709 391 1742 enim
406 1709 471 1742 nisi
486 1709 588 1741 liberi
604 1709 729 1750 capitis
744 1719 822 1742 esse
839 1719 907 1742 non

195 1765 322 1805 potest,
347 1761 437 1803 quod
460 1766 576 1793 tamen
595 1761 736 1792 memini
758 1770 826 1792 non
849 1760 906 1793 ob-

196 1821 337 1845 servare
354 1810 517 1853 quosdam
542 1811 742 1853 scriptores.
788 1812 800 1830 ‘
817 1812 907 1844 Con-

195 1861 418 1896 tubernales’
450 1871 587 1905 quoque
615 1862 829 1905 dicebantur,
853 1863 906 1895 uti

197 1923 240 1946 ex
255 1913 376 1946 Tacito
391 1911 511 1945 videor
525 1912 733 1947 observasse.
754 1913 870 1947 Faber.

743 2185 1000 2231 FABULA

239 2319 257 2349 1
283 2316 437 2358 Pendere]
460 2315 606 2359 Proprie
621 2315 666 2348 de
682 2316 784 2348 rebus
801 2326 901 2350 vena-

194 2368 293 2402 libus.
337 2369 431 2402 Suet.
448 2368 491 2400 de
516 2367 661 2401 Claudio
676 2377 706 2399 c.
721 2370 754 2400 9.
789 2368 799 2387 ‘
815 2368 901 2401 Cum

193 2419 380 2461 obligatam
395 2419 515 2451 aerario
537 2418 640 2451 fidem
665 2418 810 2452 liberare
832 2429 901 2452 non

193 2474 323 2513 posset,
339 2470 374 2502 in
399 2480 544 2504 vacuum
565 2471 644 2513 lege
671 2470 902 2503 Praediatoria

193 2521 323 2553 venalis
353 2522 557 2563 pependerit
577 2521 638 2554 snb
663 2520 779 2553 edicto
804 2520 901 2553 Prae-

193 2571 386 2605 sectorum!
410 2572 512 2604 Adde
527 2572 574 2605 ihi
591 2571 735 2605 Casaub.
758 2571 864 2610 Schef.

238 2624 292 2656 Ad
316 2624 448 2665 lanium]
481 2624 523 2656 Id
547 2629 615 2665 est,
641 2623 732 2666 apud
762 2623 901 2656 lanium.

194 2673 338 2706 Plautus
378 2674 462 2706 locis
504 2675 700 2707 sexcentis:
736 2674 787 2707 ita
813 2675 825 2693 ⁴
842 2673 899 2706 Ad

194 2728 381 2764 praetorem
397 2725 554 2758 solvere.'
580 2725 637 2758 Ita
647 2725 737 2768 apud
753 2725 899 2758 eundem

194 2774 399 2815 scriptorem
424 2776 527 2808 metri
553 2776 766 2809 necessitate
787 2775 901 2808 admo-

193 2830 297 2857 nente
313 2826 547 2867 reponendum
574 2827 607 2859 in
634 2827 699 2860 hoc
724 2826 897 2859 Mostella-

680 233 824 266 NoTAE
855 212 1123 269 namnum
1157 237 1209 268 m

1015 330 1137 365 Uxores
1146 332 1204 374 da]
1235 331 1357 367 Simile
1372 334 1455 378 quid
1472 335 1677 373 Pinum

968 380 1092 415 tribuit
1112 382 1274 417 Thaleti:
1309 385 1344 417 in
1360 387 1517 420 convivio
1540 393 1676 432 septen

966 432 1120 475 Sapient.
1135 444 1214 478 pag.
1231 438 1306 470 149.
1326 438 1443 471 Barm.

1015 484 1150 527 Uxores,
1176 486 1290 528 inquit,
1314 488 1356 520 du
1383 489 1448 522 tuis
1481 489 1684 534 moritu]

969 534 1124 568 Eandem
1140 538 1371 580 corruptelam
1397 539 1506 574 Latiis
1530 542 1677 583 pastori»

968 585 1032 619 bus
1048 586 1169 630 objicit
1179 588 1596 635 Juvenalie,et'prteelare
1611 593 1675 628 aa·

967 637 1112 679 tyricam
1128 638 1267 673 Phaedri
1286 642 1497 677 sententiam
1508 644 1676 687 explieat,

966 689 1039 722 Sat.
1054 697 1097 722 ιι.
1142 691 1152 709 ⁶
1168 690 1432 734 Quadringenta
1444 692 1547 728 dedit»
1564 694 1677 729 orae·

966 739 1048 772 ebus
1071 741 1233 774 sestertia
1256 743 1373 776 dotem
1394 741 1581 787 curulem,
1598 735 1674 780 *slve

964 790 1021 823 hic
1042 795 1139 824 recto
1165 796 1371 828 cantaverat
1395 803 1476 828 ere.
1520 795 1675 839 m

965 841 1117 876 tabulae:
1167 843 1299 878 dietum
1334 845 1520 880 Feliciten
1554 845 1676 890 m

966 893 1072 927 Caena
1100 894 1224 928 sedet:
1271 896 1404 938 gremio
1434 897 1568 939 jacuit·
1583 905 1677 933 nova

964 949 1077 988 nupta
1099 946 1224 980 mariti.
1269 946 1303 980 Ο
1330 956 1503 990 proceres,
1529 956 1676 982 censore

965 1006 1052 1039 opus
1066 1002 1134 1040 est,
1148 1007 1191 1030 an
1207 999 1365 1041 aruspice
1380 997 1506 1032 nobis?
1530 999 1675 1034 SciBeet

964 1046 1139 1090 horreres,
1148 1048 1346 1092 maj0raque
1358 1053 1512 1083 monstra
1522 1052 1674 1093 putares,

963 1097 1000 1131 si
1015 1099 1139 1132 mulier
1163 1100 1323 1142 vitulum,
1336 1101 1392 1134 vel
1420 1101 1451 1134 ai
1477 1100 1540 1135 bos
1552 1101 1674 1136 ederet

965 1159 1090 1192 agnum
1105 1151 1119 1183 ?
1153 1151 1340 1194 Segmenta
1354 1156 1390 1185 et
1403 1153 1522 1195 longos
1535 1152 1674 1187 babitus

964 1205 999 1233 et
1013 1200 1171 1234 flammea
1194 1203 1313 1244 sumit,
1333 1203 1470 1236 Arcano
1494 1203 1553 1246 qui
1571 1213 1672 1239 saera

963 1250 1079 1284 ferens
1105 1253 1264 1286 nutantia
1283 1254 1357 1286 loro
1379 1254 1524 1287 Sudavit
1537 1251 1670 1298 clypeis

963 1301 1142 1336 ancilibus.
1186 1303 1218 1336 0
1235 1308 1338 1346 pater
1350 1305 1472 1347 Urbis,
1493 1304 1598 1340 Unde
1611 1315 1671 1339 ae·

961 1350 1014 1384 fas
1032 1355 1167 1385 tantum
1194 1354 1305 1387 Latiis
1327 1355 1548 1397 pastoribus?
1576 1357 1670 1390 unde

962 1403 1052 1436 Haec
1090 1405 1223 1447 tetigit,
1252 1405 1420 1449 Gradive,
1450 1410 1528 1440 tuos
1555 1407 1671 1441 urtica

961 1455 1138 1497 nepotes?
1166 1457 1247 1498 Εἰς.
1547 1463 1561 1469 ’

1006 1505 1129 1537 Uxores
1149 1507 1191 1539 da
1216 1507 1281 1539 tuis
1306 1507 1500 1550 pectoribus]
1541 1508 1669 1544 ἄπνου.

961 1555 1033 1588 Sat.
1043 1564 1085 1589 n.
1102 1558 1178 1590 121.
1211 1556 1314 1590 aliter
1330 1562 1609 1601 argumentatum
1631 1564 1668 1594 et

961 1607 1125 1640 Manilius
1152 1607 1210 1643 lib.
1234 1617 1287 1641 ιν.
1318 1611 1393 1642 101.
1445 1609 1457 1629 ⁴
1473 1609 1672 1644 Pei-miscet

961 1667 1054 1700 saepe
1069 1657 1219 1691 ferarum
1239 1659 1394 1702 Corpora
1412 1668 1490 1692 cum
1506 1660 1667 1694 membris

960 1708 1153 1749 hominum;
1190 1718 1259 1741 non
1286 1709 1423 1742 seminis
1451 1709 1512 1743 ille
1540 1709 1668 1744 Parma

961 1758 1048 1791 erit:
1084 1758 1167 1800 qnid
1183 1758 1274 1791 enim
1298 1759 1397 1792 nobis
1421 1769 1605 1794 eorumne
1615 1760 1667 1795 fe-

960 1809 1089 1851 risque,
1121 1808 1250 1842 Quisve
1286 1809 1321 1840 in
1358 1810 1513 1851 portenti
1540 1820 1667 1845 mam

958 1861 1114 1904 peccarit
1139 1861 1298 1893 adulter?
1318 1859 1425 1894 Astra
1448 1866 1576 1894 novant
1595 1862 1667 1898 {or-

958 1923 1045 1956 mas,
1061 1913 1252 1955 coelumque
1266 1911 1443 1949 interserit
1457 1914 1544 1945 ora?
1564 1913 1652 1945 θινὶ.

1049 2187 1132 2230 IV.

956 2317 1018 2349 riae
1045 2325 1173 2349 versu:
1216 2314 1227 2334 ‘
1246 2315 1362 2348 Tanto
1390 2313 1484 2357 apud
1507 2313 1662 2357 judicem

955 2370 1044 2403 hunc
1069 2373 1210 2411 argento
1235 2367 1480 2402 condemnabis
1503 2365 1663 2409 faeilius!

955 2421 1039 2462 Leg.
1055 2422 1095 2453 ud
1114 2419 1263 2460 judicem.
1299 2418 1391 2452 Item
1405 2418 1440 2451 iu
1454 2416 1662 2457 Trinummo,

955 2470 1014 2503 ubi
1029 2470 1109 2503 libri
1124 2469 1255 2512 vulgati
1268 2469 1419 2502 habent:
1443 2469 1453 2486 ‘
1469 2466 1571 2508 Apud
1582 2475 1662 2509 por·

953 2522 1095 2554 titorem
1131 2531 1189 2554 eas
1225 2520 1414 2562 resignatas
1439 2517 1529 2559 sibi:
1561 2526 1662 2559 repo·

952 2573 1100 2604 nendum
1117 2572 1171 2604 Aa
1179 2571 1365 2613 portitorem
1376 2580 1390 2609 ,-
1410 2572 1490 2601 sunt
1504 2567 1594 2600 enim
1608 2577 1661 2600 se-

953 2623 1053 2655 narii.
1081 2623 1194 2654 Faber.

994 2675 1047 2706 Ad
1059 2672 1190 2713 lanium]
1212 2672 1296 2713 Pro,
1313 2670 1404 2713 apud
1416 2669 1569 2702 Lanium.
1601 2668 1659 2701 Sic

953 2724 1097 2757 Plautus
1118 2723 1128 2740 ‘
1144 2722 1201 2754 Ad
1228 2720 1362 2761 forum,'
1390 2729 1465 2762 pro,
1482 2718 1586 2761 'apud
1608 2717 1662 2751 fo-

953 2784 1028 2807 rum
1042 2785 1051 2806 ε
1075 2774 1086 2792 ‘
1102 2772 1158 2805 Ad
1175 2771 1389 2812 exercitum,'
1403 2780 1478 2812 pro,
1493 2769 1586 2811 apud
1601 2778 1659 2801 ex-

954 2825 1109 2858 ereitum.
1152 2822 1344 2864 Terentius,
1375 2822 1385 2839 ‘
1399 2821 1454 2854 Ad
1486 2819 1660 2861 sororem,¹
