1806 3236
170 210 257 255 328

170 325 303 350 xxxvi.
339 326 442 351 annos
480 318 734 361 imperitarunt,
771 320 875 362 ejecti

644 224 786 256 NOTAE
820 224 1085 258 VAR10RUM
1118 226 1170 257 ΙΝ

924 319 1153 354 Athenienses
1180 321 1294 353 omnia
1322 321 1480 364 populus,
1517 302 1631 356 omnia

171 368 313 401 tandem
336 379 356 402 a
369 369 652 411 Lacedaemoniis,
669 370 757 403 duce
778 371 875 404 Cleo·
919 371 1088 413 imperiti,
1098 372 1221 412 omnia,
1231 375 1269 404 ut
1283 373 1333 404 sic
1345 372 1501 410 dixerim,
1512 376 1630 406 omnis

169 428 268 453 mene
282 431 291 452 ε
314 419 358 452 de
374 430 440 462 quo
456 421 534 452 vide
549 421 696 453 eundem
718 421 876 455 Herodo-

170 474 243 503 tum
259 471 499 513 Terpsichore.
534 472 618 506 Rite.

168 542 171 546 -
212 523 347 556 Athenoe
368 533 437 555 cum
452 522 606 564 florerent
622 524 719 565 (equis
741 523 876 565 legibus]

169 573 295 606 Gravis
311 573 499 615 descriptio
522 574 760 608 dem'ocratiae:
785 575 877 608 sicut

167 628 349 666 sequentes
398 624 466 657 duo
505 635 620 658 versus
657 625 876 658 ochlocratiae

168 674 294 707 faciem
305 675 481 708 exhibent.
504 675 749 709 Commentarii
764 677 875 709 vicem

167 726 219 758 his
236 727 412 768 praestabit
421 727 631 760 Dissertatio
643 729 695 760 Cl.
711 729 875 770 Boecleri,

166 778 393 820 praeceptoris
410 779 614 822 patronique
630 790 759 812 summe
774 789 875 812 vene-

167 829 277 871 randi,
307 829 350 862 de
379 830 516 863 Notitia
540 830 701 872 Reipubl.
739 831 874 864 Pmsch.

166 879 246 912 Non
273 879 488 923 simpliciter,
512 885 552 913 ut
573 886 789 923 opponantur
812 883 875 915 ini-

168 931 256 973 quis,
271 931 332 964 sed
354 931 388 964 in
414 939 577 974 respectu
601 933 644 964 ad
658 934 765 974 cives,
788 940 887 976 quos‘

166 987 203 1015 et
218 982 393 1016 faciebant
414 984 575 1026 aequales,
595 988 632 1016 et
654 984 776 1026 aequali
792 985 874 1027 jure

167 1033 404 1074 continebant,
425 1034 554 1073 Cicero¹
570 1034 613 1067 de
642 1033 746 1068 Offic.
761 1045 788 1068 1.
814 1046 873 1078 ap-

165 1086 274 1127 pellat
296 1087 306 1104 ‘
324 1086 555 1128 aequalitatem
570 1085 681 1128 juris:
699 1086 789 1128 quod
799 1087 873 1128 jam

164 1135 280 1168 Faber
305 1136 514 1169 observavit.
557 1137 696 1175 Senecae,
722 1141 778 1170 est
806 1139 816 1156 ‘
831 1148 875 1170 ae·

165 1196 269 1228 quum
271 1186 287 1228 j
292 1186 353 1225 us,’
362 1187 510 1229 Diogeni
519 1187 660 1220 Laenio
669 1185 873 1230 ἰσοπολιτεία,

165 1237 256 1279 quod
269 1237 556 1278 eruditissime‚ut
569 1238 693 1280 omnia,
705 1238 748 1271 ad
760 1239 871 1281 ipsum

165 1288 364 1322 observavit
401 1290 454 1322 Cl.
488 1290 671 1332 Menagius
708 1292 872 1324 recentis·

165 1339 260 1371 simae
270 1340 428 1372 editionis
443 1350 513 1372 suae
530 1350 610 1383 pag.
622 1344 676 1374 25.
699 1342 758 1374 ubi
773 1343 872 1384 plura

163 1389 270 1430 legas.
295 1389 399 1429 Schef.
444 1389 477 1423 A
491 1390 617 1424 Solone
632 1401 752 1425 recens
766 1393 869 1426 natis.

164 1438 256 1471 Vide
271 1440 496 1472 Plutarchum
512 1441 581 1473 Sol.
606 1452 638 1474 c.
653 1446 708 1475 49.
724 1448 759 1476 et
773 1453 870 1487 seqq.

163 1490 259 1531 cujus
275 1491 489 1533 comparatio
513 1496 624 1524 totum
646 1493 736 1526 hunc
758 1494 870 1527 locum

162 1541 349 1574 illustrabit
363 1542 511 1584 egregie.
527 1543 767 1579 Freinshemius.
794 1545 871 1578 'Io-o-

163 1592 264 1634 νομίᾳ,
290 1592 326 1625 id
353 1597 419 1635 est,
439 1593 529 1635 juris
560 1595 772 1637 aequalitate,
794 1597 868 1630 Cic.

163 1642 267 1676 Offic.
284 1643 344 1677 lib.
360 1653 385 1677 1.
404 1643 516 1678 Faber.
558 1646 568 1662 ‘
583 1645 741 1688 AEquatae
755 1646 869 1688 leges*

161 1698 242 1727 sunt
266 1687 364 1727 Livio
391 1695 531 1737 passim,
558 1700 596 1728 ut
618 1696 653 1728 in
680 1697 868 1738 republica.

161 1745 256 1778 Hinc
276 1745 401 1784 Ἀθῆναι
422 1744 620 1788 ι’σόνομοι,ἰη
645 1747 754 1780 Alcaei
777 1746 869 1791 frag·

160 1799 279 1828 mento
295 1796 337 1828 de
357 1796 548 1829 Harmodio
569 1801 604 1829 et
618 1795 870 1840 Aristogitone,

162 1847 253 1888 quod
270 1848 356 1879 citat
370 1847 487 1880 Vorst.
511 1847 556 1879 ad
571 1848 687 1880 Valer.
705 1849 800 1883 Max.
810 1850 868 1883 lib.

162 1906 204 1928 11.
222 1906 252 1929 c.
266 1900 317 1930 10.
333 1901 404 1930 ext.
420 1901 453 1930 1.
479 1897 593 1931 Heius.
615 1898 694 1931 Vid.
713 1899 867 1934 Gronov.

162 1947 272 1981 Diatr.
284 1948 373 1981 stat.
386 1958 417 1982 c.
433 1952 487 1981 11.

205 2001 321 2041 AEquis
341 1999 475 2042 legibus]
510 2001 560 2033 Ut
583 2000 718 2034 scilicet
740 2002 774 2035 in
797 2002 869 2034 De-

162 2053 328 2085 mocratia
350 2054 496 2086 assolet:
522 2063 623 2096 quam
643 2054 734 2096 juris
758 2065 869 2097 aequa-

161 2102 329 2135 bilitatem
364 2113 436 2136 esse
472 2114 545 2137 rem
580 2105 709 2146 oppido
745 2105 868 2138 bonam

163 2157 264 2194 putat
282 2153 480 2187 Herodotus
492 2155 597 2187 lib.v.
620 2159 741 2188 contra
751 2160 868 2189 tamen

162 2205 362 2247 disputante
378 2206 572 2248 Megabyzo
594 2210 630 2239 et
646 2207 753 2240 Dario
777 2209 867 2251 apud

162 2256 308 2288 eundem
322 2256 382 2289 lib.
399 2266 458 2290 ιιι.
485 2258 573 2290 Ritt.

204 2309 225 2338 2
261 2307 406 2348 Procax]
458 2309 538 2342 Hoc
568 2313 632 2348 est,
657 2313 774 2350 petax.
810 2310 868 2343 Sic

162 2357 252 2388 enim
290 2358 430 2392 Servius
460 2359 503 2390 ad
533 2359 607 2392 AEn.
632 2368 659 2392 1.
695 2359 707 2378 ‘
729 2361 867 2403 Procax,

161 2408 303 2449 proprie
319 2413 424 2450 petax
440 2414 504 2442 est.
551 2410 642 2443 Nam
653 2420 784 2452 procare
800 2415 866 2453 est,

161 2460 308 2498 petere.’
378 2459 565 2500 Eleganter
613 2469 708 2501 ergo,
747 2470 868 2501 procax

160 2508 300 2550 libertus,
327 2519 416 2552 quae,
443 2519 504 2542 suo
532 2520 572 2542 ac
593 2510 754 2551 praesenti
776 2510 866 2543 haud

161 2563 338 2601 contenta,
368 2570 505 2602 semper
535 2561 635 2602 plura
664 2560 800 2602 expetit
830 2565 867 2595 et

162 2612 286 2652 aliena,
300 2621 364 2645 nec
385 2621 533 2654 unquam
556 2611 713 2644 satiatur.
753 2612 865 2644 Caete—

161 2672 237 2694 rum
260 2662 315 2695 hic
337 2667 431 2695 totus
454 2663 551 2695 locus
574 2662 711 2704 grandis
735 2666 800 2704 est,
822 2663 865 2695 ob

161 2713 354 2754 argumenti
370 2713 583 2755 dignitatem.
614 2712 722 2753 Sches.

207 2763 332 2795 Procax
367 2763 495 2796 libertas
529 2763 692 2796 civitatem
724 2764 863 2806 miscuit]

162 2813 305 2847 Quintil.
334 2813 375 2845 de
399 2813 538 2846 Orator.
562 2824 636 2856 cap.
652 2818 683 2847 4.
724 2816 733 2833 ‘
757 2815 861 2858 Apud

925 426 1099 464 poterant.
1158 423 1289 455 Nostra
1323 432 1459 466 quoque
1494 423 1627 461 civitas,

925 472 1035 505 donec
1059 472 1200 514 erravit,
1221 473 1332 506 donec
1353 482 1390 506 se
1412 474 1568 516 partibus
1590 477 1629 507 et

926 523 1191 556 discursionibus
1206 528 1244 556 et
1261 523 1444 557 discordiis
1461 522 1626 564 confecit,

926 574 1036 607 donec
1051 575 1142 607 nulla
1156 573 1223 607 fuit
1237 575 1273 607 in
1287 574 1363 608 foro
1384 585 1464 618 pax,
1479 575 1578 608 nulia
1591 575 1628 608 in

925 631 1047 658 senatu
1078 624 1274 667 concordia,
1298 625 1391 658 nulla
1425 625 1460 658 in
1486 624 1627 667 judiciis

924 676 1127 716 moderatio,
1164 676 1259 708 nulla
1285 676 1498 718 superiorum
1527 684 1627 710 revo-

926 727 1051 767 remia,
1074 727 1188 760 nullus
1210 726 1470 768 magistratuum
1494 727 1627 768 modiis,

926 778 1005 811 tulit
1016 778 1089 810 sine
1112 777 1213 810 dubio
1229 777 1453 810 valentiorem
1465 776 1628 820 eloquat-

925 829 1031 862 tiam.'
1075 830 1122 862 Et
1146 829 1237 862 idem
1270 838 1346 871 cap.
1369 830 1424 861 ³6.
1467 827 1478 846 ⁶
1496 827 1635 861 'ranan

925 880 991 913 ista
1017 880 1276 923 perturbatione
1298 889 1339 912 ac
1363 878 1505 912 licentia
1527 879 1629 922 plura

925 932 990 964 sibi
1004 932 1140 974 assequi
1165 931 1385 972 videbantur,
1409 930 1629 972 cum,mixti·

925 982 1082 1014 omnibus
1097 987 1133 1015 et
1157 982 1372 1014 moderatore
1390 990 1466 1014 v*uno
1483 981 1631 1015 carenti-

924 1033 998 1074 bus,
1017 1037 1152 1066 tantum
1167 1033 1311 1075 quisque
1333 1027 1451 1065 orator
1473 1037 1629 1075 saperet,

923 1088 1099 1127 quantum·
1115 1084 1244 1117 erranti
1271 1084 1396 1126 populo
1425 1076 1628 1126 persuaderi

923 1139 1073 1177 poterat.
1120 1135 1213 1168 Hinc
1227 1135 1321 1176 leges
1330 1134 1508 1176 assiduae,
1519 1144 1628 1178 popu·

922 1187 995 1218 lare
1009 1195 1145 1227 nomen,
1158 1186 1237 1218 hinc
1251 1185 1444 1226 conciones,
1457 1187 1538 1220 hinc
1547 1192 1628 1229 pro-

922 1247 1037 1270 cerum
1060 1237 1241 1278 factiones,
1263 1241 1301 1270 et
1323 1237 1462 1270 assidua
1479 1238 1628 1272 senata·

921 1287 1085 1320 adversus
1113 1288 1250 1330 plebem
1281 1288 1481 1322 certamina.
1537 1290 1626 1324 Quoe

921 1337 1054 1379 singula
1081 1337 1146 1370 etsi
1176 1337 1414 1371 distrahebant
1442 1339 1627 1382 rempubli-

922 1398 1011 1430 cam,
1028 1388 1240 1422 exercebant
1255 1393 1369 1422 tamen
1391 1390 1525 1423 illorum
1540 1394 1628 1424 tem-

921 1449 1043 1481 porum
1059 1438 1314 1481 eloquentiam!
1353 1440 1441 1473 Gud-

963 1489 1113 1531 Miscm't]
1129 1489 1263 1521 Miscuit
1270 1489 1431 1522 civitatem
1440 1489 1543 1534 dixit,
1551 1501 1630 1535 prro,

922 1540 1095 1581 turbavit;
1111 1541 1201 1574 sicut
1212 1546 1334 1574 contra
1349 1541 1468 1576 dicunt
1482 1547 1628 1586 veteres,

920 1592 1058 1632 turbare,
1083 1602 1158 1634 pro,
1186 1593 1343 1627 miscere.
1366 1593 1491 1637 Sclu‘op.
1540 1595 1627 1638 Pro,

920 1643 1013 1675 cives
1024 1643 1177 1685 miscuit,
1183 1643 1356 1686 grandius.
1377 1645 1514 1679 Miscere
1523 1655 1627 1689 porro

921 1699 1017 1726 recte
1033 1699 1220 1736 usurpatur
1243 1695 1285 1728 de
1305 1695 1456 1729 mixtura
1477 1698 1625 1739 partium

919 1744 1175 1777 inconvenienti
1201 1755 1264 1787 per
1288 1746 1407 1779 turbas
1435 1751 1472 1780 et
1504 1747 1625 1780 sediti-

919 1804 1013 1827 oneS.
1059 1795 1130 1829 Cic.
1148 1796 1248 1829 Orat.
1264 1801 1356 1829 cont.
1374 1797 1466 1830 Ruu.
1480 1806 1516 1830 t:
1529 1798 1540 1816 ‘
1553 1798 1626 1832 Ho-

919 1845 1027 1878 mines
1041 1855 1110 1879 non
1125 1846 1260 1879 inerant
1279 1848 1313 1879 in
1335 1848 1432 1888 urbe,
1447 1849 1507 1892 qui
1527 1850 1625 1883 malis

919 1897 1152 1939 concionibus,
1166 1897 1373 1931 turbulentis
1386 1903 1526 1933 senatus
1543 1909 1625 1934 con-

919 1947 1031 1988 sultis,
1052 1947 1176 1990 iniquis
1199 1948 1352 1990 imperiis
1376 1949 1636 1992 rempublicam>

918 1998 1121 2031 miscerent?
1150 1999 1256 2039 Schef.
1549 2020 1553 2027 ‹

963 2052 982 2081 3
1004 2049 1164 2091 Licentia]
1197 2051 1290 2093 Lege
1312 2052 1456 2085 licenaeioe.
1499 2052 1624 2086 Heins-

919 2100 1000 2132 Non
1012 2105 1065 2133 est
1077 2101 1205 2142 primus
1216 2111 1326 2139 casus,
1343 2111 1459 2136 verum
1472 2103 1624 2145 ultimus,

919 2161 1021 2194 quem
1046 2162 1176 2185 caussae
1200 2154 1398 2194 nominant;
1437 2156 1511 2188 vult
1533 2155 1623 2190 enim

918 2202 1114 2244 ostendere,
1125 2203 1207 2246 quid
1219 2204 1402 2240 mixturam
1414 2205 1506 2238 illam
1516 2206 1625 2241 Athe-

918 2255 969 2286 nis
991 2256 1178 2296 pepererit,
1202 2255 1368 2289 videlicet
1386 2256 1538 2298 licentia,
1560 2268 1625 2301 per

918 2315 1019 2347 quam
1043 2306 1259 2339 immodicum
1275 2307 1436 2350 iutelligit
1455 2308 1624 2343 libertatis

917 2365 1028 2395 usum,
1043 2356 1086 2388 ad
1109 2356 1347 2398 impunitatem
1369 2367 1485 2391 eorum
1508 2360 1624 2402 etiam,

917 2416 993 2449 quae
1010 2407 1125 2449 iniqua
1143 2412 1223 2440 sunt
1238 2413 1274 2440 et
1289 2407 1477 2442 inhonesta.
1502 2410 1608 2450 Schff.

958 2459 979 2488 4
994 2457 1100 2499 Hinc]
1126 2458 1211 2500 Leg.
1226 2459 1294 2490 Hic
1307 2468 1351 2491 ex
1364 2460 1432 2494 Ms.
1447 2460 1623 2503 Remensi,

917 2507 1008 2550 quod
1023 2518 1096 2549 pro,
1118 2513 1201 2540 tunc
1224 2509 1404 2551 eleganter
1427 2510 1566 2544 dicitur.
1583 2522 1619 2545 v.

917 2557 1081 2590 scheffer.
1095 2558 1138 2590 ad
1154 2557 1224 2591 fab.
1242 2562 1295 2591 15.
1327 2558 1413 2593 Gud.
1571 2571 1573 2573 ’

962 2609 1159 2650 Conspiratis
1172 2610 1350 2647 factionum
1361 2610 1520 2652 partibus]
1552 2611 1620 2646 Ac-

916 2660 999 2700 uve,
1017 2669 1095 2701 pro,
1110 2659 1395 2701 conspirantibus,
1415 2662 1511 2703 quasi
1527 2663 1619 2696 dice-

914 2715 981 2751 ret,
1014 2710 1146 2742 interea
1175 2712 1254 2742 dum
1290 2711 1358 2743 inae
1397 2714 1620 2756 conspirant3

914 2761 1002 2804 quod
1021 2761 1093 2802 jam
1109 2761 1167 2793 alii
1183 2760 1419 2794 observarunt.
1464 2764 1522 2796 Sic
1543 2766 1622 2798 Mam

913 2813 1008 2846 crob.
1025 2813 1096 2846 Sat.
1110 2811 1207 2860 praef.
1224 2823 1248 2846 1.
1273 2814 1281 2831 ‘
1300 2814 1487 2849 Multarum
1500 2817 1535 2849 in
1550 2817 1616 2850 hoc
