1806 3236
178 228 265 272 492

176 336 188 356 ‘
198 334 324 369 Melius
334 335 408 379 ipsa
417 335 562 378 pistacia
566 334 690 378 juncta
697 339 885 377 ponuntur,

179 398 253 421 mas
270 398 310 421 ac
325 387 474 421 foemina.
519 387 654 419 Marem
680 386 812 428 dicunt,
828 386 885 419 cui

181 439 246 472 sub
259 439 354 473 corio
362 439 458 471 velut
466 438 553 471 ossei
563 437 657 480 longi
668 437 830 470 videntur
838 438 885 470 la-

180 493 256 524 tere
281 489 459 524 testiculi?
501 488 655 522 Arbores
681 497 742 531 per
755 488 886 521 insitio-

179 551 258 574 nem
274 542 400 574 coitum
428 540 502 583 pati
517 545 554 573 et
578 543 796 583 praegnantes
810 539 887 572 fieri

181 593 230 625 ait
252 592 385 625 Plinius
411 592 470 625 lib.
498 600 590 624 xvir.
615 601 646 624 c.
670 594 723 623 14.
765 591 886 623 Thala-

181 652 344 685 mumque
357 642 397 674 iis
413 642 537 675 tribuit
549 641 685 674 Pallad.
701 650 778 674 xxv.
790 642 800 659 ‘
815 641 885 674 Sub

182 694 326 726 thalami
341 694 457 736 specie
472 692 748 735 felicesjungere
762 693 886 735 sylvas,

181 746 232 778 Ut
246 744 355 777 soboli
370 745 488 777 mistus
501 748 634 777 crescat
650 744 811 786 utrinque
827 743 887 776 de-

182 795 269 829 cor.'
293 796 303 814 ‘
319 795 503 837 Plantari,’
526 796 536 813 ‘
551 795 650 837 Seri‚'
666 799 703 827 et
726 796 736 814 ‘
754 795 887 837 Inseri‚'

183 851 221 880 et
237 846 377 880 arbores
400 850 437 879 et
451 846 602 878 homines
624 846 796 879 dicuntur.
832 846 888 879 Sic

182 898 323 941 Jupiter
365 898 375 919 ‘
395 898 580 930 Hominum
613 899 728 931 sator.’
772 898 889 939 Forte,

185 951 277 993 quia,
293 953 333 982 ut
357 950 406 982 ait
429 949 560 982 Arnob.
581 960 688 983 uxore
705 953 888 982 contentus

182 1000 274 1034 haud
289 1011 369 1043 una,
393 1001 604 1042 concubinis,
620 1001 815 1043 pellicibus,
839 1005 890 1034 at-

184 1062 249 1095 que
261 1052 415 1084 amiculis
427 1052 891 1094 delectatus,impatientiam

184 1113 282 1136 suam
310 1103 500 1146 spargebat
531 1104 657 1146 passim
687 1104 743 1147 (ut
775 1104 891 1148 vagari

185 1155 422 1188 adolescentes
439 1154 567 1197 solent)
594 1155 688 1187 salax
704 1155 810 1187 Deus.
834 1155 890 1187 Sic

183 1207 316 1240 Tertul.
332 1206 376 1238 ad
398 1207 506 1239 Uxor,
519 1215 543 1239 1.
583 1206 592 1224 ‘
609 1206 698 1238 Nam
719 1204 799 1248 quid
817 1215 891 1248 ges-

185 1258 312 1290 tiamus
324 1257 451 1289 liberos
477 1266 606 1298 serere,
632 1266 726 1299 quos,
741 1266 818 1288 cum
833 1256 891 1288 ha-

186 1309 316 1350 bemus,
342 1308 552 1350 praemittere
582 1312 741 1349 optamus
758 1307 782 1338 ?’
817 1307 892 1340 Cal-

185 1358 329 1401 purnius
347 1359 502 1390 Declam.
519 1366 622 1389 xx1v.
665 1357 677 1374 ‘
698 1358 809 1389 Nemo
832 1366 892 1388 uu-

186 1420 290 1454 quam
319 1410 555 1455 magistratum
594 1407 679 1440 fecit
714 1407 893 1450 vicarium,

185 1461 303 1494 necin
319 1461 386 1493 alio
400 1460 572 1500 militavit,
597 1468 660 1491 nec
686 1468 784 1491 sacra
811 1468 892 1500 gen-

186 1513 291 1546 tilitia
313 1513 481 1545 insertiva
495 1511 604 1552 stirpe
620 1509 797 1552 corrupit)
829 1510 893 1541 Fa-

186 1564 263 1596 bius
277 1564 436 1596 Declam.
462 1570 566 1594 cccx.
602 1561 611 1579 ‘
629 1561 710 1592 Duo
735 1560 894 1592 cubicula

186 1615 332 1656 irruisti,
349 1614 480 1647 duobus
509 1612 642 1645 maritis
668 1612 829 1654 injuriam
843 1611 894 1645 fe-

187 1665 279 1707 cisti,
289 1665 374 1698 duas
389 1664 533 1697 familias
547 1665 675 1696 inserta
690 1664 798 1706 stirpe
815 1674 895 1697 con·

186 1716 331 1750 fudisti!
375 1717 507 1749 Tabula
528 1725 617 1748 aerea
634 1715 806 1757 Lugduni,
818 1726 894 1758 quae

187 1767 323 1800 Claudii
338 1767 428 1808 Imp.
446 1767 635 1798 orationem
659 1766 823 1807 continet,
843 1776 912 1798 su-·

189 1827 254 1859 per
283 1817 427 1850 civitate
462 1817 572 1849 Gallis
610 1816 743 1848 danda:
792 1825 896 1848 Hv1c.

187 1876 347 1902 QonVE.
379 1876 432 1899 ΕΤ.
449 1875 560 1899 mmo.
586 1875 780 1899 ΝΕΡοΤινΕ.
803 1876 894 1899 Elvs.

189 1926 283 1950 ΝΛΜ.
318 1927 372 1951 ΕΤ.
414 1927 501 1950 noc.
535 1927 661 1950 urran-
700 1926 896 1950 Avc’ronas.

190 1978 404 2002 DISCREPAT.
419 1978 604 2002 insan‘rvs.
632 1978 791 2002 sanvrvs.
812 1978 896 2001 Τνι-

190 2029 280 2053 Lrvs.
308 2028 351 2052 s1.
385 2028 558 2053 Nosrnos.
585 2028 785 2055 snovnuvn.
815 2029 898 2053 cap-

190 2081 289 2104 ssva.
306 2080 432 2104 NA'rvs.
456 2079 624 2104 ocnssrs.
645 2073 710 2104 διο.
754 2071 898 2103 Eodem·

192 2133 259 2165 que
276 2123 378 2165 plane
406 2123 508 2155 modo
536 2122 704 2154 Phaedrus
728 2127 847 2155 noster
863 2133 896 2154 a·

191 2173 329 2206 dultera
358 2178 468 2206 matre
497 2177 595 2206 natos
625 2173 713 2205 filios
741 2174 896 2207 insitivos

191 2225 414 2267 nuncupavit.
468 2224 588 2256 Iusitio
627 2224 735 2256 veluti
764 2229 897 2258 naturae

193 2276 416 2308 adulterium:
455 2275 672 2317 adoptionem
692 2275 751 2308 alii
766 2277 898 2309 malunt

193 2327 321 2359 dicere.
376 2326 478 2359 Unde
502 2330 551 2367 et,
576 2326 745 2367 adoptata
773 2336 895 2367 poma:

194 2377 287 2409 Plin.
301 2377 362 2410 lib.
378 2386 438 2410 xv.
456 2387 487 2410 c.
505 2380 557 2410 15.
583 2377 593 2395 ⁴
607 2376 767 2408 Omnium
783 2381 899 2409 autem

193 2429 391 2472 nuperrime
413 2428 579 2470 adoptata
599 2431 678 2460 sunt
699 2437 807 2469 parva
824 2437 899 2469 gra·

193 2480 313 2513 tissimi
329 2480 474 2521 saporis,
489 2475 571 2522 quae'
582 2478 714 2510 Petisia
727 2478 900 2510 nominan-

195 2533 275 2564 tur)
332 2531 392 2572 Et,
418 2530 593 2571 adoptivae
622 2538 752 2561 comaez
789 2529 900 2561 Palla-

196 2581 272 2614 dius
288 2590 365 2614 xW·
398 2582 408 2600 ‘
424 2580 581 2622 Docebo,
602 2581 691 2614 Quas
705 2579 750 2611 sit
765 2579 900 2620 adopti-

195 2631 246 2663 vis
290 2630 391 2663 arbor
428 2634 552 2663 onusta
601 2629 732 2662 comis!
772 2629 898 2662 Idem:

194 2682 205 2703 ‘
218 2681 306 2715 Haec
326 2685 362 2714 et
377 2685 526 2723 cognato
538 2681 680 2723 cingens
689 2680 901 2714 terebinthus

198 2731 323 2764 amictu
348 2731 471 2764 Nutrit
498 2731 667 2773 adoptivis
691 2730 901 2764 nobilitanda

197 2782 325 2814 comis!
368 2782 446 2816 Quo
471 2786 573 2825 pacto
594 2781 643 2814 ait
661 2781 825 2823 Virgilius
846 2791 900 2814 ar-

200 2831 300 2867 bores
315 2832 498 2879 aliquando
512 2832 629 2866 mirari
657 2833 667 2852 ‘
681 2833 796 2867 Novas
809 2831 900 2866 fron-

645 237 788 271 No'rAE
819 214 1099 272 VARIORUM'
1121 241 1174 273 IN

936 335 998 368 des
1011 340 1047 369 et
1062 345 1128 370 non
1145 347 1207 370 sua
1221 337 1344 380 poma.’
1385 337 1538 382 Optatus
1554 336 1640 374 Afer

935 385 997 419 lib.
1010 395 1061 419 vr.
1104 388 1115 406 ‘
1127 388 1195 420 Sed
1210 388 1296 431 ipse,
1312 389 1470 423 arborem
1485 394 1642 434 portans,

937 435 1089 470 futurum
1115 448 1243 483 nemus,
1264 440 1404 482 stringit
1429 440 1463 473 in
1489 439 1642 482 fascem

938 487 1068 520 aridam
1083 489 1250 533 arborem,
1273 490 1375 523 nullis
1392 490 1564 524 radicibus
1579 483 1645 525 foti
1683 495 1685 497 ’
1705 513 1712 520 .

938 543 1022 582 tam,
1033 541 1217 583 multiplici
1234 541 1356 575 fraude
1371 543 1556 585 componit.
1578 543 1645 578 Cui

938 591 1147 624 adulterinos
1182 592 1302 626 inserit
1342 598 1540 635 ramos,›et
1565 603 1643 637 quae

938 651 1014 675 suas
1032 641 1235 684 jamdudum
1264 643 1397 676 succisa
1427 643 1643 687 perdiderat,

938 693 1066 726 alienas
1106 693 1234 735 accipit
1274 693 1436 727 frondes!
1488 694 1645 737 Naevius,

937 744 1083 784 Exodio,
1105 750 1221 777 notam
1237 744 1382 786 virilem,
1401 753 1531 778 ramum
1544 745 1645 780 voca-

938 794 1008 828 vit:
1052 795 1180 837 ‘Cujus
1219 805 1286 828 vox
1314 796 1516 838 gallulascit‚
1547 796 1646 839 cujus

931 846 1004 888 jam
1034 856 1149 879 ramus
1175 847 1390 880 robor-ascitss
1446 848 1496 880 Eo
1524 847 1646 881 retulit

940 897 1111 931 Ausonius
1134 899 1280 932 Centon.
1305 901 1404 941 nupt.
1419 898 1647 940 Virgilianum

940 949 1209 982 hemistichium:
1247 951 1258 969 ‘
1276 949 1402 992 Aperit
1427 956 1571 991 ramum,
1586 949 1647 993 qul

943 1005 1036 1033 veste
1057 1000 1220 1033 latebat)
1264 1001 1452 1043 Eleganter
1476 1005 1593 1034 autem
1609 1004 1647 1034 et

940 1057 1083 1084 venuste
1098 1053 1243 1094 Plinius,
1256 1053 1314 1085 ubi
1338 1053 1381 1086 de
1404 1053 1563 1086 arborum
1578 1052 1649 1086 coi·

941 1106 978 1135 tu
1004 1103 1088 1145 agit,
1113 1103 1265 1137 fissuram
1291 1105 1492 1147 genitalem,
1523 1104 1644 1137 rimam

941 1157 1061 1186 vocat:
1097 1154 1106 1172 ‘
1124 1155 1287 1187 Subtilior
1302 1155 1391 1187 ratio
1409 1155 1463 1188 vel
1478 1164 1649 1192 senosca-

940 1205 1046 1237 lamos
1076 1205 1208 1248 adjicit,
1239 1207 1449 1240 mortalitati
1467 1216 1586 1240 eorum
1610 1211 1648 1240 et

940 1265 1082 1288 numero
1095 1266 1297 1289 succurrere
1313 1267 1489 1300 persuasa,
1505 1267 1569 1300 per
1580 1267 1648 1291 me-

942 1306 999 1339 dia
1026 1310 1147 1339 trunco
1177 1308 1302 1340 leniter
1335 1307 1431 1352 fisso,
1471 1317 1647 1352 cuneoque

942 1357 1037 1389 tenui
1075 1357 1230 1390 fissuram
1272 1359 1502 1400 custodiente,
1539 1355 1650 1393 donee

943 1408 1146 1449 cuspidatim
1174 1409 1310 1442 decisus
1334 1410 1523 1443 descend-at
1547 1410 1582 1443 in
1607 1411 1651 1443 ri-

942 1469 1032 1492 mam
1060 1460 1235 1493 calamus!
1292 1461 1391 1493 Rima
1420 1471 1488 1494 non
1517 1462 1648 1496 arboris

944 1517 1079 1546 tantum
1095 1517 1169 1553 est;
1192 1514 1251 1546 sed
1268 1514 1373 1546 etiam
1389 1514 1540 1547 mulieris
1554 1513 1650 1556 σχίσ-

943 1576 999 1605 μα,
1013 1563 1303 1606 interfemineum‚
1317 1564 1397 1607 quia
1423 1565 1568 1599 dehiscit
1590 1566 1650 1600 ad-

944 1615 1133 1658 mittitque,
1147 1615 1157 1633 ‘
1170 1616 1269 1648 Rima
1279 1615 1289 1631 ’
1304 1615 1443 1649 dicitur.
1488 1616 1591 1650 Unde
1603 1622 1652 1660 et,

946 1666 1128 1700 Inrlmare.
1151 1667 1324 1699 Pacuvius
1339 1666 1522 1700 Atalanta:
1540 1667 1551 1687 ‘
1563 1668 1651 1701 Cum

946 1717 1094 1750 incultos
1107 1718 1340 1760 pervestigans
1349 1718 1654 1752 inrimarersinus!

947 1767 1156 1800 Glossarium
1173 1772 1298 1800 vetus:
1331 1769 1341 1786 ‘
1361 1769 1471 1810 Rima,
1495 1769 1653 1810 ’γυναικεία

946 1816 1058 1858 φύσις]
1095 1819 1219 1851 Juven.
1249 1819 1323 1851 Sat.
1349 1828 1405 1851 111.
1450 1819 1593 1853 ‘Vacua
1615 1825 1662 1853 et>

947 1868 1047 1910 plana
1063 1869 1175 1901 omnia
1194 1869 1288 1901 dicas
1304 1869 1399 1901 Infra
1422 1870 1651 1903 ventriculum

948 1924 984 1952 et
1011 1920 1105 1952 tenui
1132 1919 1298 1952 distantia
1326 1919 1434 1952 rima!
1478 1919 1652 1954 Ausonius

948 1970 1070 2003 Cento.
1101 1971 1195 2012 Nup.
1225 1971 1301 2003 haec
1326 1971 1449 2012 virgil.
1476 1972 1652 2005 liin-vni.

946 2022 955 2038 ‘
973 2020 1083 2062 Ignea
1102 2020 1188 2052 rima
1213 2020 1342 2063 micat,’
1356 2021 1400 2053 ad
1422 2022 1557 2055 hortum
1580 2031 1652 2055 mu-

947 2072 1090 2105 liebrem
1118 2072 1306 2105 transtulit.
1351 2072 1444 2106 Hlnc
1470 2075 1654 2116 Parmeno,

947 2122 1039 2165 apud
1061 2123 1260 2155 Terentium
1286 2124 1462 2165 Eunucho,
1487 2124 1653 2157 Thaidem

947 2175 995 2206 sic
1036 2175 1242 2217 alloquitur:
1295 2176 1305 2193 ‘
1321 2174 1450 2208 Plenus
1492 2175 1653 2209 rimarum

948 2234 1034 2266 sum,
1047 2225 1112 2256 hac
1126 2228 1228 2267 atque
1244 2224 1324 2257 illac
1338 2223 1502 2266 perfluo-²·
1534 2225 1655 2269 Adpo—·

948 2275 1011 2308 site
1035 2275 1078 2307 ad
1099 2275 1326 2317 meretricem,
1350 2276 1448 2317 cujus
1475 2276 1561 2308 rima
1584 2285 1652 2309 non

948 2326 1112 2359 continet.
1155 2326 1233 2358 Nec
1263 2325 1453 2358 tralationis
1482 2326 1654 2369 elegantia

947 2381 1050 2409 vacat
1085 2377 1266 2410 Plautinus
1289 2378 1391 2419 jocus
1433 2378 1653 2419 Curculione,

949 2428 1105 2460 Lenones
1120 2437 1255 2470 semper
1282 2428 1429 2470 aliquam
1445 2428 1594 2472 reperire
1609 2427 1653 2460 ri-

948 2489 1037 2511 mam
1052 2491 1060 2510 :
1082 2478 1093 2497 ‘
1109 2479 1318 2521 Rogationes
1334 2479 1495 2520 plurimas
1510 2483 1653 2521 propter

948 2539 1008 2562 vos
1021 2531 1166 2572 populus
1182 2530 1280 2562 scivit
1291 2530 1314 2569 3}
1334 2529 1428 2563 Quas
1441 2538 1499 2562 vos
1514 2533 1652 2571 rogatas

949 2580 1127 2622 rumpitis:
1160 2580 1308 2621 aliquam
1335 2579 1495 2621 reperitis
1522 2580 1652 2614 rimam.

950 2631 1057 2665 Quasi
1095 2640 1216 2672 aquam
1254 2629 1456 2672 ferventem,
1490 2629 1652 2672 frigidam

950 2691 1036 2723 esse,
1046 2681 1096 2713 ita
1106 2690 1164 2712 vos
1178 2680 1304 2722 putatis
1315 2680 1435 2721 leges?
1452 2680 1651 2715 Genitalem

949 2731 1086 2764 feminae
1110 2731 1242 2771 rimam,
1270 2731 1281 2748 ‘
1297 2731 1465 2763 Foveam’
1497 2733 1650 2774 appella-

952 2782 1002 2815 vit
1011 2781 1254 2815 Tertullianus.
1274 2780 1447 2814 Arnobius
1460 2790 1510 2815 ιν.
1526 2783 1536 2802 ‘
1551 2783 1650 2823 Scro-

949 2833 1028 2867 bem
1041 2832 1063 2867 :'
1093 2832 1150 2873 cui
1173 2831 1353 2866 Pertunda
1376 2832 1455 2866 Dea
1478 2837 1652 2877 praeerat=
