1806 3236
211 189 297 232 174
497 201 698 233 russum
732 201 1045 235 nAnvnAuuM
1078 203 1378 239 AEsormuuu

210 297 342 341 Unde
361 297 440 339 illa
459 295 607 349 scivit,
627 297 746 352 niger
765 309 823 339 an
841 297 971 340 albus
987 301 1221 342 nascerer?
1436 300 1440 303 '
1606 297 1669 358 10

210 365 309 420 Age
324 378 473 422 porro,
496 366 678 408 scisset:
709 379 810 408 cum
831 378 998 408 crearer
1016 368 1256 420 masculus,
1673 371 1676 375 “

211 433 484 476 Beneficium
502 445 709 486 magnum
730 445 836 475 sane
855 433 990 476 natali
1010 434 1148 486 dedit,

211 501 276 544 Ut
294 505 574 556 expectarem
595 500 763 542 lanium
782 501 826 542 in
845 498 975 558 horas
997 501 1210 556 singulas.

211 569 351 625 Cujus
371 571 573 624 potestas
593 568 715 610 nulla
732 569 780 610 in
796 568 1011 623 gignendo
1030 569 1131 623 fuit,

211 639 301 682 Cur
319 639 405 682 hac
424 639 483 681 sit
501 639 662 694 potior,
683 651 784 694 quae
800 639 991 695 jacentis
1007 639 1204 684 miserita
1222 645 1308 693 est,
1610 644 1668 688 15

210 782 310 823 novit,
332 791 372 813 an
399 790 542 813 moerer-
563 780 653 812 albus
681 784 742 813 aut
764 779 884 822 niger?
930 782 1030 814 Porro
1050 783 1109 822 fac
1134 783 1274 817 novisse.-
1302 787 1386 817 certe
1409 784 1492 818 mihi
1517 786 1670 828 neemia

207 826 328 864 grande
356 824 491 867 officium
517 825 597 865 quod
632 834 681 856 me
701 825 873 866 conceperit
900 835 1031 866 murem,
1064 829 1100 858 ut
1133 830 1329 868 expectarem
1361 828 1515 861 caninum
1549 839 1672 872 quaqua

210 869 298 902 hora.
343 868 448 904 Quare
464 867 524 899 illa
537 867 580 899 sit
588 868 706 909 potior,
721 867 808 908 cnjus
821 869 907 900 nullu
919 871 1062 910 potestus
1072 869 1144 909 fuit
1156 870 1191 902 in
1200 872 1402 914 procreando,
1421 881 1513 914 qum
1523 881 1593 915 qua
1611 873 1671 906 mi-

820 951 976 966 00006000
981 954 1056 967 5000

210 1012 286 1045 aliis
301 1012 397 1053 loeis,
408 1022 428 1044 a
439 1010 637 1045 Burmanno
652 1013 806 1055 prolatis.
850 1014 886 1046 Is
902 1018 1016 1048 autem
1033 1025 1151 1048 vocem
1162 1016 1267 1058 potior
1281 1025 1300 1048 e
1316 1026 1364 1048 vs.
1377 1018 1430 1050 15.
1441 1015 1685 1053 linem

210 1056 415 1098 suspicatur.
457 1055 527 1087 Sed
542 1065 619 1088 cum
637 1056 670 1088 in
687 1057 830 1089 Romulo
845 1057 986 1091 Divion.
1002 1062 1040 1091 et
1054 1059 1146 1091 Ulm.
1162 1059 1221 1100 sit,
1237 1059 1410 1092 tumewillu
1423 1062 1471 1092 est
1482 1059 1675 1101 tibifortier

209 1102 323 1140 muter,
335 1108 403 1140 ‹111oe
418 1101 449 1130 te
461 1099 583 1141 peperit
594 1110 607 1138 ,·
628 1103 664 1132 et
670 1099 792 1139 sortior
814 1110 855 1133 ex
878 1101 981 1142 potior
994 1100 1123 1135 factum
1138 1112 1214 1134 esse
1233 1102 1410 1143 videatur;
1437 1103 1544 1145 potim-
1569 1104 1674 1138 eum

210 1142 276 1174 Ms.
293 1142 373 1174 Per.
390 1141 560 1183 exhibeat,
576 1147 613 1174 et
639 1143 675 1175 in
700 1144 838 1184 vulgata
861 1144 1011 1177 lectione
1033 1145 1139 1186 potior
1158 1149 1305 1178 metrum
1320 1150 1478 1188 couste13
1498 1147 1673 1189 conjectu-

210 1195 283 1218 ram
297 1184 486 1217 Burmanni
501 1195 569 1217 non
583 1190 666 1227 puto
682 1195 754 1218 esse
771 1186 1029 1220 admittendam.
1052 1188 1104 1230 [et
1117 1188 1222 1230 potior
1237 1187 1382 1231 Anton.]
1416 1187 1473 1222 Cf.
1486 1189 1675 1226 Tzsclmck.

209 1228 318 1260 melior
332 1227 503 1260 dederunt
517 1229 720 1261 Lallemant.
743 1233 781 1262 et
801 1230 951 1264 Brotier.
993 1230 1074 1263 Sine
1090 1231 1297 1263 anctoritate
1309 1234 1557 1274 uterque—10
1583 1233 1674 1267 Unde

208 1272 265 1303 illa
279 1271 384 1303 scivit.
427 1270 485 1302 Ita
500 1271 568 1303 Ms.
584 1271 679 1304 Pith.
693 1272 791 1304 Rem.
806 1277 844 1305 et
858 1273 952 1306 Edit.
973 1273 1055 1306 Vet.
1099 1273 1244 1307 Frustra
1261 1273 1566 1317 Philipp.Lallem.
1583 1277 1675 1311 Anne

207 1314 264 1346 illa
278 1314 369 1346 scivit
381 1311 398 1346 ἲ
417 1314 558 1356 Tollius,
575 1314 663 1347 Unde
673 1315 729 1347 illa
739 1315 929 1349 sciren—11
953 1316 1024 1349 Ms.
1039 1316 1118 1349 Per.
1135 1317 1205 1358 Age
1219 1327 1324 1359 porro,
1345 1327 1457 1360 parere
1477 1317 1508 1350 si
1527 1318 1675 1352 voluisset

202 1356 380 1397 firminum,
406 1356 491 1393 Quid
511 1357 707 1399 profecisset,
738 1369 809 1391 cum
831 1368 954 1392 crearer
975 1358 1154 1393 meatus?
1186 1360 1361 1400 Heinsius,
1385 1360 1467 1404 quia
1488 1362 1562 1402 Age
1578 1371 1676 1404 pom

207 1400 318 1432 scisset
342 1400 374 1432 ei
396 1409 464 1431 non
488 1399 667 1433 videbatur
681 1401 764 1434 satis
780 1401 939 1434 Latinum
955 1411 1042 1445 esse,
1057 1403 1128 1445 legi
1142 1403 1237 1436 vult:
1270 1403 1343 1444 Age
1364 1413 1460 1445 porro
1472 1405 1578 1447 seim,
1599 1414 1676 1438 num

208 1449 335 1475 crearer
347 1442 511 1475 masculus.
554 1443 647 1476 Vide
662 1443 727 1485 Ep.
739 1446 796 1478 23.
811 1444 856 1477 ad
868 1443 1035 1478 Scheffer.
1051 1450 1134 1478 tom.
1148 1455 1182 1479 v.
1210 1445 1294 1488 Syll.
1311 1446 1366 1488 Ep
1395 1469 1404 1479 .
1418 1446 1541 1490 Bru-m..
1563 1455 1601 1490 p.
1617 1449 1674 1483 40.

210 1486 324 1518 Etiam
350 1485 494 1518 Prasch.
518 1486 640 1520 mallet
662 1496 750 1520 num.
792 1486 863 1522 Sed
888 1488 936 1521 nil
961 1489 1173 1522 mutandum.
1215 1489 1302 1521 Vult
1323 1455 1391 1522 red,
1411 1498 1470 1522 ere
1495 1489 1675 1533 radonem,

208 1532 518 1604 ἓὲὲζὶἳιῗῶρπῦἳῗ
529 1529 1569 1618 ffi.*}2¹32⁸.÷¹¹³⁸1¹3¹3232¹¹}123„22223220‘2222325‘332'2
1582 1538 1676 1611 5233}

208 1614 464 1647 vindicem—12
486 1615 682 1659 Beneficium
695 1626 842 1658 magnum
851 1615 937 1650 sane.
980 1617 1039 1651 Ita
1060 1618 1147 1651 Mss.
1169 1617 1263 1651 Pith.
1278 1618 1378 1651 Rem.
1403 1622 1440 1651 et
1465 1618 1547 1653 Vet.
1561 1617 1675 1657 mitt.

209 1658 278 1691 Sed
294 1657 328 1689 in
340 1658 409 1690 Ms.
426 1658 509 1691 Per.
522 1663 590 1701 est,
601 1668 675 1692 sune
689 1669 847 1702 magnum,
861 1660 951 1703 quod
966 1661 1100 1703 recepit
1115 1660 1320 1695 Lauemant.
1362 1661 1578 1694 Burmannus
1590 1662 1675 1695 >rnal-

210 1701 260 1734 let
274 1705 355 1743 post
369 1700 590 1734 Salmasium:
625 1701 821 1746 Beneficium
841 1713 990 1745 magnum
1011 1713 1086 1736 sune
1106 1707 1181 1736 nato
1204 1704 1304 1745 aedit,
1325 1703 1565 1742 addicentibus
1579 1703 1675 1738 Heu-

208 1753 336 1776 manno
350 1747 387 1776 et
402 1743 579 1777 Richtero.
624 1744 776 1778 Metrum
791 1745 880 1778 enim
896 1746 954 1779 vix
967 1750 1124 1779 constare
1148 1747 1306 1789 putabat,
1320 1747 1385 1780 nisi
1398 1747 1482 1780 cium
1495 1747 1676 1786 contraha-

210 1787 314 1819 turin
330 1795 432 1819 unam
456 1787 636 1829 syllabam,
659 1793 698 1819 ut
723 1788 911 1822 censebant
935 1789 1041 1822 etiam
1064 1789 1359 1831 Hoogstratanus,
1374 1790 1534 1832 exemplo
1557 1789 1675 1832 l’ublii

210 1829 287 1879 Syri
303 1828 338 1862 id
353 1827 503 1871 firmans,
520 1833 556 1862 et
570 1830 773 1872 Brotierius,
796 1831 938 1864 laudans
963 1832 1060 1873 virg.
1087 1831 1132 1865 G.
1157 1841 1207 1864 ιν.
1234 1834 1285 1865 34.
1329 1832 1396 1865 Sed
1411 1831 1573 1870 observat
1586 1833 1676 1868 Des-

211 1871 371 1905 brllonius
386 1883 395 1904 z
429 1872 440 1890 ‘
455 1876 600 1915 quatuor
614 1872 732 1915 primae
747 1873 891 1915 syllabae
908 1874 1030 1908 breves
1045 1874 1078 1907 in
1094 1876 1157 1908 hoc
1173 1884 1289 1916 versu,
1312 1874 1598 1918 quemadmodum
1611 1877 1674 1911 lib.

211 1925 268 1948 ιιι.
284 1915 357 1948 fab.
372 1918 403 1948 2.
419 1918 450 1948 4.
466 1919 501 1947 et
515 1915 573 1948 lib.
590 1924 641 1948 tv.
655 1915 725 1950 fab.
739 1919 791 1950 23.
811 1919 862 1950 17.
890 1916 974 1950 duas
989 1918 1106 1958 longas
1120 1918 1316 1961 quantitate
1330 1927 1398 1951 non
1414 1927 1579 1961 superare
1595 1929 1674 1952 een-

210 1964 351 1991 sentur:
376 1957 468 2002 quod
484 1958 604 1991 videre
618 1958 819 2002 frequenter
832 1960 916 1993 licet
930 1960 1022 2003 apud
1035 1961 1211 2002 Plautum,
1226 1961 1445 2002 Terentium,
1459 1965 1495 1994 et
1510 1961 1674 1997 Publium

211 2000 355 2044 Syrum!
409 2001 574 2034 Heinsius
595 2003 768 2036 correxit:
799 2003 991 2054 Beneficium
1014 2004 1130 2036 natalis
1154 2014 1196 2036 tm
1220 2014 1368 2046 magnum
1389 2001 1502 2038 dedit?
1530 2005 1598 2039 Sed
1621 2005 1676 2048 'ita

211 2045 304 2086 perit
320 2044 429 2077 omnis
445 2044 561 2077 ironiae
577 2050 752 2087 venustas,
766 2047 821 2078 cui
838 2055 938 2079 unice
953 2046 1097 2079 inservit
1112 2046 1281 2089 particula
1294 2057 1381 2089 sune,
1405 2057 1473 2090 qua
1486 2047 1592 2081 etiam
1607 2049 1675 2083 nti·-

210 2097 287 2120 mur
302 2087 438 2130 quando
455 2087 550 2130 quasi
565 2088 794 2131 concedimus,
820 2094 859 2122 ut
880 2089 1049 2122 Phaedrus
1073 2090 1268 2133 aliquoties.
1314 2089 1368 2124 Cf.
1381 2091 1568 2126 Burmann.
1583 2091 1627 2133 ad
1641 2091 1675 2124 h.

210 2132 287 2167 Let
302 2131 345 2162 ad
360 2131 505 2165 Quintil.
520 2131 622 2164 Decl.
638 2141 680 2164 11.
696 2135 751 2165 18.
778 2136 814 2166 et
839 2141 892 2165 ιν.
907 2136 939 2165 5.
984 2131 1132 2175 [Anton.
1159 2134 1241 2167 Nat.
1253 2143 1282 2166 s.
1294 2144 1326 2166 n.
1341 2133 1370 2167 b.
1383 2133 1530 2176 ‹iq—14.
1554 2137 1606 2167 15.
1630 2137 1673 2174 16

212 2174 427 2206 Burmannus
442 2174 515 2206 haec
538 2173 586 2206 ita
610 2175 791 2208 emendat:
827 2174 927 2215 Cujus
946 2179 1084 2226 potestas
1104 2177 1190 2210 nulla
1207 2177 1243 2210 in
1265 2177 1424 2218 gignendo
1438 2176 1521 2219 fail,
1538 2177 1675 2213 Curuae

209 2216 311 2258 (vera
327 2216 455 2258 matre)
478 2217 520 2249 sit
540 2217 667 2258 potior?
696 2219 776 2260 quod
790 2217 1057 2261 (Ouverrmgius
1071 2217 1162 2261 quia)
1178 2219 1317 2260 ,iacentis
1329 2220 1470 2253 miserita
1484 2223 1531 2253 est
1541 2231 1553 2253 .·
1574 2225 1614 2254 ut
1629 2220 1675 2257 sit

211 2259 439 2301 interrogatio
454 2260 561 2299 canis,
584 2260 641 2302 qui
656 2261 721 2294 hoc
738 2265 892 2304 quaerat:
927 2271 988 2294 cur
1014 2261 1083 2304 illa,
1108 2272 1185 2305 quae
1211 2262 1318 2295 ubera
1342 2263 1490 2304 praebet,
1514 2268 1551 2297 et
1574 2263 1673 2306 cujus

211 2303 314 2335 nullae
330 2306 446 2344 partes
462 2301 559 2334 fuere
573 2303 608 2334 in
624 2303 807 2346 gignendo,
820 2304 934 2348 potior
949 2304 994 2337 sit
1009 2315 1091 2338 vera
1106 2305 1240 2338 matre?
1269 2310 1376 2347 agnus
1398 2310 1512 2340 autem
1533 2315 1688 2349 respon--

212 2345 316 2378 deat:
340 2346 421 2387 quoa
435 2345 574 2385 jacentis
585 2346 727 2379 miserita
741 2350 800 2380 est.
843 2346 912 2380 Sed
928 2347 1042 2380 omnia
1056 2353 1151 2381 recte
1167 2358 1203 2381 se
1218 2348 1361 2390 habent,
1375 2353 1413 2382 et
1433 2349 1525 2382 nulla
1540 2358 1674 2382 correc-

212 2387 305 2420 tione
320 2398 415 2430 opus.
462 2387 552 2420 Nam
568 2398 645 2430 quae
667 2389 816 2432 jacentis
831 2394 885 2422 est
907 2390 1071 2432 miserita,
1094 2400 1137 2424 ex
1164 2390 1675 2433 interpretatione.nostra,uti-

211 2441 277 2473 que
292 2431 360 2463 alia
375 2434 437 2471 est,
451 2439 550 2473 quam
567 2440 620 2470 ea,
636 2433 733 2474 cujus
750 2437 899 2474 potestas
910 2434 1000 2466 nulla
1015 2433 1082 2466 fuit
1094 2434 1127 2466 in
1139 2434 1309 2476 gignendo
1323 2445 1333 2468 ε
1357 2434 1473 2477 sicque
1488 2435 1672 2476 oppositio,

212 2484 312 2516 quam
330 2474 545 2506 Burmannus
561 2473 783 2508 desiderabat
808 2476 842 2507 in
865 2476 1004 2519 vulgata
1018 2477 1181 2517 lectione,
1196 2487 1231 2509 re
1255 2487 1338 2510 vera
1351 2477 1461 2510 locum
1474 2477 1589 2518 habet,
1603 2488 1673 2520 qua

211 2521 355 2550 matrem
371 2521 548 2558 comparat
562 2526 640 2550 cum
656 2527 709 2557 ea,
724 2529 801 2561 quae
818 2518 924 2551 ubera
939 2520 1072 2561 praebet
1087 2521 1218 2552 relictae
1246 2530 1266 2552 a
1291 2523 1412 2553 matre.
1463 2520 1506 2552 In
1530 2521 1687 2562 vulgata

212 2559 317 2595 etiam
332 2560 445 2594 omnia
463 2560 593 2603 optime
617 2561 826 2594 conveniunt
849 2571 927 2594 cum
950 2563 1141 2604 prioribus;
1171 2563 1285 2606 pergit
1311 2563 1404 2596 enim
1427 2572 1534 2606 agnus
1559 2563 1595 2596 in
1618 2573 1673 2596 re-

865 2668 897 2700 N
902 2667 1011 2700 OTAE

257 2744 296 2772 11
321 2741 452 2785 Scisset]
472 2741 544 2776 Per
561 2751 751 2786 syncopen,
778 2752 841 2786 pro
855 2742 917 2776 sci·
1013 2745 1055 2775 12
1077 2743 1275 2786 Beneficium
1299 2752 1447 2786 magnum
1472 2743 1562 2786 sane]
1597 2745 1670 2778 Iro-

216 2792 336 2825 visset.
604 2823 606 2825 ,
970 2794 1047 2827 nice
1063 2793 1207 2827 dictum.
