1806 3236
370 213 571 248 rnAEnm
603 210 714 247 rAn.
745 210 1051 245 AEsormnum
1085 211 1179 243 ma.
1211 210 1278 243 1v.
1309 198 1399 242 1-2.

147 311 226 346 611
239 309 387 354 prenrt.
430 310 533 344 Unde
547 310 604 343 illa
618 321 626 342 :
650 310 660 328 ⁴
675 310 768 344 Ossa
782 309 855 353 qui-

148 362 373 405 etu5⁸precor‚
381 364 460 395 tuta
471 362 677 405 requiescite
691 362 727 394 in
744 359 855 393 urna.'

146 411 360 445 Ite-:¹Sie
384 412 475 446 bene
504 413 569 446 sub
595 417 718 445 tenera
746 421 856 454 parva

147 462 306 507 quiana
326 463 456 498 humo!
498 464 600 496 Unde
621 463 753 506 legibus
776 472 856 495 cau-

146 516 232 556 tem,
245 522 290 547 ue
305 515 532 548 translatione
544 524 691 557 corpora
706 518 856 547 mortuo-

146 573 224 599 rum
249 565 538 609 inquietarentur.
583 565 767 607 Legeudus
792 564 857 597 ite-

144 624 221 649 rum
235 615 391 650 Kircbm.
413 617 457 650 de
478 617 517 649 F.
532 618 575 650 R.
601 626 660 650 111.
675 620 732 649 25.
777 616 857 648 Pic-

145 671 231 700 ειη.
247 667 336 701 Obs.
352 669 444 701 Dec.
457 677 509 701 rx.
525 678 558 701 c.
573 671 605 701 9.
634 668 780 700 Dextrae
795 677 854 700 ve·

144 727 185 751 ro
198 721 280 760 post
294 718 425 752 obitum
439 717 542 752 famae
553 719 648 763 (quae
659 719 767 761 ipsius
780 728 855 752 cor·

144 769 239 812 poris
267 769 446 813 suppliciis
486 770 588 804 etiam
626 770 854 814 imminuitur)

144 818 296 853 studium
332 819 504 854 honestati
542 822 644 864 plane
680 822 855 856 convenit.

147 871 266 906 Quare
280 881 420 905 aureum
435 878 491 906 est
516 874 603 907 illud
629 874 771 907 Phaedri
784 874 854 907 fab.

145 923 201 954 48.
236 920 326 954 .‘Et
353 922 443 956 cedo
472 923 626 967 invidiae,
669 925 855 958 dummodo

145 971 303 1010 absolvar
316 973 430 1007 einis!
459 1007 463 1011 .
474 974 560 1008 Cum
573 985 642 1018 quo
654 975 762 1008 amice
774 985 855 1009 con·

146 1023 258 1066 spirat
292 1023 397 1058 Pont.
434 1025 603 1059 Paulinus
642 1026 685 1058 ad
723 1026 855 1060 Auson.

148 1074 161 1093 ‘
178 1074 304 1108 Studio
329 1080 540 1118 properante
567 1076 700 1119 laboro,
728 1077 766 1110 Si
786 1087 855 1120 qua

147 1123 264 1169 datur,
293 1136 339 1160 ne
373 1132 488 1161 morte
514 1128 626 1171 prius,
655 1138 757 1171 quam
787 1128 853 1161 cri-

143 1178 249 1222 mine,
270 1179 406 1214 solvar?
447 1180 518 1214 Sed
540 1180 594 1225 ad¹
610 1181 677 1214 alia
690 1191 854 1225 propera-

142 1239 230 1264 mus.
252 1231 389 1265 Prosda.

184 1285 206 1316 ⁸
230 1282 452 1332 Persequitur]
480 1285 683 1328 Eleganter,
716 1285 760 1319 ad
793 1295 852 1319 ex-

141 1334 356 1378 primendam
379 1336 451 1370 odii
476 1336 592 1371 fatalis
614 1338 851 1372 acerbitatem.

141 1385 250 1427 δῶρ’.
293 1388 605 1434 Prosequitur-apud
619 1389 783 1423 Ovidium
806 1391 854 1423 le-

142 1435 236 1480 gitur
248 1438 360 1481 Epist.
368 1448 438 1473 vn.
450 1443 526 1474 111.
543 1442 553 1460 ‘
564 1442 681 1474 Durat
690 1441 725 1474 in
738 1445 853 1475 extre-

141 1496 248 1532 mum,
263 1489 414 1533 vitaeque
425 1491 609 1524 novissima
622 1497 751 1526 nostrae
767 1492 854 1525 Pro·

143 1539 302 1583 sequitur
324 1539 402 1584 fati,
424 1541 482 1585 qui
505 1540 574 1575 fuit
596 1547 691 1584 ante,
715 1546 819 1575 tenor
830 1542 854 1574 :'

143 1589 203 1624 ubi
229 1594 347 1624 tamen
371 1600 425 1625 ιν.
447 1592 552 1625 etiam
577 1593 717 1626 codices
741 1593 855 1626 Perse-

143 1641 272 1685 μᾶν.-
293 1652 372 1686 quoe
386 1647 560 1686 perpetua
573 1648 628 1678 est
642 1643 717 1677 fere
733 1654 853 1678 eorum

143 1692 330 1727 verborum
346 1695 570 1737 permutatio.
614 1695 759 1729 Petron.
776 1706 853 1739 cap.

144 1747 221 1786 1⁸9.
240 1745 252 1763 ‘
269 1745 349 1779 Non
363 1746 473 1779 solum
497 1756 554 1780 me
579 1756 706 1779 numen
730 1752 767 1780 et
791 1747 852 1779 im-

141 1795 314 1839 placabile
327 1795 438 1830 fatum
454 1797 708 1841 Persequitur!
732 1799 850 1831 Burm.

185 1846 297 1889 Dm]
319 1847 373 1880 Ex
388 1849 563 1882 sententia
585 1849 755 1882 communi
780 1859 851 1882 mo-

142 1896 296 1933 raturum
320 1899 488 1942 gentium,
510 1899 603 1942 apud
628 1910 712 1943 quas
738 1911 851 1944 poenae

142 1958 185 1982 ac
221 1950 396 1992 supplicia
425 1950 610 1993 habentur,
651 1961 728 1995 quse
763 1951 852 1984 fiunt

142 1999 196 2033 iu-
215 2001 418 2043 corporibus
453 2001 698 2035 defunctorum
728 2007 853 2035 contra

143 2051 440 2085 cousuetudinem.
491 2051 547 2085 Ac
577 2062 621 2085 ne
651 2052 854 2095 Philosophi

144 2101 285 2146 quidem
299 2111 415 2136 omnes
429 2103 670 2137 adversantur.
703 2104 780 2136 Imo
792 2104 852 2136 So-

144 2157 258 2188 crates
283 2158 320 2188 et
341 2154 448 2188 Plato
475 2164 612 2188 sensum
627 2159 780 2188 mortuos
794 2155 854 2187 ha-

144 2204 228 2239 bere
254 2206 427 2249 putabant
452 2215 583 2246 eorum,
606 2216 682 2250 quoe
711 2206 766 2239 hic
795 2215 853 2248 ge-

144 2260 280 2290 matur.
325 2257 538 2292 Quibuscum
561 2256 648 2291 facit
663 2258 737 2300 ipse
759 2256 855 2290 Aris-

144 2308 286 2350 toteles,
308 2312 347 2341 ut
361 2318 405 2341 ex
420 2308 556 2342 Nicom.
571 2318 597 2342 1.
624 2319 700 2351 cap.
718 2312 771 2342 12.
794 2319 853 2351 ap-

145 2362 259 2400 paret.
302 2357 403 2392 Adeo
425 2359 481 2392 hic
500 2368 568 2392 non
583 2359 773 2393 audiendus
800 2364 855 2393 est

145 2407 332 2450 Meursius,
343 2414 464 2442 nostro
478 2420 515 2443 se
531 2420 722 2453 opponens.
767 2411 853 2444 Cum

145 2459 339 2502 prasertim
362 2460 438 2503 ipse
458 2461 559 2503 longe
584 2461 685 2494 aliter
699 2461 734 2494 in
751 2471 854 2504 opus-

147 2511 226 2545 culo
241 2511 284 2544 de
296 2512 433 2545 Funere
459 2522 491 2545 c.
507 2516 540 2545 2.
564 2513 702 2546 sentiat.
724 2513 830 2553 Schqs'.

189 2566 213 2596 4
246 2563 336 2596 Gaui
355 2563 502 2606 Cybeles]
535 2564 685 2597 Curetes
706 2565 794 2606 aliis,
817 2569 855 2599 et

147 2613 364 2657 Corybantes
379 2615 478 2648 dicti.
523 2616 672 2659 Egregie
687 2625 768 2650 vero
782 2627 855 2650 rem

148 2668 256 2699 totam
285 2665 451 2700 describit
475 2667 620 2700 Babrias
646 2667 681 2699 in
710 2670 856 2712 μυθικοῖς,

149 2718 242 2761 quod
270 2716 499 2760 fragmentum
526 2719 664 2752 Babriae
689 2719 854 2755 debemus

150 2767 272 2801 Natali
296 2769 422 2802 comiti
430 2783 440 2812 3
463 2770 584 2803 nullibi
601 2770 742 2814 quippe,
763 2774 854 2816 qnod

150 2817 268 2863 sciam,
291 2824 420 2866 exstat,
443 2827 674 2866 preterquam
697 2822 732 2856 in
747 2823 853 2867 ipsius

1528 197 1616 242 565

905 308 1132 351 Mythologia.
1164 307 1273 341 Plura
1288 317 1365 341 eum
1380 305 1539 340 habuisse
1555 315 1614 339 ve-

905 360 1047 393 risimile
1070 363 1143 393 est:
1168 363 1272 402 atque
1294 358 1395 391 fieret
1417 357 1614 400 aliquando,

906 415 945 445 ut
966 412 1123 455 prodiret
1144 411 1301 444 Babrias.
1345 410 1475 442 Versus
1496 413 1613 442 autem

904 463 930 496 ii
944 468 1043 496 sunt:
1067 461 1200 496 Γάλλοις
1224 460 1372 505 ἀγύρτας
1390 459 1434 494 εἲὲ
1451 459 1490 493 ‘rb
1512 459 1615 492 κοινὸν

905 514 1020 559 ἐπράθη
1027 515 1123 548 Ὄνος
1136 526 1185 548 τις
1198 515 1254 547 οὒκ
1277 515 1422 557 εὕμοιρος,
1440 511 1528 546 ἀλλὰ
1541 514 1615 544 δυσ-

905 565 1031 608 δαίμων,
1055 564 1170 600 Ὅστις
1191 565 1278 608 φέροι
1302 566 1460 606 πτωχοῖσι
1478 563 1531 596 καὶ
1555 575 1614 596 πα-

904 616 1062 660 νούργοισι
1087 617 1200 656 Helu-m
1219 616 1305 658 ἄκος,
1331 617 1419 658 διψῆς
1438 628 1476 648 τε
1493 614 1545 648 καὶ
1559 626 1615 648 κα-

904 668 963 707 κὴν
975 667 1105 710 τέχνην.
1151 665 1247 700 Οὗτοι
1267 667 1302 700 δὲ
1327 666 1432 709 κύκλῳ
1454 667 1562 698 πᾶσαν
1582 666 1616 707 ἐξ

905 718 991 752 ἔθους
1012 719 1118 760 κώμην
1143 718 1307 762 Περῐόντες
1331 717 1453 760 ἔλεγον·
1482 718 1536 750 Τίς
1553 717 1617 760 γὰρ

905 769 1059 813 ἀγροίκων
1088 770 1154 802 Οὐκ
1183 768 1265 802 οἶδεν
1282 769 1394 802 Ἄττιν
1419 768 1546 811 λευκὸν,
1573 768 1617 801 ὡς

906 821 1066 864 ἑπηρῶθη;
1087 821 1139 854 Τίς
1166 821 1223 854 οὐκ
1249 820 1396 863 ἀπαρχὰς
1421 819 1555 862 ὀσπρίων
1577 831 1616 852 τε

904 872 956 907 καὶ
972 874 1067 906 σίτων
1089 873 1195 914 Ἀγνῷ
1219 871 1320 915 φέρων
1344 870 1448 904 δίδωσι
1466 869 1615 912 τυμπάνῳ

904 924 1016 967 ‘Petam
1035 925 1072 958 Si
1081 925 1180 967 plura
1190 923 1234 956 de
1243 923 1353 957 Gallis
1368 923 1442 955 istis
1457 920 1616 955 sacerdo-

905 977 997 1010 tibus
1012 977 1102 1010 scire
1117 980 1171 1010 est
1180 976 1325 1017 animus,
1337 975 1394 1008 adi
1405 974 1563 1007 eumdem
1577 973 1615 1006 in

904 1028 1133 1071 Mythologia.
1171 1027 1253 1059 Nev.
1308 1027 1366 1060 Sc.
1397 1025 1614 1059 sacerdotes.

905 1079 1037 1121 Cybele
1055 1082 1107 1111 est
1121 1078 1198 1120 Isis,
1218 1078 1329 1110 Terra
1343 1078 1470 1115 Mater,
1492 1077 1615 1109 Mater

902 1140 1030 1173 magna
1044 1131 1179 1163 Deum:
1204 1130 1303 1172 cujus
1320 1128 1520 1162 sacerdotes
1540 1137 1614 1160 cas-

903 1181 988 1215 trati
1015 1181 1228 1214 vocabantur
1254 1180 1360 1214 Galli.
1394 1178 1502 1219 Schef.
1547 1182 1614 1218 Μη-

902 1231 1084 1276 τραγύρται,
1120 1232 1225 1264 habet
1254 1231 1372 1274 AEsop.
1419 1230 1505 1264 Fab.
1535 1232 1613 1263 245.

902 1284 1037 1317 Prasch.
1081 1283 1290 1316 Sacerdotes
1313 1283 1434 1324 Rheae,
1456 1281 1515 1324 qui
1538 1291 1614 1314 cas-

902 1336 999 1378 trati,
1020 1334 1112 1368 unde
1136 1334 1193 1367 ille
1215 1333 1384 1366 Arcesilai
1399 1333 1491 1375 apud
1508 1331 1614 1365 Laer-

902 1387 1008 1420 tium:
1030 1387 1087 1419 Ἐκ
1099 1385 1157 1428 μὲν
1174 1385 1237 1429 γὰρ
1249 1386 1364 1427 ἀνδρῶν
1378 1383 1496 1417 Γάλλοι
1509 1382 1612 1425 ’γίνον-

901 1451 966 1482 ται,
989 1439 1024 1471 ἐκ
1049 1437 1084 1471 δὲ
1110 1436 1239 1471 Γάλλων
1268 1437 1373 1480 ἄνδρες
1398 1436 1434 1468 οὗ
1459 1435 1613 1477 γίνονται.

902 1490 1006 1523 Unde
1021 1490 1195 1531 dicantur,
1210 1489 1424 1522 notissimum
1441 1493 1504 1521 est.
1541 1487 1615 1520 He·

903 1541 1066 1574 rodianus
1082 1541 1116 1573 in
1130 1539 1337 1574 Commodos
1355 1537 1458 1571 Πάλαι
1471 1537 1529 1580 μὲν
1538 1536 1616 1581 Φρύ-

902 1604 959 1634 γες
972 1592 1126 1636 ὦργίαζον
1149 1591 1200 1624 ἐπὶ
1220 1592 1265 1632 τῷ
1285 1592 1418 1631 ποταμῷ
1432 1588 1544 1631 Γάλλῳ
1553 1600 1614 1621 πα-

902 1643 1071 1687 ραρῥέονη,
1086 1644 1140 1686 ἀφ’
1154 1641 1191 1676 οὗ
1204 1642 1264 1683 τὴν
1278 1641 1451 1683 ἐπωνυμίαν
1466 1639 1615 1684 φέρουσιν

902 1697 933 1729 οἱ
955 1697 998 1740 τῇ
1019 1697 1087 1738 Θεῷ
1112 1694 1216 1736 ταμίαι
1240 1692 1402 1737 ἱερωμένοι.
1447 1693 1614 1727 ceterum

903 1749 982 1781 dum
999 1758 1076 1781 eum
1099 1748 1212 1780 locum
1234 1747 1301 1779 buc
1325 1745 1529 1786 transcribo,
1554 1743 1615 1776 ali-

903 1805 988 1844 quot
1006 1799 1105 1832 lineis
1121 1798 1278 1842 superius
1293 1795 1520 1830 animadverti
1536 1804 1613 1837 gra-

901 1851 1078 1884 vissimum
1109 1851 1145 1883 in
1175 1850 1234 1882 illo
1264 1842 1440 1891 ‘scriptore
1468 1846 1612 1878 vitium:

902 1912 980 1935 nam
995 1902 1054 1934 ubi
1069 1905 1107 1935 et
1121 1900 1314 1934 Politianus
1342 1903 1379 1933 et
1405 1899 1453 1932 H.
1469 1898 1615 1940 Stepha-

902 1964 966 1986 nus
993 1954 1167 1995 legerunt,
1202 1950 1346 1991 Πόλεμον
1372 1947 1516 1991 γενέσθαι
1544 1947 1615 1990 περὶ

903 2007 991 2048 ὁδῶν,
1012 2003 1197 2046 legendum
1212 2007 1265 2035 est
1279 2001 1350 2044 περὶ
1371 2000 1458 2043 ὅρων.
1505 1999 1615 2041 Phry-

904 2067 966 2100 gas
980 2065 1106 2098 nempe
1122 2055 1164 2087 de
1178 2053 1303 2086 finibus
1320 2053 1483 2085 adversus
1496 2050 1614 2093 Lydos

904 2107 1144 2152 contendisse:
1158 2106 1269 2139 locum
1285 2105 1395 2147 ipsum
1411 2103 1519 2143 adito,
1532 2111 1613 2135 nam

903 2159 986 2192 mihi
997 2158 1081 2191 satis
1093 2167 1171 2190 esse
1183 2156 1288 2189 debet
1299 2155 1481 2188 monuisse.
1496 2153 1613 2187 Faber.

906 2210 1045 2253 Cybebes
1056 2208 1241 2251 legendum
1257 2206 1377 2239 docuit
1392 2205 1539 2244 Gudius,
1553 2214 1613 2237 cu-

898 2261 958 2304 jus
982 2265 1081 2293 notas
1103 2259 1194 2292 vide.
1240 2258 1296 2291 Ita
1318 2262 1355 2290 et
1380 2257 1416 2289 in
1440 2256 1611 2289 catalect.

904 2312 996 2345 Pitb.
1013 2322 1048 2354 p.
1063 2313 1138 2343 123.
1162 2310 1172 2327 ‘
1186 2309 1267 2343 Jam
1283 2308 1345 2341 tibi
1362 2307 1520 2350 Cybebes
1541 2305 1612 2338 sint

904 2368 942 2397 et
970 2373 1048 2396 rosa
1076 2366 1176 2404 grata
1204 2358 1362 2401 Diones:
1390 2357 1612 2391 scribendum

902 2419 1004 2449 notat
1030 2413 1207 2448 Heinsius.
1252 2411 1343 2444 Vide
1368 2419 1445 2453 quae
1470 2407 1613 2450 collegit

903 2465 1184 2510 diligentissimus
1207 2460 1514 2496 Drakenborchius
1535 2467 1612 2491 nos-

904 2523 958 2552 ter
973 2517 1017 2550 ad
1034 2517 1095 2549 Sil.
1110 2516 1191 2548 Ital.
1207 2523 1297 2547 xvu.
1314 2516 1345 2546 8.
1368 2513 1482 2545 Burm.

950 2569 1039 2602 Gaui
1052 2566 1197 2611 Cybeles]
1210 2564 1388 2609 Apuleius.
1398 2563 1514 2596 Miles.
1529 2569 1612 2596 vui.

905 2620 984 2662 Rig.

949 2671 1039 2704 Gaui
1067 2668 1218 2713 Cybebes]
1242 2668 1299 2700 De
1323 2666 1434 2700 Gallis
1460 2664 1611 2708 Cybeles

904 2721 984 2754 vide
1007 2720 1158 2754 Reinesii
1184 2718 1294 2760 Epist.
1318 2720 1394 2750 617.
1439 2715 1610 2748 Martialis

905 2773 971 2814 Ep.
992 2773 1055 2805 lib.
1080 2781 1114 2803 v.
1139 2773 1193 2803 42.
1218 2771 1228 2788 ‘
1244 2769 1367 2802 Sectns
1391 2766 1515 2799 Matris
1542 2766 1610 2798 En·

905 2825 992 2858 theae
1024 2822 1170 2858 Gallus:
1221 2821 1231 2840 ‘
1258 2819 1434 2855 Genucius
1473 2818 1609 2862 quidam
