1806 3236
375 205 576 238 PnAEmu
611 204 722 237 rso.
754 203 1060 237 AEsopmaum
1094 204 1193 236 ms.
1227 204 1260 236 1.
1290 193 1361 236 27.

125 300 296 345 scriptum
320 299 414 334 forte
438 299 546 334 fuisse
562 310 627 343 pro
639 301 790 342 violarat,
805 304 846 333 ut

128 353 166 386 in
191 351 323 387 codice
343 351 520 393 Remensi‚
544 351 742 394 suspicatus
771 351 842 384 fui:

130 409 171 440 et
194 405 246 439 its
266 414 360 446 sepe
385 404 483 437 alias.
526 403 609 437 Vid.
635 402 680 436 ad
702 403 846 438 Quinct.

129 456 219 490 Inst.
235 465 289 490 ιι.
303 457 338 488 8.
353 459 392 488 et
405 453 506 490 Decl.
522 463 574 487 v1.
589 458 623 488 5.
668 454 774 487 Nolui
788 463 846 486 au·

131 512 204 542 tem
234 507 366 551 syllaba
392 506 538 539 multare
566 514 687 538 vocem
722 505 846 547 ipsam.

130 558 190 603 Ita
202 559 280 602 ipse
295 557 573 600 Hoogstratanus
583 555 644 589 lib.
656 565 712 589 ιιι.
727 555 800 590 fab.
811 559 845 588 5.

127 609 364 652 manebam
374 607 505 642 edidit:
523 607 627 650 quod,
638 607 703 640 nisi
715 607 751 639 in
767 617 846 650 pro-

129 659 324 694 nuntiando
337 657 507 692 efferatur
519 668 730 701 comprensus,
741 658 847 692 vitiat

131 720 284 745 versum.
305 709 424 743 Burm.

178 762 318 796 violavit
327 762 402 804 quia
413 761 531 795 Manes
542 761 645 804 Deos]
666 762 736 795 Ms.
746 762 846 795 Rem.

129 813 267 847 violarat
275 824 290 853 ,-
325 812 418 857 quod
458 813 594 848 melius.
651 814 722 846 Per
761 813 849 846 Deos

132 865 249 898 Manes
272 864 519 906 intelliguntur
544 874 621 897 ossa
643 868 681 897 et
702 865 851 907 cineres,

132 914 422 959 quemadmodum
442 915 478 948 in
501 914 659 948 omnibus
674 914 851 958 inscripti·

132 966 257 1000 onibus
283 964 470 1008 ἐπιταφίως,
493 975 638 1009 quarum
662 966 698 999 in
732 965 849 1000 fronte

133 1018 180 1054 D.
194 1017 248 1050 M.
262 1017 337 1050 sive
354 1017 426 1050 DIs
455 1017 633 1058 Manibus,
659 1016 734 1050 fere
760 1026 849 1051 sem-

133 1067 198 1111 per
225 1073 394 1112 apparet3
424 1068 467 1101 iis
493 1068 622 1111 verbis,
649 1078 850 1102 monumen-

133 1119 353 1155 tum'ossibns
365 1119 606 1162 cineribusque
615 1129 751 1152 sacrum
760 1129 850 1162 esse,

133 1170 315 1206 denotans.
360 1170 547 1203 Florentioe
562 1180 639 1203 cum
655 1179 767 1203 essem
779 1170 850 1205 An.

133 1223 230 1254 1662.
252 1219 485 1254 effodiebatur
506 1225 610 1253 extra
629 1223 764 1262 portam
781 1221 850 1254 Ro-

131 1280 269 1305 manam
297 1271 334 1304 in
362 1271 473 1304 hortis
507 1271 737 1304 Dominarum
762 1272 850 1306 Deu'

113 1325 123 1335 ⁵
133 1323 243 1358 Arena
264 1325 344 1358 talis
359 1324 555 1367 inscriptio,
570 1324 651 1358 hinc
666 1324 761 1358 illinc
775 1326 851 1359 lite-

132 1375 218 1409 rulis
230 1376 400 1418 pauculis,
427 1375 491 1410 sed
521 1375 564 1409 ud
583 1385 752 1410 summum
767 1377 851 1412 dua-

134 1426 214 1469 bus,
228 1427 359 1468 mutila,

440 1489 478 1513 n.
491 1491 535 1515 m.

397 1541 474 1565 nvn
488 1542 591 1567 ossi--

376 1591 612 1621 cmnmnuso.

428 1642 553 1669 murm

326 1692 329 1694 ·
393 1693 595 1721 nunnus

405 1745 581 1771 commus

393 1796 590 1822 nurvcnns

421 1847 567 1873 tamnu

341 1913 351 1934 ,
444 1898 482 1923 n.
504 1899 548 1925 κ.

139 1943 284 1976 Carolus
297 1941 438 1984 Datius,
461 1943 649 1976 Florentiae
672 1942 854 1986 Equestris

140 1993 286 2027 Ordinis
301 1993 420 2035 decus,
446 1993 498 2025 vir
519 1993 663 2035 insignis
689 1993 855 2026 eruditio-

141 2043 195 2076 nis
210 2049 249 2077 ct
262 2044 500 2086 humanitatis,
515 2045 683 2078 credebat
698 2055 774 2078 esse
790 2045 854 2078 Ce-

142 2095 357 2139 notaphium,
373 2100 411 2129 et
426 2096 659 2138 supplendum
674 2097 721 2129 ita
736 2107 745 2129 ε

447 2155 484 2180 n.
506 2155 550 2179 M.

375 2205 460 2230 snm
481 2207 625 2232 osismus

383 2255 618 2283 cmssmnuse.

142 2299 248 2335 Quod
261 2298 343 2332 mihi
369 2302 485 2332 tamen
506 2308 576 2331 non
593 2299 777 2333 videbatur
800 2310 858 2333 ve-

143 2350 320 2391 rosimile;
367 2360 483 2393 neque
510 2350 603 2383 enim
646 2350 861 2394 dubitabam,

143 2402 228 2445 quin
264 2401 496 2446 supplendum
537 2401 860 2447 restituendumque

144 2459 250 2496 esset,

383 2511 464 2537 slvE
479 2512 621 2537 ossmus

386 2563 626 2591 c-mnmnuse.

436 2615 579 2639 mmm.

148 2656 278 2690 Rarum
306 2660 422 2690 autem
445 2661 515 2698 est,
536 2656 627 2700 quod
655 2656 861 2699 explicatio-

148 2718 228 2741 nem
241 2707 323 2741 addi
346 2707 477 2750 videas,
492 2707 574 2751 quid
587 2708 787 2750 intelligant
798 2717 862 2750 per

150 2760 237 2793 Deos
262 2760 388 2801 Manes,
410 2769 495 2803 quos
529 2759 623 2792 idem
646 2769 736 2801 esse,
757 2763 861 2802 atque

153 2812 234 2844 Ossa
250 2810 435 2856 Cineresque
449 2811 532 2845 satis
547 2814 667 2845 notum
683 2816 770 2846 erat.
796 2811 862 2844 Ra-

1521 191 1610 236 415

893 310 984 342 rum,
1009 299 1164 342 inquam,
1189 299 1252 333 sed
1288 297 1451 341 exemplo
1474 297 1510 331 id
1539 307 1610 332 non

894 356 1012 394 caret.
1047 352 1161 384 Plane
1177 351 1229 384 ita
1252 355 1289 384 et
1313 349 1613 392 illainscriptiun-

894 403 986 444 cula,
1001 412 1102 446 quam
1119 403 1238 435 Romae
1254 402 1288 435 in
1303 401 1412 435 hortis
1428 401 1613 435 Caelimon-

894 454 986 488 tanis
1009 453 1261 487 Mattheiorum
1281 452 1559 495 observaveram,
1573 452 1613 484 li-

896 506 982 539 teris
1010 505 1109 539 bonis
1146 505 1239 538 circa
1274 504 1415 547 Trajani
1452 508 1612 546 tempora

895 557 1055 600 sculptis,
1070 557 1106 590 in
1121 556 1293 600 quadrato
1317 557 1496 589 Marmore
1517 555 1612 588 cine-

896 610 1002 651 rario,
1029 608 1122 642 unde
1154 608 1342 651 superioris
1375 605 1614 650 inscriptionis

896 661 1091 694 lacunulam
1119 664 1216 694 recte
1241 669 1263 693 a
1287 659 1387 693 nobis
1412 659 1613 706 suppletam

898 722 974 747 csse
990 715 1159 756 apparet:

1215 771 1252 797 D.
1276 772 1319 796 M.

1234 823 1281 847 1⁷:1-

1104 873 1303 899 cmmunus
1317 873 1352 899 τ.
1368 873 1404 899 1².

1210 926 1245 950 Α.
1264 925 1303 949 G.

899 968 1004 1004 Quod
1028 978 1108 1002 cum
1132 968 1184 1001 illi
1206 968 1351 1001 laudato
1372 967 1447 1000 viro
1463 965 1614 1000 indicas-

899 1030 985 1061 sem,
1015 1020 1137 1052 statim
1165 1029 1286 1052 manus
1320 1018 1431 1060 dedit,
1457 1021 1507 1060 et,
1534 1027 1616 1060 quae

900 1071 976 1113 ejus
1018 1075 1094 1103 erat
1132 1070 1341 1111 humanitas,
1369 1069 1500 1112 gratias
1529 1069 1616 1112 egit.

900 1121 981 1154 Huc
994 1131 1131 1165 quoque
1144 1121 1298 1163 pertinet
1307 1120 1501 1163 inscriptio,
1512 1129 1616 1163 quarn

900 1171 1013 1205 Roma
1028 1171 1253 1204 adveximus:
1289 1172 1300 1190 ‘
1318 1171 1422 1212 Ossa,
1446 1170 1538 1211 Pila,
1556 1169 1616 1202 Ci-

899 1233 1003 1256 neres
1015 1223 1105 1256 sacri
1120 1222 1176 1255 hic
1194 1231 1278 1255 ecce
1293 1222 1501 1265 quiescunt!
1527 1222 1617 1256 Gud.

944 1275 1060 1307 Manes
1074 1273 1176 1315 Deos]
1208 1273 1447 1306 Monumentis
1472 1272 1618 1307 inscribi

899 1325 1036 1358 solebat
1052 1326 1099 1358 D.
1115 1325 1167 1358 M.
1182 1324 1239 1357 vel
1253 1323 1396 1357 D.M.S.
1411 1334 1420 1356 z
1446 1323 1526 1356 Diis
1541 1323 1618 1356 Ma·

901 1375 1001 1408 nibus
1017 1375 1174 1408 Sacrum.
1195 1374 1286 1407 Vide
1298 1374 1457 1407 Brisson.
1473 1374 1519 1407 de
1535 1374 1620 1407 For·

901 1429 984 1462 mul.
1000 1436 1067 1461 vn.
1091 1427 1179 1460 Rite.

945 1484 966 1513 5
990 1477 1129 1520 Iniecta]
1162 1477 1276 1511 Valde
1305 1478 1498 1519 eleganter,
1521 1477 1619 1510 velut

904 1540 925 1562 a
939 1530 1015 1562 Diis
1031 1531 1066 1562 in
1090 1534 1255 1572 respectu
1279 1529 1324 1562 ad
1350 1530 1531 1570 ultionem,
1547 1538 1620 1561 ma·

901 1581 995 1624 lique
1008 1580 1117 1623 ipsius
1133 1580 1354 1622 gravitatem,
1369 1579 1432 1612 sub
1455 1588 1524 1621 quo
1538 1588 1622 1621 qna-

904 1632 934 1664 si
961 1642 1067 1665 onere
1108 1631 1304 1665 incedebat.
1346 1632 1487 1664 Cornel.
1523 1631 1620 1673 Nep.

903 1683 1011 1716 Dion.
1029 1694 1060 1716 c.
1077 1685 1110 1716 3.
1146 1683 1156 1700 ‘
1170 1682 1274 1718 Quod
1298 1681 1431 1716 factum
1461 1681 1619 1715 omnibus

902 1735 1088 1767 maximum
1126 1734 1285 1767 timorem
1331 1732 1480 1775 injecit!
1512 1732 1623 1772 Schef.

903 1786 1034 1819 Brutus
1063 1785 1224 1819 Ciceroni
1250 1785 1311 1818 lib.
1339 1794 1393 1819 11.
1419 1785 1534 1827 Epist.
1563 1787 1620 1818 10.

901 1837 911 1855 ‘
930 1837 1105 1871 Quantam
1150 1837 1382 1879 cupiditatem
1424 1836 1621 1869 hominibus

903 1889 1038 1932 injiciat
1056 1888 1234 1931 vacivitas,
1249 1893 1285 1922 te
1301 1898 1369 1921 non
1385 1887 1502 1930 fugit!

947 1942 970 1971 6
990 1938 1118 1972 Sanctae
1140 1939 1320 1980 relligioni]
1356 1939 1444 1973 Jure
1469 1937 1622 1971 manium

905 1994 943 2022 et
968 1989 1178 2022 auctoritate
1205 1989 1322 2031 legum
1343 1988 1522 2021 stabilitae.
1560 1988 1623 2020 Ul-

905 2040 1000 2082 pian.
1029 2043 1062 2072 9.
1091 2039 1129 2072 ff.
1161 2040 1204 2072 de
1234 2040 1348 2072 Divis.
1373 2039 1457 2072 Rer.
1490 2039 1500 2057 ‘
1518 2039 1620 2074 Quod

906 2091 1086 2124 sanctione
1113 2091 1259 2135 quadam
1286 2092 1467 2125 subnixum
1492 2097 1560 2133 est,
1586 2091 1624 2124 id

907 2148 1066 2176 sanctum
1082 2147 1148 2184 est,
1172 2143 1238 2175 etsi
1254 2153 1322 2176 non
1345 2143 1391 2175 sit
1409 2144 1488 2176 Deo
1502 2152 1623 2176 conse·

909 2193 1069 2228 eratum.'
1115 2193 1307 2235 Relligioni]
1342 2194 1553 2235 Rellig-ionem
1568 2203 1626 2227 vo-

909 2251 968 2278 cat
994 2243 1171 2287 grandius,
1194 2244 1389 2287 religiosam
1417 2255 1502 2287 rem,
1518 2249 1557 2277 ut
1571 2254 1626 2278 so-

910 2297 960 2329 let
975 2296 1082 2328 etiam
1108 2296 1143 2328 in
1173 2295 1259 2328 aliis.
1306 2296 1481 2338 Intelligit
1507 2300 1625 2329 autem

909 2348 1142 2391 sepulchrum.
1174 2347 1265 2379 Vide
1279 2347 1482 2381 Kirchman.
1498 2347 1543 2381 de
1559 2349 1627 2381 Fu-

909 2409 983 2433 ner.
1000 2409 1059 2432 111.
1075 2402 1130 2431 22.
1155 2398 1261 2438 Schef.

954 2452 1083 2485 Sauctae
1094 2450 1257 2493 religioni]
1279 2451 1548 2493 sepulchrorum
1564 2461 1625 2485 sen

910 2507 1222 2536 monumentorum.
1279 2502 1360 2534 Huc
1386 2502 1539 2544 pertinet
1567 2502 1627 2536 tit.

910 2555 960 2588 D.
973 2554 1016 2587 de
1032 2553 1202 2596 religiosis
1214 2557 1251 2586 et
1261 2558 1388 2595 sumpt.
1403 2553 1515 2586 fnner.
1532 2553 1626 2587 Item

913 2605 1005 2649 quod
1021 2605 1146 2638 Cicero
1171 2604 1206 2636 in
1221 2605 1340 2646 Topic.
1357 2604 1531 2648 aequitatis
1546 2615 1626 2647 par·

911 2662 984 2690 tem
999 2666 1102 2690 unam
1113 2655 1200 2688 facit
1215 2655 1453 2697 sanctitatem,
1469 2665 1569 2699 quarn
1580 2655 1626 2688 ad

911 2709 1011 2742 Deos
1025 2708 1150 2741 Manes
1172 2707 1259 2739 dicit
1274 2707 1463 2748 pertinere.
1507 2707 1565 2740 Sic
1580 2716 1627 2739 ex

913 2759 1038 2793 eodem
1067 2758 1234 2791 Cicerone
1261 2758 1303 2789 de
1329 2757 1466 2800 Repub.
1484 2757 1626 2791 xv.haec

914 2810 1026 2845 refert
1050 2809 1202 2844 Nonius:
1229 2809 1239 2828 ‘
1257 2808 1314 2842 Sic
1339 2807 1525 2844 Pontificio
1541 2808 1626 2851 jure
