1806 3236
275 228 363 271 574

274 333 349 366 dire
380 332 528 365 vellent:
564 333 621 375 qui
650 342 721 366 mos
747 333 918 377 hodieque
941 334 998 370 in,

271 384 376 426 vulgo
390 388 508 416 nostro
524 383 691 416 saxonico
706 389 873 417 remanet.
918 385 975 417 Ad

272 434 360 467 hanc
385 433 563 466 formulam
599 434 786 467 Petronius
817 434 900 468 Arb.
925 446 979 467 re-

272 485 400 526 spexit,
416 484 496 516 dum
513 484 711 526 aggreditur
727 485 978 526 expositionem

272 534 411 568 fabellae
427 535 470 568 de
487 540 640 568 matrona
656 536 839 577 Ephesina.
861 537 980 579 Scrip-

271 586 300 618 si
316 590 446 627 autem,
460 586 609 627 adiciam,
623 596 690 618 non
703 590 741 618 ut
763 590 839 619 erat
850 586 978 619 editum

270 637 430 678 adjiciam.
473 638 562 670 vide
578 636 669 669 infra
680 638 702 669 l.
715 647 768 670 ιν.
782 637 808 670 f.
821 641 853 670 6.
891 638 977 671 Βία.

316 688 392 720 Sine
407 688 559 730 mercede]
604 689 787 722 Existimat
808 689 978 723 Rittersh.

271 741 309 770 et
323 738 452 780 Rigalt.
476 738 532 781 (ut
557 748 599 771 ex
626 739 701 780 ejus
722 740 857 772 Funere
872 740 978 772 Para·

272 789 330 821 sit.
346 787 489 831 colligo)
514 789 557 821 ad
580 799 709 822 morem
734 790 839 822 alludi
866 792 978 832 pueri-

271 839 352 880 lem,
366 848 469 882 quem
493 840 603 881 tangit
618 840 722 872 etiam
744 840 834 873 Plin.
854 841 920 883 Ep.
936 851 977 874 ιι.

271 891 327 921 20.
351 890 361 907 ‘
378 888 524 930 Assemss
558 890 682 932 inquit,
714 890 725 911 ⁴
741 900 838 932 para,
864 898 900 924 et
922 901 979 924 ac-

272 939 351 982 cipe
367 949 504 972 auream
521 939 694 974 fabulam!
732 941 810 974 Hoc
824 942 980 985 amplius,

271 994 345 1023 tres
360 990 497 1023 demum
519 990 652 1024 fabulas
673 991 795 1025 redimi
811 1003 886 1026 asse
901 994 979 1026 soli-

271 1044 339 1082 tas,
354 1051 398 1074 ex
413 1041 568 1084 ejusdem
593 1042 706 1075 verbis
722 1048 843 1086 patet:
875 1044 886 1063 ‘
902 1044 979 1077 Suf-

271 1091 395 1124 ficiunt
419 1092 495 1125 duae
520 1092 670 1134 fabulae3
704 1104 747 1126 an
773 1094 979 1128 scholastica

270 1142 349 1184 lege
367 1143 504 1175 tertiam
520 1145 632 1177 nescis
642 1144 665 1176 ?’
694 1145 826 1177 Prasch.
870 1146 979 1178 Intel-

271 1193 355 1235 ligo‚
371 1194 557 1226 Phaedrum
579 1198 735 1228 nostrum
759 1196 888 1238 dicere,
913 1197 978 1229 hoc

271 1245 406 1286 praemii
426 1254 501 1278 sese
524 1246 646 1279 lectori
660 1257 730 1280 vsuo
752 1247 923 1289 daturum,
938 1253 979 1282 ut

270 1293 436 1327 fabellam
462 1295 506 1328 de
530 1298 676 1330 mustela
698 1302 735 1330 et
756 1299 908 1332 muribus
932 1300 979 1332 sit

270 1346 482 1378 narraturus.
528 1348 607 1380 Scio
622 1349 723 1380 aliter
736 1350 883 1382 sensisse
901 1351 977 1383 Rit-

269 1397 478 1430 tershusium
508 1403 544 1431 et
563 1399 760 1441 Rigaltiurn‚
787 1401 847 1433 sed
873 1410 978 1443 quare

271 1447 316 1480 ab
330 1452 476 1491 utroque
492 1448 644 1482 diversus
658 1449 794 1492 abeam,
805 1451 889 1482 nihil
899 1461 978 1484 cau-

273 1507 319 1530 sae
335 1507 408 1531 esse
430 1503 526 1541 puto,
553 1503 592 1531 ut
617 1500 770 1540 pluribus
797 1510 979 1542 exponam.

271 1549 385 1582 Faber.
451 1550 700 1583 Rittersbusius
736 1555 773 1583 et
809 1550 980 1592 Rigaltius

272 1600 483 1642 existimant,
508 1600 660 1633 alludere
688 1601 731 1633 ad
758 1601 979 1634 consuetudi-

272 1661 351 1684 nem
382 1652 560 1694 antiquam
586 1649 690 1684 dandi
716 1661 808 1684 asses
843 1652 890 1693 ei,
920 1653 979 1695 qui

272 1707 446 1735 narrasset
472 1702 633 1735 fabulam.
678 1703 724 1734 Et
750 1703 816 1735 hue
844 1710 978 1745 quoque

273 1751 461 1784 Praschius
491 1753 646 1785 inclinat.
706 1752 818 1785 Faber
848 1753 897 1784 ait
928 1752 978 1785 di-

273 1812 368 1844 cere,
382 1803 447 1834 hoc
473 1802 606 1843 praemii
632 1811 709 1834 sese
733 1802 857 1834 lectori
877 1802 977 1835 datu-

271 1859 360 1893 rum,
372 1855 411 1884 ut
425 1850 584 1884 fabellam
601 1851 644 1884 de
660 1853 807 1884 mustela
823 1857 860 1884 et
874 1853 977 1884 muri-

272 1901 337 1934 bus
355 1902 400 1934 sit
415 1906 627 1934 narraturus.
671 1901 742 1934 Sed
757 1912 820 1934 cur
842 1903 977 1947 praemii

271 1951 328 1985 hic
342 1952 536 1984 meminisse
551 1952 691 1994 debeat,
714 1962 777 1994 ego
793 1963 862 1985 non
877 1954 976 1986 intel-

271 2003 353 2045 ligo.
396 2003 450 2035 An
467 2003 556 2035 enim
581 2003 656 2045 ipse
680 2004 858 2046 praemium
874 2005 977 2037 debe-

271 2054 336 2087 bat
349 2055 488 2087 lectori?
524 2063 587 2096 pro
610 2055 668 2086 illa
685 2049 794 2096 ipsius
810 2057 977 2089 ausculta-

272 2104 366 2136 tione
382 2105 437 2137 vel
453 2105 600 2136 lectione
615 2099 779 2139 fortassis.
823 2106 872 2139 At
894 2108 977 2150 quid

272 2155 385 2187 lector
411 2155 558 2187 Phaedro
588 2165 648 2197 pro
675 2160 774 2189 tanta
801 2158 977 2190 utilitate?

273 2204 390 2238 Quid?
426 2205 454 2237 si
478 2206 544 2237 sine
568 2208 706 2238 mercede
732 2207 822 2239 idem
850 2208 976 2240 Nostro

273 2255 330 2296 sit,
345 2265 384 2288 ac
398 2256 516 2297 gratis,
531 2255 670 2289 frustra.
715 2257 764 2289 Ut
781 2258 824 2291 sit
839 2268 975 2292 sensus:

273 2305 330 2337 Ne
347 2305 465 2338 videar
478 2305 606 2338 frustra
622 2307 756 2349 dixisse,
767 2317 835 2340 non
851 2309 976 2341 intelli-

272 2355 308 2396 gi
325 2365 345 2387 a
360 2356 491 2398 quovis,
513 2357 594 2398 quid
618 2356 745 2390 fabulis
773 2359 884 2391 subsit
900 2369 976 2393 eru-

271 2404 410 2438 ditionis
441 2407 699 2450 sapientiaeque,
724 2418 767 2440 en
792 2410 888 2443 vobis
916 2412 977 2444 ali·

273 2466 374 2499 quam
390 2457 434 2489 de
451 2459 596 2491 mustela
612 2463 648 2492 et
669 2460 833 2502 muribus,
853 2461 888 2493 in
911 2472 978 2504 qua

272 2508 420 2549 potestis
436 2509 583 2551 experiri
602 2509 689 2542 vires
706 2514 846 2552 vestras,
872 2517 907 2544 et
923 2522 975 2544 os-

272 2558 432 2604 tendere,
449 2559 531 2602 quid
557 2560 690 2594 innuat.
734 2561 835 2594 Quod
862 2563 890 2594 si
917 2562 975 2595 de-

271 2609 504 2651 prehendetis,
520 2620 583 2652 pro
608 2611 667 2643 illa
691 2611 872 2653 multiplici
895 2611 975 2645 doc-

272 2659 363 2691 trina
376 2659 512 2692 habebo
528 2660 722 2694 mercedem
737 2671 758 2697 a
773 2661 879 2703 vobis,
894 2663 974 2705 quia

270 2717 339 2741 uon
357 2710 516 2752 poteritis
533 2721 599 2743 non
614 2711 694 2744 mihi
710 2721 810 2753 agere
833 2712 971 2753 gratias.

272 2759 427 2793 Itasine
453 2763 601 2803 mercede,
634 2762 772 2804 proprie
799 2763 878 2803 erit,
900 2763 971 2796 sine

272 2811 395 2854 gratia,
410 2820 450 2844 eo
471 2811 543 2844 fere
561 2811 672 2855 modo,
698 2822 765 2855 quo
788 2812 881 2845 Galli
901 2823 973 2846 sana

736 239 896 273 NO'PAE*
910 235 1182 275 VARIORUM
1218 243 1270 275 IN

1027 337 1133 370 merci.
1175 335 1264 371 Sane
1280 338 1381 372 etiam
1403 336 1582 383 Interpm'
1599 335 1726 382 onitin·

1028 388 1134 420 vertit
1166 388 1351 431 minonem,
1394 390 1459 422 hoc
1494 395 1560 431 est,
1589 391 1728 432 mm.

1027 437 1160 470 Suadet
1172 439 1261 472 lianc
1274 439 1612 484 interpretationem,
1631 439 1730 486 quod

1028 488 1066 520 in
1080 486 1195 520 fabula
1215 490 1372 531 sequenti
1390 491 1517 524 morale
1532 491 1575 524 ab
1590 485 1730 526 tumbe

1026 547 1110 579 non,
1124 542 1162 571 ut
1176 539 1265 572 solet
1278 539 1380 582 alias,
1385 541 1582 583 subjicitur.
1601 538 1717 583 ΗΜ

1071 591 1111 621 21
1137 589 1475 633 Mustelam-nmio]
1517 590 1600 625 vm.
1615 592 1730 636 Μ.

1027 637 1098 672 fab.
1122 638 1270 681 AYMvpos
1292 638 1345 671 καὶ
1357 640 1451 680 paee.
1484 641 1661 675 onmem·
1685 643 1730 677 fle

1029 689 1141 722 Corvo
1157 694 1194 722 et
1207 690 1321 732 Vulpe
1336 693 1502 732 pag-21⁶.
1512 694 1642 735 evm.
1651 695 1731 729 226.

1028 740 1072 774 de
1088 740 1260 773 Mustela.⁴
1291 740 1448 774 similans
1454 738 1513 774 31!
1517 741 1661 778 m
1678 743 1733 777 f·-

1027 791 1168 824 bulatur
1192 792 1295 824 Micb.
1321 785 1462 833 Glyen‘s,
1486 787 1611 825 Aflffli
1617 789 1664 827 ⁸21².
1669 793 1731 828 de

1028 842 1239 884 Vulpecula:
1266 840 1399 882 Λέγεται
1409 839 1505 874 δὲκαὶ
1516 836 1731 881 dvm

1028 891 1198 935 βρωμάτων
1210 893 1385 935 ἀποροῦν-αν
1398 891 1511 925 ὑπτίαν
1523 891 1605 926 ὀπὶ
1601 888 1730 938 ψ,

1028 942 1082 976 καὶ
1095 945 1262 985 maereat.
1277 943 1439 976 κάντεῦθεν
1447 939 1675 985 διογκοῦηώὴῐν
1677 940 1732 978 ὣ-

1028 994 1088 1034 ‘rhu
1101 995 1219 1037 ὁρῶντα
1242 993 1284 1027 τὰ
1304 994 1431 1027 verear&
1452 992 1673 1032 brumbam&
1677 995 1732 1028 σὺ·

1027 1046 1098 1086 τῆς,
1112 1043 1164 1077 καὶ
1184 1043 1257 1076 ὡσεὶ
1283 1046 1392 1087 νεκρᾶς
1415 1040 1595 1079 ‘nmen
1591 1045 1734 1086 ffl-

1029 1105 1116 1127 σασα
1130 1093 1183 1127 οὖν
1195 1095 1305 1136 αἴφνης
1317 1093 1338 1134 ἦ
1351 1094 1443 1138 νεκρὰ
1455 1094 1672 1137 συλλαμβάνει
1678 1095 1733 1130 καὶ

1029 1145 1182 1178 κατεσθίει
1197 1144 1305 1178 αὐτάς.
1345 1146 1508 1187 Mustela,
1523 1145 1615 1188 felis,
1624 1145 1730 1179 ἡσύ-

1029 1209 1092 1239 ρος.
1103 1198 1121 1229 ὅ
1137 1196 1290 1229 ἰδιωτικῶς
1302 1195 1470 1236 λεγόμεναι
1483 1194 1606 1230 nstv-m.
1629 1191 1733 1230 seho-

1028 1247 1281 1280 liast.Callim.
1313 1246 1483 1287 Hym.1n
1506 1246 1624 1279 Ceret.
1644 1246 1728 1279 vet.

1029 1297 1141 1330 Gloss.
1163 1296 1348 1339 “Αἵλουρος,
1369 1296 1489 1339 Felax,
1502 1296 1577 1330 baec
1598 1296 1729 1330 cotta?

1027 1349 1108 1389 Rig.

1070 1401 1112 1430 2³
1137 1398 1273 1431 Involvit
1285 1398 1334 1440 se]
1375 1397 1495 1431 Volvlt
1509 1405 1545 1431 se
1559 1398 1594 1430 in
1609 1397 1731 1441 farina,

1028 1451 1066 1481 et
1078 1448 1261 1481 volutando
1284 1449 1319 1480 in
1334 1457 1388 1489 ea,
1402 1448 1452 1481 sie
1463 1447 1622 1491 >«inplevit
1633 1453 1731 1482 exte-

1029 1499 1113 1540 rius,
1127 1502 1166 1532 nt
1181 1503 1257 1531 tota
1271 1498 1381 1530 farina
1391 1497 1579 1531 videretur.
1601 1498 1708 1538 Schts.

1073 1552 1116 1583 24
1138 1548 1276 1591 Abjecit]
1298 1549 1356 1582 Sc.
1370 1557 1419 1591 se,
1432 1549 1622 1591 eleganter,
1635 1549 1732 1582 velut

1029 1610 1101 1632 rem
1123 1600 1237 1642 vilem,
1261 1609 1362 1643 quam
1386 1603 1423 1633 et
1443 1599 1570 1632 iccirco
1590 1600 1602 1619 ‘
1615 1599 1730 1644 ubjec-

1030 1650 1112 1682 tam’
1135 1651 1359 1693 appellamus.
1416 1651 1427 1669 ‘
1442 1649 1606 1692 Abjieere
1632 1652 1676 1684 ιε’
1694 1651 1729 1684 iu

1028 1700 1179 1733 berbam'
1201 1700 1285 1733 dicit
1299 1700 1423 1733 Cicero
1435 1699 1469 1731 in
1484 1700 1550 1732 Or.
1566 1708 1592 1733 1.
1626 1699 1729 1738 SM

1029 1751 1133 1784 Ovid.
1152 1751 1264 1792 Epist.
1279 1758 1345 1783 vn.
1361 1753 1394 1783 1.
1409 1751 1419 1767 ‘
1435 1750 1493 1782 Sic
1508 1749 1567 1783 ubi
1581 1749 1657 1783 fata
1672 1760 1729 1784 vo-

1027 1803 1120 1841 cant,
1130 1799 1205 1832 udis
1219 1799 1376 1841 abjectus
1387 1800 1424 1831 in
1435 1799 1562 1842 herbis,
1573 1799 1630 1833 Ad
1639 1801 1730 1834 vadii

1026 1849 1197 1882 Maeandri
1211 1849 1363 1882 concinit
1385 1849 1481 1881 albus
1506 1849 1608 1883 olor!
1644 1850 1731 1883 Pto-

1027 1904 1116 1942 pert.
1140 1908 1166 1932 1.
1190 1901 1241 1932 14.
1264 1902 1294 1932 1.
1314 1899 1327 1917 ¹
1338 1899 1393 1932 Tu
1407 1899 1491 1933 lieet
1506 1898 1660 1942 abjectu·
1672 1899 1729 1933 'ri-

1026 1950 1147 1983 berina
1161 1949 1312 1982 molliter
1323 1949 1437 1982 unda!
1487 1950 1635 1995 Petroni.
1650 1958 1728 1993 cap.

1025 2003 1079 2034 26.
1103 2001 1115 2020 ¹
1129 2000 1271 2043 Abjecti
1286 2001 1321 2032 in
1336 2000 1470 2034 lectis!
1672 2002 1676 2003 ⁷

1071 2051 1295 2093 Negligenter]
1317 2052 1450 2084 Manen
1460 2050 1611 2092 legenter.
1632 2051 1728 2085 Gim-

1069 2105 1110 2135 25
1147 2102 1360 2145 Compressas]
1393 2101 1500 2135 Forte
1514 2102 1728 2144 campanen.-

1029 2156 1066 2185 ut
1081 2153 1127 2186 sit
1143 2163 1238 2186 error
1252 2157 1351 2186 natus
1365 2163 1409 2185 ex
1426 2153 1566 2196 antiqua
1580 2153 1728 2186 scriben—

1029 2204 1065 2235 di
1089 2204 1374 2246 pronuntiandive
1393 2204 1546 2237 ratione:
1581 2203 1727 2246 eompre-

1027 2267 1079 2290 Μ
1089 2267 1100 2289 .·
1124 2258 1228 2290 Οῖισιιῑ.
1257 2257 1345 2290 Ritt.
1690 2293 1694 2296 ¹

1073 2306 1284 2349 Compressas]
1329 2306 1453 2339 Mallet
1467 2304 1728 2347 Ruta-sinuatus,

1027 2366 1231 2400 comprensus.
1273 2358 1366 2391 Puto
1380 2358 1471 2391 idem
1494 2365 1569 2390 esse
1590 2354 1726 2400 nc,''op·

1028 2419 1176 2451 pressus.
1229 2409 1352 2442 Cicero
1384 2408 1420 2440 in
1447 2407 1549 2440 Orat.
1575 2405 1724 2450 Harusp.

1026 2459 1037 2477 ‘
1051 2459 1075 2492 J
1078 2468 1131 2491 am
1146 2459 1212 2492 ista
1226 2467 1378 2501 serpens,
1393 2467 1469 2501 qnae
1493 2460 1564 2489 tum
1588 2455 1642 2488 bic
1665 2455 1724 2489 de-

1026 2509 1167 2549 litescit,
1184 2513 1255 2541 tum
1271 2518 1308 2541 se
1323 2509 1479 2550 emergit,
1503 2510 1539 2539 et
1562 2505 1673 2539 fertur
1686 2506 1724 2538 il-

1025 2560 1096 2601 luc,
1111 2569 1306 2602 compressa
1319 2559 1420 2601 atque
1436 2557 1522 2590 illisa
1536 2556 1721 2590 morietur?

1026 2609 1133 2649 Schqf.

1071 2659 1222 2692 Occubuit
1232 2659 1314 2701 neci]
1329 2657 1474 2690 Rursum
1487 2655 1529 2690 ad
1541 2656 1719 2701 Virgilium

1025 2710 1190 2752 respexit,
1214 2714 1253 2742 ut
1278 2710 1376 2743 solet.
1418 2709 1454 2742 Is
1471 2710 1560 2742 euim
1575 2710 1623 2743 ita
1642 2707 1718 2743 ΕΠ.

1023 2771 1064 2795 11.
1079 2763 1133 2793 62.
1151 2760 1161 2778 ‘
1178 2759 1245 2792 Seu
1259 2764 1365 2792 certae
1378 2760 1581 2793 occumbere
1593 2758 1719 2792 morti!

1024 2802 1197 2845 Caeterui'n
1212 2810 1374 2852 Virgilius
1396 2816 1447 2844 ex‘
1462 2811 1571 2843 Ennio
1586 2809 1720 2843 desums
