1806 3236
388 198 588 231 PHAEDRI
620 198 733 234 ΕΑΒ,
767 196 1070 229 AESOPIARUM
1103 197 1200 229 121ss.
1235 197 1288 229 11.
1321 185 1364 229 8.

137 298 239 332 dibus
253 297 358 331 etiam
382 296 417 329 in
441 293 560 337 inopia
584 293 704 336 pabuli
730 296 767 325 et
789 302 848 325 an·

136 349 248 393 gnstia
263 358 368 392 equos
383 347 510 380 aluisse
536 345 642 379 docet
667 345 786 378 Caesar
802 344 846 377 de

136 402 214 436 Bel.
230 401 329 435 ctvil.
354 400 413 433 lib.
436 408 494 432 111.
520 400 530 417 ‘
547 399 633 431 Erat
648 403 782 430 summa
797 397 847 429 in·

134 453 216 498 opi·
230 451 361 496 pabuli,
375 450 463 484 adeo
479 454 518 483 ut
532 449 623 482 foliis
653 459 697 481 ex
720 448 848 481 arbori-

134 503 351 539 buswtrictis
371 506 408 535 et
423 501 552 535 teneris
574 500 779 533 arundinum
795 510 848 533 ra·

134 553 436 589 uicibus-contusis
449 563 557 596 equos
573 552 727 585 alerent?
764 553 847 586 Non

133 619 216 652 ergo
231 612 309 643 erat
323 607 532 642 ordinarium
546 616 654 650 equos
665 604 847 639 frondibus

134 661 244 705 pasci.
269 661 356 693 (ἕνα.

175 715 219 746 28
242 712 426 746 Str-amca
440 710 567 752 desum]
589 710 733 743 Mallem
744 708 847 751 hujus

132 763 203 797 loci
217 762 422 796 sententiam
437 761 572 804 erigere
586 761 727 803 adjecta
743 761 849 794 inter-

134 813 324 856 rogatione.
369 813 461 847 Nam
476 817 514 846 et
529 812 652 845 iratior
666 812 723 845 hic
739 812 848 855 loqui-

133 870 192 898 tur
205 864 385 905 dominus3
409 863 466 897 cui
480 863 601 906 generi
616 863 782 896 convenit
796 863 848 895 in-

134 915 348 958 terrogatio;
379 918 418 949 et
446 924 510 958 per
539 914 847 958 interrogationem

134 965 326 1001 efferuntur
341 970 480 1000 cetera.
503 965 611 1006 Schef.

178 1018 363 1052 Sumam
376 1019 504 1061 desunt]
536 1019 547 1036 ‘
561 1018 762 1051 Stramenta
775 1029 848 1051 mu-

133 1070 176 1104 lis
190 1069 390 1104 detrahere'
413 1069 507 1112 apud
533 1069 620 1103 Caes.
635 1070 729 1103 Bell.
754 1070 847 1104 Gall.

133 1131 202 1155 vu.
230 1122 319 1155 (ἕνα.

179 1173 304 1207 Tollere
338 1172 406 1206 liaec
439 1173 572 1215 ανακω]
619 1172 666 1206 Τὰ
700 1171 847 1216 ἀράχνια.

157 1276 320 1319 -Δνωιαῇ
364 1276 465 1310 Telas
486 1277 662 1320 intelligit.
706 1278 847 1320 Nempe

131 1338 278 1370 meus,
303 1339 339 1371 a,
362 1339 427 1371 am,
450 1329 664 1372 adjectivum
680 1332 746 1362 est.
790 1328 848 1361 Ita

132 1380 314 1422 usurpavit
349 1384 387 1413 et
423 1380 633 1414 Petronius:
669 1380 680 1398 ‘
698 1379 846 1412 Araneis

133 1430 212 1465 oleo
226 1430 457 1465 madentibns’
478 1431 581 1473 dixit,
594 1432 661 1465 hoe
676 1435 744 1472 est,
756 1431 848 1465 telis.

134 1481 270 1516 Plinius
283 1482 492 1516 Valerianus
509 1491 536 1517 ι.
552 1493 584 1517 c.
601 1486 655 1516 11.
680 1485 690 1503 ‘
709 1483 848 1516 Aranea

133 1533 208 1566 tela
231 1533 397 1576 imposita
422 1544 468 1568 ex
497 1534 598 1568 oleo.'
653 1535 749 1568 Hinc
773 1544 847 1567 ara-

132 1593 226 1618 neum
253 1585 465 1618 neutraliter
491 1589 530 1619 et
561 1586 731 1627 absolute,
762 1596 848 1628 opus

134 1644 348 1677 araneorum,
361 1636 546 1670 subaudito
561 1641 686 1670 textum
700 1638 756 1671 vel
771 1641 848 1670 rete.

133 1686 316 1720 Cornelius
339 1687 490 1721 Fronto:
525 1689 536 1708 ‘
554 1688 731 1721 Araneum
755 1689 848 1732 quod

132 1741 270 1771 textum
285 1742 349 1780 est,
362 1748 490 1772 aranea
503 1749 582 1783 quae
600 1740 712 1773 texit!
740 1740 846 1780 Schef.

176 1791 220 1822 24
244 1789 424 1833 Quantum]
467 1791 593 1824 Manet
618 1792 664 1825 N.
683 1791 848 1825 Heinsius

131 1840 250 1884 legere
267 1841 401 1878 Quanti.
425 1842 543 1876 Schef.
588 1844 683 1877 Nihil
703 1849 847 1878 mutem.

132 1890 192 1925 Ita
207 1891 314 1926 Ovio.
326 1893 394 1936 Ep.
409 1896 464 1927 12.
481 1897 533 1928 19.
549 1895 561 1914 ‘
577 1895 755 1931 Quantum
772 1906 847 1939 per-

131 1941 252 1984 ssdiae‚’
281 1948 319 1976 et
341 1944 353 1962 ⁴
367 1944 547 1978 Quantum
573 1946 678 1979 dotis'
700 1947 846 1982 Terent.

132 1993 276 2027 Phorm.
288 2003 340 2027 ιν.
355 1999 389 2028 5.
404 1994 580 2029 dixerunt.
616 1997 733 2029 Plaut.
748 1998 847 2031 Poen.

134 2052 162 2076 1.
187 2053 278 2077 scen.
295 2047 327 2078 3.
347 2047 404 2078 22.
426 2046 437 2064 ‘
455 2046 632 2080 Quantum
648 2046 847 2081 Acheronte

134 2098 187 2126 est
197 2098 410 2128 mortuorum
425 2094 448 2136 ;’
471 2097 571 2130 etita
585 2098 656 2131 alii.
688 2099 848 2132 Fon-mula

136 2149 253 2179 autem
268 2145 389 2179 similis
412 2147 463 2179 illi
487 2148 669 2182 Juvenalis
692 2149 767 2182 Sat.
790 2159 846 2182 rx.

135 2199 192 2230 59.
213 2197 224 2215 ‘
240 2197 416 2232 Quantum
441 2204 518 2232 erat
540 2200 697 2233 exhausti
713 2201 847 2234 lumbos

135 2249 265 2282 donare
298 2249 435 2282 clientis
463 2250 652 2293 Jugeribus
689 2252 809 2294 paucis
822 2253 846 2285 ?’

134 2299 253 2335 Burm-

178 2353 222 2384 28
244 2352 417 2386 Dominum
430 2353 550 2396 videre]
589 2354 684 2388 Plin.
701 2356 722 2389 l.
739 2365 848 2391 xvm.

134 2404 169 2436 6.
197 2397 210 2421 ι
225 2403 379 2445 Majores
402 2404 511 2437 nostri
537 2404 787 2440 fertilissimum
812 2407 848 2440 in

136 2453 227 2497 agris
243 2454 380 2487 oculum
397 2455 524 2488 domini
548 2466 622 2489 esse
649 2458 814 2492 dixerunt
827 2458 848 2491 :'

134 2504 194 2538 ubi
211 2506 407 2548 exemplum
422 2507 515 2540 Furii
528 2507 663 2541 Cresini
677 2510 755 2542 huic
769 2511 849 2544 loco

134 2555 350 2599 aptissimum
365 2557 445 2590 vide
471 2558 530 2591 sis.
575 2560 756 2594 Plutarch.
780 2562 851 2605 περὶ

135 2606 252 2640 παίδων
264 2606 402 2649 ἀγωγῆς.
446 2609 615 2643 Κάνταῦθα
635 2611 674 2651 δὴ
695 2611 736 2644 τὸ
757 2613 852 2655 ῥηθὲν

138 2658 197 2691 ὑπὸ
207 2660 267 2692 τοῦ
281 2659 454 2701 ἱπποκόμου
472 2662 592 2704 χαρίεν,
603 2663 645 2697 ὡς
666 2663 756 2697 οὐδὲν
770 2665 851 2699 οὕτω

137 2709 249 2742 πιαίνει
266 2709 323 2743 τὸν
341 2710 439 2744 ἵππον
452 2713 493 2746 ὡς
509 2713 666 2752 Βασιλέως
680 2715 850 2758 ὀφθαλμός.

139 2759 222 2792 Nee.
264 2761 355 2795 Vide
371 2763 559 2805 scriptores
575 2765 619 2799 de
631 2767 683 2799 Re
697 2768 851 2811 Rustica,

140 2810 274 2846 Colum.
302 2821 330 2845 1.
358 2816 389 2846 l.
420 2814 482 2848 sub
507 2814 568 2850 fin.
594 2817 731 2853 Pallad.
761 2828 786 2852 1.
816 2823 849 2854 6.

1526 186 1612 230 461

897 292 1106 335 Xenophon.
1143 291 1364 326 Memorabil.
1399 292 1536 327 Socrat.
1574 302 1612 328 v,

899 345 1025 377 Buchn.
1071 344 1238 378 Columel.
1252 354 1311 377 111.
1325 344 1388 378 ult.
1414 345 1424 362 ‘
1441 345 1614 379 Quocum·

898 405 964 438 que
980 395 1107 428 domini
1124 396 1307 438 praesentis
1336 396 1428 429 oculi
1451 395 1614 439 frequen-

898 451 954 479 ter
969 456 1163 490 accessere,
1175 447 1210 479 in
1226 457 1267 479 ea
1281 451 1384 490 parte
1399 446 1562 489 majorem
1577 447 1614 479 in

897 496 1034 530 modum
1050 495 1185 530 fructus
1201 497 1395 530 exuberat!

940 549 1115 582 Dominum
1141 549 1246 582 videre
1270 550 1442 592 plurimum
1466 550 1501 582 in
1522 549 1616 584 rebus

896 600 979 642 suis]
1002 600 1142 634 Catonis
1156 601 1323 634 monitum
1340 606 1406 644 est,
1420 602 1430 620 ‘
1448 602 1614 636 Frontem

898 652 1064 694 occipitio
1094 653 1248 694 priorem
1276 651 1377 685 esse?
1439 653 1541 686 Quod
1563 654 1614 688 sie

898 704 1150 747 interpretatur
1168 703 1304 736 Plinius
1318 703 1382 737 lib.
1398 702 1508 738 ivm.
1530 715 1562 738 c.
1578 709 1614 739 5.

895 757 906 775 ‘
923 756 1090 789 Frontem
1104 755 1231 788 domini
1246 765 1331 798 agro
1344 756 1421 798 plus
1435 755 1616 799 prodesse,

899 816 1000 850 qnam
1017 805 1243 849 occipitium.’
1287 806 1388 839 Idem
1403 817 1434 840 c.
1450 810 1482 840 6.
1499 807 1509 825 ‘
1525 807 1615 841 Pro-

895 857 1020 900 fecto,'
1043 858 1170 901 inquit,
1193 856 1204 876 ‘
1220 867 1342 901 opera,
1354 867 1422 890 non
1444 858 1614 902 impensa,

899 911 1036 944 cultura
1059 914 1208 943 constat.
1275 910 1324 942 Et
1352 909 1432 942 ideo
1467 910 1615 953 majores

898 959 1148 995 fertilissimum
1172 961 1208 994 in
1234 970 1318 1003 agro
1334 962 1473 994 oculum
1487 962 1616 996 domini

899 1023 976 1047 esse
991 1013 1183 1047 dixerunt!
1207 1014 1287 1056 Rig.

943 1066 1117 1099 Dominum
1143 1066 1251 1099 videre
1277 1067 1447 1108 plurimum
1468 1067 1503 1100 in
1524 1066 1617 1104 rebus

897 1116 979 1159 suis]
1002 1115 1113 1157 Ὄμμα
1126 1116 1190 1160 ’γὰρ
1204 1116 1317 1158 Δάμων
1330 1117 1447 1159 νομίζω
1461 1117 1617 1151 δεσπότου

896 1168 1076 1212 παρουσίαν,
1090 1170 1126 1202 id
1143 1174 1209 1213 est,
1225 1171 1368 1213 Namque
1382 1173 1486 1204 lumen
1499 1172 1617 1205 aedium

893 1224 971 1262 puto
994 1230 1059 1253 esse
1080 1220 1151 1254 heri
1173 1222 1389 1264 proesentiam,
1415 1222 1529 1255 ut-‘ait
1543 1223 1619 1256 ΑΕΒ-

897 1272 1018 1314 chylus
1041 1273 1077 1304 in
1103 1273 1234 1306 Persis.
1277 1273 1367 1306 Vide
1383 1277 1421 1306 et
1443 1273 1617 1307 Aristote-

896 1323 965 1356 lem
980 1324 1191 1357 OEconomic.
1217 1324 1243 1357 l.
1260 1333 1284 1357 r.
1308 1335 1339 1358 c.
1363 1328 1397 1359 6.
1420 1325 1482 1357 ubi
1507 1325 1617 1359 refert

896 1375 1159 1418 apophthegma'
1184 1375 1377 1419 cujusdam,
1392 1376 1452 1419 qui
1474 1376 1618 1418 dixerit,

896 1426 908 1446 ‘
927 1425 1076 1460 Oculum
1104 1426 1232 1459 domini
1263 1437 1352 1470 esse,
1381 1428 1442 1471 qui
1468 1428 1616 1461 maxime

898 1484 1138 1526 pinguefaciat
1174 1484 1328 1528 equum.'
1389 1485 1525 1518 Plinius
1555 1486 1617 1519 lib.

898 1544 1010 1569 xv111.
1036 1539 1069 1568 6.
1095 1540 1104 1555 ‘
1121 1537 1275 1578 Majores
1302 1536 1553 1570 fertilissimum
1569 1538 1617 1570 'in

899 1596 982 1627 agro
1006 1587 1144 1619 oculum
1168 1587 1301 1620 domini
1326 1598 1401 1620 esse
1427 1588 1617 1622 dixerunt!

899 1636 950 1670 At
976 1642 1098 1670 contra
1131 1639 1320 1672 secundum
1355 1640 1616 1683 Pomponium:

900 1689 910 1707 ‘
926 1689 1045 1731 Longe
1059 1690 1102 1722 ab
1118 1691 1201 1724 urbe
1217 1691 1417 1733 villicarier,
1433 1703 1500 1736 quo
1512 1693 1617 1727 herus

900 1745 1061 1774 rarenter
1086 1742 1195 1780 venit,
1226 1743 1308 1775 Non
1334 1743 1530 1785 villicarier,
1553 1745 1615 1778 sed

899 1791 1085 1833 dominari,
1100 1803 1181 1826 mea
1203 1798 1255 1826 est
1270 1794 1468 1828 sententia!
1509 1796 1559 1829 Et
1573 1797 1617 1829 si-

899 1842 1027 1876 militer
1057 1844 1281 1886 Symmachus
1312 1846 1380 1888 Ep.
1411 1846 1470 1880 lib.
1497 1856 1551 1880 IX.
1582 1851 1616 1881 6.

898 1894 908 1912 ‘
922 1892 1094 1936 Actores‚'
1127 1895 1253 1938 inquit,
1283 1896 1293 1914 ‘
1309 1895 1518 1938 absentium,
1541 1899 1617 1941 qui-

898 1945 962 1978 bus
979 1955 1034 1978 res
1047 1947 1231 1989 longinqua
1247 1948 1453 1989 remittitur,
1468 1948 1509 1991 (f.
1523 1959 1616 1983 com-

899 1997 1064 2038 mittitur)
1087 2002 1251 2040 tanquam
1279 2000 1385 2032 soluti
1408 2000 1543 2042 legibus
1565 2002 1616 2035 vi-

899 2052 1006 2079 vunt:
1032 2049 1193 2090 quoniam
1210 2051 1331 2091 procul
1353 2050 1476 2092 positis
1502 2052 1615 2085 nullus

899 2097 1114 2130 dominorum
1132 2102 1244 2131 terror
1268 2100 1439 2133 incurrit?
1483 2102 1564 2136 Huc
1580 2108 1617 2137 et

899 2148 1098 2181 Plautinum
1115 2149 1200 2181 illud
1221 2150 1308 2183 facit
1323 2162 1331 2184 :
1355 2152 1365 2170 ‘
1382 2152 1451 2185 Ubi
1466 2164 1616 2187 summus

899 2199 1098 2241 Imperator
1132 2200 1175 2232 ad
1204 2202 1397 2235 exercitum
1433 2214 1501 2237 non
1535 2206 1612 2239 est!

900 2251 985 2283 Cum
1011 2251 1112 2293 hujus
1136 2250 1274 2285 fabellae
1301 2260 1505 2296 argumento
1521 2267 1617 2300 mag-

899 2311 978 2335 nam
994 2302 1097 2335 habet
1113 2303 1356 2345 cognationem
1372 2307 1538 2349 apologus
1554 2308 1615 2342 ille

899 2353 1059 2396 AEsopius
1076 2354 1119 2386 de
1136 2354 1278 2388 cassita
1293 2359 1331 2388 et
1357 2357 1463 2399 pullis
1479 2359 1556 2401 ejus
1573 2370 1614 2393 ac

899 2404 1039 2438 domino
1063 2406 1203 2448 segetis,
1225 2406 1260 2448 in
1287 2417 1356 2449 qno
1380 2408 1616 2454 nidulabatur,

900 2458 1095 2500 descriptus
1112 2458 1156 2490 ab
1169 2458 1308 2501 Agellio
1324 2459 1386 2493 lib.
1401 2470 1444 2493 11.
1460 2464 1514 2495 29.
1542 2468 1579 2496 et
1594 2474 1617 2497 a

900 2509 1008 2543 Gabr.
1035 2510 1182 2543 Faerno.
1228 2511 1370 2545 Claudit
1391 2522 1468 2546 eum
1495 2519 1533 2548 et
1556 2515 1617 2549 ob-

899 2563 1012 2604 signat
1051 2568 1200 2606 uterque
1235 2565 1392 2597 versibus
1429 2567 1615 2602 trochaicis

900 2614 1017 2656 Ennii,
1031 2625 1114 2657 quos
1130 2615 1226 2647 cordi
1241 2620 1276 2647 et
1295 2617 1469 2650 memoriae
1485 2619 1616 2653 habere

899 2675 1015 2708 operae
1042 2666 1192 2708 pretium
1218 2671 1296 2700 est:
1320 2667 1331 2685 ‘
1347 2668 1426 2702 Hoc
1454 2670 1521 2702 erit
1548 2671 1616 2704 tibi

900 2720 1139 2759 argumentum
1164 2727 1302 2760 semper
1326 2718 1360 2750 in
1384 2726 1548 2763 promptu
1572 2722 1616 2755 si·

900 2771 986 2810 tum,
1001 2769 1056 2801 Ne
1074 2768 1156 2811 quid
1174 2774 1342 2810 expectes
1357 2772 1497 2816 amicos,
1522 2775 1623 2817 quod*

901 2823 977 2853 tute
993 2829 1098 2863 agere
1114 2819 1266 2863 possies!
1292 2822 1377 2855 Rite.
