1806 3236
231 246 319 290 612

230 350 463 385 Atellanicum
477 348 562 383 illud
576 359 584 382 ε
600 348 613 368 ‘
623 348 768 382 Hircum
783 349 936 382 vetulum

231 403 346 445 capris
362 406 522 435 naturam
544 399 708 443 ligurire!
743 399 834 433 Vide
852 398 936 432 Sue—

232 459 303 488 ton.
318 464 395 496 cap.
411 457 465 486 43.
479 456 534 486 44.
549 455 603 485 45.
617 454 672 484 46.
705 452 784 493 Rig.

273 505 410 546 Lauare]
443 503 538 537 Nihil
567 503 781 536 mutandum.
834 502 936 535 Hanc

231 556 323 591 enirn
353 559 390 588 et
418 558 616 597 sequentem
645 553 797 587 fabulam
824 553 936 586 indili-

230 606 367 649 gentius
389 605 572 640 tractando
587 615 676 648 pene
697 609 935 648 corruperant.

232 658 314 699 Rig.

272 708 411 750 Lauare]
435 708 473 741 F.
491 707 596 740 labare
606 706 803 750 penitentia,
821 706 857 739 id
872 710 938 749 est,

230 759 416 792 labascere.
451 758 535 792 Rite.
729 786 731 790 ,

273 809 473 851 Penitentia]
513 810 571 842 Ita
599 809 643 842 V.
668 809 709 842 C.
740 809 865 850 Tentia,
897 811 938 840 ut

233 862 353 895 Tentio.
396 862 506 894 Vetus
523 861 735 894 Glossarium
749 872 758 895 ε
774 862 784 880 ‘
797 861 936 901 Tentio‚

228 911 347 945 Τάσις.’
362 912 453 945 Item
466 923 475 945 :
493 914 503 931 ‘
514 912 753 954 Distentione,
764 911 935 946 Aia-roien!

231 964 283 996 Ut
309 963 388 995 inde
408 963 581 1005 penitentia
604 963 663 1004 sit,
686 964 784 1006 penis
810 963 936 1004 tentio,

231 1014 344 1047 αἰδοίου
370 1013 470 1048 τάσις.
513 1015 624 1047 Vetus
651 1015 787 1057 Interp.
812 1014 936 1047 Juven.

230 1067 302 1099 Sat.
333 1074 385 1098 xi.
423 1064 659 1102 ‘Extenditur
695 1065 738 1096 ad
777 1073 938 1097 venerem

230 1116 354 1158 puellis
388 1114 613 1148 saltantibus:
683 1115 741 1148 Sic
780 1115 937 1149 Martial.

231 1168 241 1186 ‘
259 1162 421 1201 Tendere
446 1165 598 1201 alutam!
650 1166 770 1209 Priap.
797 1167 939 1200 ‘Teuta

693 253 838 287 NOTAE
870 252 1138 287 VAmoRUM
1171 253 1223 287 IN

989 349 1100 383 vena!
1136 349 1228 383 Item
1242 348 1253 369 ⁴
1269 347 1450 391 Tentigo?
1466 349 1546 381 &cr
1567 347 1649 390 Εἰς.

1031 399 1170 441 Lauare]
1200 399 1348 442 conjicit
1369 398 1472 432 labare
1497 398 1693 432 Rittershu·

990 452 1072 484 sius.
1098 452 1173 493 Ego
1188 450 1301 484 refero
1316 450 1360 483 ad
1375 459 1521 493 sequens
1538 450 1698 491 linguam.-

990 502 1184 535 Gronovius
1218 501 1332 534 firmat
1371 501 1522 543 priorem
1557 503 1694 533 senten-

990 553 1097 586 tiam:
1132 553 1182 585 sic
1209 556 1326 585 autem
1351 552 1423 584 ait:
1457 552 1588 593 ‘Lego,
1611 551 1693 583 Post

989 605 1068 646 hoec,
1082 604 1150 645 vel,
1169 604 1287 636 Postea
1310 603 1415 636 labare
1435 602 1527 644 σαρξί
1545 601 1697 644 peniten-

989 655 1050 696 tia,
1066 654 1087 686 i.
1100 664 1132 687 e.
1148 657 1282 686 mutato
1294 652 1407 685 auimo
1417 651 1567 685 deficere
1582 661 1603 684 a
1618 660 1694 694 pro-

990 704 1116 747 posito.
1147 705 1196 737 Ut
1220 703 1295 736 Cic.
1315 702 1393 735 Att.
1408 711 1488 735 vm.
1502 704 1558 735 22.
1571 701 1582 720 ⁸
1596 701 1694 745 Scito

988 754 1108 788 labare
1138 754 1222 787 illud
1251 762 1363 786 meum
1388 751 1576 793 consilium,
1599 750 1715 796 qnod.

982 806 1059 849 jam
1088 806 1171 839 satis
1200 804 1306 837 fixum
1335 801 1539 837 videbatur:
1586 801 1694 846 ovid.

990 859 1079 891 Met.
1093 867 1145 891 vr.
1171 858 1181 876 ‘
1198 858 1251 889 Ex
1267 855 1372 889 nimia
1383 858 1534 888 mentem
1560 852 1694 897 pietate

990 908 1108 942 labare
1124 907 1254 940 sensit!
1268 906 1279 922 '
1310 905 1415 947 Scires.

1034 958 1243 1000 Paenitentia]
1301 958 1408 1000 Lege,
1448 956 1537 1000 penis
1582 955 1693 990 tentio.

991 1010 1112 1043 Heius.

1035 1060 1244 1101 Paenitentia]
1280 1059 1337 1093 An
1362 1058 1546 1102 penitentia.
1603 1057 1695 1092 Vide

992 1114 1089 1148 Carr.
1105 1113 1224 1157 Antiq.
1237 1113 1336 1146 Lect.
1351 1111 1411 1145 lib.
1425 1119 1466 1144 ιι.
1481 1112 1534 1144 u.
1566 1109 1652 1143 Gna.

742 1434 1000 1479 FABULA
1046 1434 1188 1479 XIV.

255 1581 294 1627 ¹1
317 1579 492 1624 Affioeione]
523 1575 615 1615 Quid
641 1579 687 1614 sit
715 1584 834 1614 notum
860 1583 939 1622 est3

230 1630 316 1665 illud
355 1632 530 1673 videlicet,
557 1631 648 1675 quod
686 1632 778 1675 apud
816 1632 939 1665 Sueto-

230 1683 326 1716 nium
341 1683 480 1725 dicitur,
494 1685 505 1702 ⁴
520 1683 673 1716 Illudere
690 1683 798 1726 capiti
812 1686 939 1716 matro-

231 1733 373 1767 narum.'
395 1734 523 1766 Mulier
535 1738 649 1766 autem
662 1734 755 1767 τοῦτο
769 1732 939 1775 πάσχουσα

230 1784 412 1817 dicebatur
439 1794 491 1816 ore
518 1784 718 1826 morigerari,
741 1784 834 1827 apud
856 1794 938 1817 eim-

231 1834 362 1869 demin
379 1834 533 1876 Tiberio,
554 1835 614 1867 ubi
640 1835 685 1867 de
710 1834 879 1867 Atalanta
900 1838 938 1867 et

230 1886 423 1928 Meleagro.
467 1886 537 1919 Sed
562 1885 591 1918 si
616 1885 716 1928 plura
741 1885 878 1926 addam,
901 1890 937 1918 te

230 1936 368 1979 violem,
383 1947 404 1969 o
419 1935 553 1977 Pudor,
567 1936 657 1979 quod
673 1936 789 1969 nolim.
822 1935 938 1970 Faber.

230 1988 400 2021 Veteres:
424 1987 607 2030 Afictione.
631 1986 713 2020 Non
727 1987 860 2029 inquiro
878 1996 936 2020 cu·

232 2038 334 2081 riose,
348 2037 430 2081 qnid
444 2038 491 2070 sit
505 2037 646 2079 rectius,
658 2047 737 2069 nam
751 2037 828 2070 haec
841 2037 937 2080 igno·

231 2099 322 2131 rare,
335 2089 422 2121 adeo
437 2098 505 2121 non
520 2091 574 2120 est
589 2088 624 2120 in
639 2087 738 2129 vitio,
752 2091 793 2120 ut
804 2097 935 2120 merea-

230 2144 288 2173 tur
303 2139 451 2172 laudem.
474 2138 586 2171 Faber
601 2138 653 2171 ita
667 2138 808 2171 scribit:
830 2138 842 2157 ‘
857 2137 936 2171 Hoc

230 2191 315 2234 quid
331 2191 390 2233 sit,
403 2194 535 2230 notum,
555 2189 638 2221 illud
654 2188 830 2231 videlicet,
845 2188 936 2232 quod

230 2242 322 2284 apud
358 2240 557 2274 Suetonium
583 2238 722 2280 dicitur,
754 2238 765 2257 ‘
781 2238 936 2272 Illudere

230 2292 339 2335 capiti
353 2289 631 2332 matronarum,’'
659 2291 724 2322 διο.
764 2289 845 2322 Non
856 2299 935 2332 pro·

230 2343 287 2376 bo.
317 2342 421 2382 Schef.

272 2392 447 2436 Affixione]
484 2392 553 2425 Ms.
581 2390 612 2424 Δ
632 2390 778 2434 fictione.
827 2390 934 2434 Lege,

228 2443 433 2486 Affrictione.
477 2442 536 2475 Ita
562 2441 744 2474 Salmasius
766 2440 811 2473 ad
836 2451 934 2475 oram

228 2494 330 2534 libri;
353 2498 390 2526 et
401 2493 451 2526 sic
467 2503 530 2535 ego
547 2492 775 2532 conjeceram.
801 2492 888 2526 Gna.

270 2543 444 2586 Linguam]
468 2544 564 2585 Lege
578 2542 717 2584 Lingua.
746 2540 868 2575 Heins.

272 2596 438 2638 Mulieris]
460 2595 604 2628 Scilicet
617 2593 805 2628 fellatricis.
842 2594 932 2628 Vide

229 2647 440 2681 Martialem.
480 2646 568 2679 Gud.

271 2701 293 2730 2
311 2696 519 2739 Obecoenitas]
535 2695 626 2730 Quid
637 2695 692 2729 hic
705 2695 933 2739 pra-cesserit,

228 2758 298 2782 non
309 2747 408 2791 libet,
419 2758 482 2781 nec
497 2747 549 2781 fas
565 2751 619 2780 est
633 2747 799 2780 divinare.
843 2747 945 2780 Con-.

224 2799 322 2840 jicio,
337 2801 491 2833 lacunam
515 2800 604 2832 hanc
630 2798 711 2831 inde
735 2797 822 2831 adeo
844 2807 930 2836 esse,

232 2850 323 2892 qnod
352 2850 534 2892 spurcities
549 2849 600 2883 καὶ
613 2848 651 2882 τὸ
666 2848 838 2892 ὰπύῤῥητον
852 2859 930 2893 pro-

991 1580 1096 1623 positi
1111 1578 1333 1623 problematis
1346 1578 1440 1622 pium
1455 1577 1603 1622 aliquem
1618 1577 1696 1611 Mos

991 1631 1138 1663 nachum
1194 1630 1443 1671 exscriptorem
1483 1629 1702 1662 lectoremve·

990 1681 1111 1713 horum
1138 1679 1344 1720 offenderit3
1379 1679 1439 1722 qui
1467 1678 1612 1722 proinde
1641 1683 1704 1712 to·-

991 1736 1062 1765 tam
1081 1732 1169 1764 hanc
1196 1731 1368 1774 pagellam
1389 1730 1542 1763 omiserit
1559 1731 1615 1763 vel
1635 1739 1694 1763 ex-

990 1782 1203 1824 sciderit,ex
1228 1791 1295 1824 qua
1319 1785 1432 1814 tamen
1460 1781 1555 1814 velut
1582 1780 1695 1814 canda

990 1833 1145 1875 quaedam
1174 1832 1347 1865 remansit.
1413 1831 1561 1864 Poterat
1589 1831 1695 1865 etiam

990 1883 1149 1925 alterum,
1164 1882 1256 1925 quod
1270 1881 1440 1925 sequitur,-
1454 1881 1631 1924 problema
1647 1882 1704 1915 de,

990 1932 1182 1966 tribadibus
1197 1936 1235 1966 et
1251 1932 1407 1966 mollibus
1427 1932 1570 1966 abesse:
1594 1936 1634 1966 nt
1653 1934 1705 1978 il-⁴

989 1984 1051 2017 lud
1075 1994 1222 2028 quoque,
1242 1984 1335 2027 quod
1358 1982 1426 2016 fuit
1449 1993 1555 2026 supra
1576 1983 1621 2018 de
1641 1985 1703 2018 0->

987 2036 1080 2069 vium
1095 2039 1196 2078 partu
1209 2038 1412 2076 monstroso,
1432 2043 1498 2068 nec
1517 2044 1585 2068 non
1601 2035 1693 2078 quod

987 2097 1068 2120 mox
1082 2087 1164 2129 erit,
1178 2086 1222 2119 de
1238 2086 1372 2119 Canum
1391 2085 1436 2119 ad
1460 2086 1582 2120 Jovem
1603 2087 1694 2130 lega-

988 2139 1093 2171 tione.
1146 2137 1269 2180 Itaque
1298 2140 1337 2169 ut
1365 2137 1507 2180 Ulysses
1534 2137 1693 2171 Sirenum

988 2192 1111 2222 cantus
1122 2197 1202 2221 cera
1216 2187 1387 2221 obturatis
1397 2187 1535 2221 auribus
1550 2191 1701 2230 praeter..

988 2244 1109 2273 vectus
1125 2248 1200 2272 esse
1225 2243 1395 2281 narratur,
1419 2239 1469 2271 ita
1482 2243 1519 2271 et
1527 2231 1692 2281 juventu·

989 2294 1060 2334 tem
1075 2290 1155 2331 ista,
1171 2288 1325 2333 aquibus
1348 2289 1539 2332 periculum
1561 2293 1599 2323 et
1618 2299 1693 2324 cor-

988 2343 1124 2386 ruptela
1151 2351 1283 2375 morum
1311 2340 1378 2383 ipsi
1407 2340 1594 2374 metuenda
1624 2345 1693 2383 est,

989 2393 1102 2427 surdis
1117 2393 1253 2426 auribus
1269 2396 1305 2425 et
1319 2392 1441 2425 clausis
1462 2391 1570 2425 oculis
1582 2395 1692 2425 trans-

985 2445 1123 2478 mittere
1147 2443 1268 2476 melius
1294 2446 1360 2476 est.
1392 2442 1534 2475 ”Eadem
1559 2450 1690 2480 caussa,

986 2505 1086 2539 qnam
1101 2494 1186 2536 dixi,
1204 2493 1361 2527 Petronii
1381 2492 1514 2525 Arbitri
1539 2491 1688 2533 Elegan-

986 2547 1154 2581 tissimum
1170 2544 1352 2587 Satyricon
1372 2544 1424 2576 ita
1447 2542 1545 2575 nobis
1562 2542 1690 2575 lacera-

986 2597 1039 2630 vit
1059 2608 1099 2630 ac
1123 2596 1356 2636 detruncavit,
1371 2597 1411 2627 ut
1434 2593 1490 2626 vix
1510 2593 1688 2636 Orpheum

985 2647 1146 2680 mulieres
1181 2646 1373 2686 Thracicae,
1402 2644 1458 2677 vel
1493 2643 1687 2677 Pentheum

985 2697 1134 2730 Bacchae
1170 2696 1413 2739 discerpserint
1452 2694 1686 2728 miserabilius.

986 2747 1074 2780 Ritt.

1027 2802 1047 2831 3
1071 2798 1226 2841 Rogavit]
1263 2798 1406 2831 Mallem
1428 2797 1501 2831 haec
1523 2797 1685 2839 conjungi

985 2860 1063 2885 cum
1089 2849 1330 2893 superioribus.
1374 2848 1468 2883 Puto
1493 2849 1583 2882 enim
1607 2857 1685 2891 pro-
