1806 3236
252 208 343 266 ¹586

258 318 268 334 ‘
278 313 567 347 Delicatissimum
592 313 714 355 littus‚'
729 318 767 347 et
781 313 873 357 apud
889 314 962 348 Pli-

260 364 355 397 nium
382 364 591 405 Secundum,
623 363 734 397 ‘Anio
757 364 961 398 delicatissi-

258 425 333 448 mus
357 414 525 448 amnium’
548 415 696 456 Epistol.
721 414 783 448 lib.
807 424 890 448 vm.
907 418 960 448 17.

259 476 336 509 quae
356 475 439 498 saue
454 465 648 507 dignissima
663 470 728 508 est,
743 476 843 509 quam
858 467 962 508 legas.

261 516 377 549 Faber.
423 517 472 549 Ut
491 517 502 535 ⁴
516 516 631 549 Littus
646 516 831 551 delicatum
843 515 853 531 ’
871 517 961 559 apud

259 566 370 598 Cicer.
394 566 430 598 in
444 566 546 600 Verr.
561 571 598 600 et
617 567 627 584 4
643 566 762 600 Amnis
774 567 961 602 delicatus'

258 616 348 658 apud
371 616 523 649 Plinium
547 618 613 660 Ep.
628 627 709 651 vm.
724 621 779 651 17.
802 619 963 661 quemad·

258 667 394 701 modum
420 667 534 700 Faber
558 673 670 702 notat.
712 668 783 702 Sed
805 674 843 702 et
873 669 963 703 ‘Do-

259 727 350 750 mum
363 717 544 751 delicatam
555 718 565 732 ’
587 718 675 752 dixit
686 719 816 753 Seneca
826 719 860 752 in
873 720 963 762 Hip·

259 769 330 811 pol.
375 770 459 802 Mox
481 769 695 803 ‘Venustos'
711 770 837 804 reddit.
857 770 963 812 Schef.

257 820 316 853 lta
337 821 347 839 ‘
361 820 520 853 Delicata
543 820 644 853 Asia'
672 821 785 856 Cicer.
805 832 868 865 pro
884 823 963 855 Mu-

260 881 344 904 raen.
369 881 449 905 xxx.
487 871 498 891 ‘
514 871 767 905 Delicatissima
801 872 960 915 navigia’

258 921 356 955 Suet.
369 922 476 955 vitel.
496 931 533 955 x.
556 921 736 956 Delicatum
763 923 831 956 dici
852 933 965 966 omne,

262 972 355 1015 quod
380 973 582 1016 pretiosum,
606 974 722 1016 molle,
744 973 905 1017 nitidum,
920 975 964 1007 ad

252 1034 421 1067 ,apompam
443 1029 481 1058 et
503 1025 773 1058 ostentationem
800 1027 966 1068 composi-

262 1079 334 1109 tum
363 1080 431 1118 est,
459 1081 557 1108 recte
580 1076 699 1109 docuit
724 1076 790 1109 Vir
818 1076 965 1120 Amplis-

261 1126 418 1168 Cuperus
434 1127 561 1160 Obser.
576 1136 603 1160 1.
619 1137 651 1161 c.
665 1130 697 1161 3.
718 1128 776 1161 Sic
792 1128 883 1171 apud
899 1129 965 1161 Pe-

263 1181 352 1210 tron.
367 1187 398 1210 c.
411 1181 466 1211 33.
489 1178 498 1196 ‘
516 1179 550 1212 N
553 1178 714 1221 otavique
729 1189 801 1212 rem
817 1180 966 1213 omnium

262 1228 565 1262 delicatissimam!
610 1229 691 1263 vid.
708 1233 745 1262 et
760 1229 823 1263 inf.
835 1240 871 1263 v.
885 1232 918 1263 l.
929 1235 967 1264 et

260 1279 305 1311 ad
322 1280 462 1312 Quinct.
475 1280 576 1313 Decl.
588 1290 614 1313 1.
626 1282 678 1314 13.
700 1281 816 1314 Burm.

306 1330 468 1362 Delicatos
509 1330 662 1371 hortulos]
717 1333 727 1349 ‘
752 1330 801 1363 Hi
829 1330 963 1363 Graecis

262 1378 379 1413 ἁπαλοὶ
402 1381 506 1422 κῆποι.
551 1380 714 1414 Philostr.
743 1380 908 1423 Προστέων
932 1381 965 1414 ἐν

261 1428 286 1472 ᾧ
301 1430 418 1464 ἁπαλοί
429 1444 467 1464 τε
487 1432 580 1471 κῆποι
599 1431 649 1464 καὶ
669 1433 781 1473 πῆγαι.
809 1432 882 1465 *Sic
897 1433 967 1465 hor·

264 1487 367 1515 torum
388 1483 509 1516 deliciae
531 1483 565 1515 in
590 1483 651 1516 lib.
666 1492 719 1516 ιν.
742 1484 782 1516 C.
797 1483 839 1516 de.
854 1494 965 1526 aquae-

261 1534 358 1569 duct.
401 1536 411 1554 ‘
428 1535 592 1567 Mansura
618 1545 716 1576 poena
739 1535 774 1567 in
799 1544 872 1577 eos,
894 1535 967 1578 qui,

264 1585 308 1619 ad
331 1585 551 1627 irrigationes
566 1595 726 1627 agrorum
741 1589 778 1618 et
790 1585 967 1618 hortorum

263 1636 418 1679 delicias,
429 1635 567 1670 furtivis
580 1646 674 1680 aquae
686 1635 855 1669 meatibus
867 1639 968 1670 utun-

265 1689 346 1722 tur!
357 1689 367 1704 ’
399 1689 493 1726 Haec
506 1690 689 1722 Salmasius
709 1689 753 1722 ad
767 1689 967 1730 marginem.

261 1740 322 1772 Sic
336 1741 526 1775 Martialis:
546 1740 556 1758 ‘
570 1740 671 1773 Ruris
683 1740 893 1774 bibliotheca
906 1740 969 1772 de-

264 1791 395 1832 licati3'
418 1801 474 1824 rus
489 1792 579 1824 enim
591 1791 652 1832 ibi,
662 1792 792 1825 hortus.
817 1791 903 1823 Gud-

307 1843 470 1876 Delicatus
481 1842 636 1884 hortulos]
657 1843 743 1875 Mox
763 1843 838 1884 ipse
852 1841 969 1875 dicet:

265 1894 276 1911 4
288 1893 453 1926 venustis
467 1893 631 1927 hortulis!
654 1894 734 1935 Rig.

274 1939 276 1941 ¹
307 1949 350 1980 27
374 1946 431 1979 Sic
449 1947 623 1989 destinata]
641 1946 866 1990 Ἀφωρισμένα.
887 1946 969 1988 Rig.

240 2036 245 2040 s
308 1997 482 2030 Destinat«
502 1997 594 2039 dare]
616 1998 763 2040 Propria
787 1998 863 2031 haec
885 2007 970 2040 quo-

266 2057 332 2091 que
348 2047 383 2080 in
406 2050 618 2081 testamentis
633 2048 829 2081 ordinandis
845 2048 970 2082 verba:

264 2098 317 2131 ita
331 2098 441 2133 Jctus
456 2099 529 2132 inl.
546 2108 646 2131 xmx.
660 2100 687 2141 §.
698 2100 760 2132 ult.
776 2099 819 2132 de
830 2100 899 2141 leg.
912 2108 972 2132 111.

267 2149 452 2191 distinguit
461 2149 551 2182 inter
565 2150 575 2167 ‘
586 2149 778 2182 Adtributa
787 2149 796 2164 '
812 2154 849 2182 et
861 2150 871 2168 4
883 2150 973 2182 Des-

267 2199 412 2233 tinataz'
446 2203 484 2233 et
508 2200 589 2233 hinc
613 2200 856 2242 explicandum
885 2200 971 2232 illud

269 2251 402 2284 dictum
430 2251 522 2294 apud
537 2251 681 2285 Petron.
705 2261 784 2293 cap.
804 2254 859 2285 43.
882 2250 894 2270 ‘
906 2251 973 2284 Cui

269 2302 387 2334 datum
402 2306 469 2343 est,
481 2311 550 2334 non
565 2301 619 2334 cui
629 2301 866 2334 destinatum!
886 2302 973 2335 Bur-

270 2362 414 2385 mannus.

312 2405 355 2436 80
380 2404 410 2435 Ο
424 2403 454 2435 si
467 2401 623 2444 maneret]
646 2401 694 2434 H.
710 2411 743 2434 e.
764 2405 972 2443 superesset,

270 2458 465 2495 superaret.
490 2453 614 2495 virgil.
623 2452 699 2485 AEn.
708 2461 750 2486 11.
766 2452 776 2470 ‘
788 2452 907 2496 Insula
923 2452 971 2484 di-

272 2513 333 2536 ves
357 2513 474 2546 opum,
488 2503 619 2536 Priami
641 2502 721 2535 dum
735 2511 842 2544 regna
855 2512 974 2534 mane·

273 2554 369 2587 bant.
385 2555 432 2588 Et
440 2554 543 2596 paulo
552 2558 631 2596 post
643 2565 651 2585 :
667 2554 678 2572 ‘
691 2553 973 2595 Trojaque,nunc

271 2609 384 2637 stares
393 2616 403 2645 ;
412 2605 614 2646 Priamique
625 2614 688 2637 arx
698 2604 781 2645 ulta,
791 2602 972 2636 maneres.’

272 2656 396 2688 Adhuc
403 2656 462 2688 lib.
470 2665 520 2688 ιν.
535 2655 545 2673 4
556 2655 648 2690 Quid
657 2655 685 2687 si
695 2664 763 2687 non
770 2663 851 2686 arva
861 2653 974 2685 aliena

272 2707 463 2749 domosque
487 2706 628 2748 Ignotas
652 2709 801 2748 peteres,
816 2708 854 2736 et
866 2704 974 2746 Troja

277 2758 422 2800 antiqua
431 2761 584 2790 maneret
595 2756 618 2788 θ’
641 2756 763 2789 Cicero
775 2754 818 2788 de
827 2754 897 2789 LI..
906 2763 932 2786 1.
943 2746 990 2788 1.“

272 2809 282 2827 ‘
295 2809 332 2842 Si
347 2812 464 2843 manet
478 2808 537 2842 illa
560 2817 720 2852 quercus,
732 2807 807 2840 haec
822 2809 874 2839 est
895 2815 974 2848 pro-

727 219 870 252 No'rAE
901 220 1166 253 VARIORUM
1200 220 1253 252 IN

1009 313 1125 348 fecto.'
1167 314 1414 352 Quintiljmt.
1428 314 1532 350 orat.
1548 325 1605 351 ιιι.
1620 318 1652 351 Ι.
1666 315 1711 351 de

1009 366 1061 399 M.
1089 365 1262 399 Antonio:
1295 367 1306 386 ‘
1322 367 1480 410 Namque
1507 366 1575 401 hoc
1601 367 1710 402 mlum

1011 423 1096 459 opus
1125 417 1211 460 ejus,
1245 421 1349 461 atque
1386 418 1423 451 id
1451 417 1710 463 imperfectum,

1011 467 1151 502 manet!
1162 469 1295 502 Prason.
1317 468 1559 511 Eleganter2de
1569 467 1714 502 defune-

1011 522 1061 560 to,
1075 519 1204 561 quippe
1215 518 1273 561 qui
1289 523 1371 552 ante
1384 519 1555 553 habuerit.
1597 520 1649 561 si,
1661 519 1713 553 in-

1012 570 1100 612 quit,
1137 573 1255 611 posset
1291 569 1451 604 conditus
1486 571 1714 614 sepultusque
1779 605 1782 609 ,

1011 619 1103 652 nunc
1118 619 1250 660 videre,
1277 629 1379 662 quarn
1403 620 1492 654 male
1511 630 1571 654 vos
1591 620 1718 654 intelli-

1012 670 1101 712 gatis
1131 670 1204 712 ejus
1233 670 1456 707 voluntatem.
1509 670 1628 715 Atque
1664 672 1715 705 sic

1011 721 1178 763 Virgilius
1195 720 1394 763 saepissime.
1437 720 1648 755 utAEn.-1ih.
1662 730 1715 756 rv-

1013 773 1072 805 ‘Si
1096 772 1201 814 Troja
1227 771 1373 814 antiqua
1398 771 1584 806 mamete.
1610 771 1716 812 aad.

1056 822 1096 856 Si
1109 823 1248 855 maneret
1258 821 1381 857 condito
1392 830 1498 854 sensus
1506 821 1612 865 patri]
1637 822 1718 855 Con-

1011 875 1084 908 dere
1095 873 1236 906 verbum
1247 872 1416 905 mortuale
1425 872 1481 905 vel
1489 872 1720 915 sepulchrale-

1012 926 1116 960 Unde
1136 925 1147 944 4
1161 923 1423 963 Conditor-iuml
1439 923 1534 967 quod
1545 928 1583 958 et
1603 924 1614 943 4
1627 924 1718 958 eon-

1013 977 1183 1018 ditivum,'
1198 976 1342 1011 Senecae
1357 979 1394 1008 et
1409 975 1577 1008 Petronio
1597 979 1655 1011 est
1667 985 1720 1009 se-

1012 1028 1205 1073 pulchrum.
1263 1027 1343 1060 Hoc
1371 1025 1528 1068 primum.
1581 1025 1718 1060 Deinde

1013 1078 1095 1122 quia
1115 1077 1323 1116 dubitabant
1350 1081 1503 1116 veteres,
1525 1085 1571 1110 an
1599 1085 1719 1111 mans

1014 1140 1129 1163 rerum
1142 1128 1422 1162 humanarum-sd
1443 1126 1628 1164 defunctos
1642 1137 1721 1170 per-

1015 1181 1191 1224 tingeret:
1215 1179 1424 1214 creberrime
1452 1179 1505 1212 his
1530 1178 1721 1213 utebantur

1014 1236 1051 1265 et
1065 1232 1230 1265 similibus
1252 1231 1429 1264 formulisz
1450 1230 1461 1249 ‘
1473 1230 1511 1263 si
1522 1229 1599 1273 quis
1614 1230 1721 1263 nui-

1014 1293 1074 1316 um
1097 1293 1216 1316 sensus
1240 1286 1294 1316 est
1308 1282 1328 1314 ι’
1365 1283 1376 1301 4
1391 1281 1426 1315 Si
1449 1281 1526 1324 quis
1548 1281 1583 1315 iu
1607 1285 1721 1314 morte

1014 1329 1134 1366 se'nsus
1165 1338 1218 1367 est
1231 1333 1252 1365 τ’
1280 1333 1338 1366 ‘Si
1367 1333 1443 1375 quis
1465 1332 1572 1365 etiam
1601 1331 1723 1366 inferis

1014 1394 1134 1418 sensus
1142 1384 1161 1416 ι’
1177 1385 1187 1403 4
1195 1384 1231 1417 Si
1246 1384 1321 1427 quis
1331 1383 1489 1416 defuncti
1498 1393 1618 1416 sensu
1630 1387 1684 1416 est
1696 1381 1722 1416 :'

1014 1437 1074 1469 ‘Si
1102 1436 1184 1479 quid
1209 1436 1314 1470 inferi
1338 1435 1526 1469 sentinat?
1556 1435 1567 1454 4
1585 1435 1623 1469 si
1641 1435 1721 1478 quis

1015 1492 1095 1531 post
1119 1487 1242 1520 funera
1264 1496 1382 1520 sensus
1395 1486 1416 1519 :’
1437 1486 1496 1520 ‘Si
1509 1485 1591 1529 quid
1615 1484 1724 1519 habet

1016 1548 1134 1572 sensus
1159 1537 1279 1570 umbra
1291 1537 1313 1570 :'
1333 1539 1342 1556 ‘
1359 1536 1396 1570 si
1413 1545 1529 1570 manes
1546 1538 1627 1578 post
1650 1534 1725 1568 fata

1016 1589 1143 1632 aliquid
1159 1588 1312 1622 sentiunt
1327 1587 1346 1619 ε’
1366 1588 1376 1606 4
1391 1587 1518 1629 Nigrus
1533 1585 1562 1623 si
1575 1585 1658 1630 quid
1671 1596 1724 1619 sa·

1016 1640 1070 1682 pis
1084 1639 1177 1672 inter
1189 1638 1334 1678 arenas‚'
1345 1638 1510 1680 Propert.
1521 1636 1584 1670 lib.
1596 1645 1649 1670 lv.
1661 1637 1672 1656 ‘
1686 1636 1724 1669 81

1017 1691 1145 1724 sentire
1168 1690 1270 1723 dat-ur
1285 1693 1364 1731 post
1381 1688 1456 1721 fata
1468 1686 1623 1732 quietist’
1652 1686 1726 1720 Ne-

1017 1743 1189 1776 mesianus
1198 1743 1329 1784 Ecloga
1339 1751 1365 1775 1.
1381 1741 1601 1784 Reliquorum
1608 1744 1726 1774 aucto-

1018 1804 1072 1827 res
1085 1798 1167 1835 pete
1181 1803 1201 1826 a
1215 1792 1391 1826 Brissonio
1407 1792 1464 1824 De
1479 1791 1653 1825 Formnlis
1661 1791 1723 1824 lib.

1018 1854 1099 1877 vm.
1116 1844 1177 1877 fol.
1197 1846 1274 1877 7³⁷.
1295 1843 1352 1876 cui
1377 1843 1445 1876 duo
1465 1846 1640 1884 postrema
1661 1841 1727 1874 ista

1019 1895 1180 1937 exempla
1201 1894 1341 1927 addidi:
1365 1893 1481 1926 et-hoc
1496 1890 1725 1934 Euripideum

1019 1948 1054 1980 in
1081 1947 1237 1980 Hercule
1251 1944 1406 1986 Furium,
1426 1942 1474 1977 Ὦ
1487 1942 1629 1985 φίλτατ’,
1651 1942 1727 1976 nl‘ns

1019 1997 1162 2040 φθόγγον
1185 1994 1403 2030 stambere-m
1427 1995 1555 2033 Θνητῦν
1566 1993 1639 2036 παρ’
1653 1992 1727 2037 ᾷῡρ,

1021 2048 1072 2081 σοὶ
1084 2047 1165 2089 τάδ’,
1177 2044 1457 2090 Ἧράκλειε,λὲ’γω.
1480 2042 1569 2078 Rm.
1715 2069 1719 2074 .

1065 2104 1106 2134 31
1134 2097 1349 2140 Voluntatem]
1379 2097 1524 2139 Optime
1547 2096 1594 2131 de
1621 2100 1728 2130 testa-

1022 2155 1152 2192 mento,
1184 2150 1264 2194 quia
1299 2153 1354 2182 est
1391 2148 1551 2180 voluntas
1590 2145 1724 2179 ultim.

1022 2203 1115 2235 Plin.
1135 2202 1204 2243 Ep.
1228 2209 1269 2233 u.
1294 2202 1347 2232 lo.
1369 2199 1380 2217 4
1394 2199 1523 2240 Legem
1544 2197 1626 2230 mihi
1642 2196 1729 2238 dixi,

1021 2256 1062 2285 ut
1090 2249 1330 2283 defunctorum
1357 2248 1564 2288 voluntates,
1587 2247 1731 2284 etiamsi,

1014 2304 1096 2346 jure
1132 2300 1378 2340 deficerentur,
1411 2298 1510 2341 qumi
1546 2297 1725 2339 perfectu

1022 2355 1162 2386 tuerer:
1184 2350 1292 2390 Sales.

1065 2401 1177 2443 Suam]
1211 2401 1296 2441 Pro,
1322 2399 1408 2442 ejus.
1445 2396 1571 2432 Cicero
1596 2396 1726 2439 Philip.

1021 2463 1071 2487 xv.
1093 2455 1103 2473 4
1119 2452 1220 2488 Quod
1236 2456 1350 2485 autem
1364 2454 1441 2484 erat
1456 2447 1651 2491 praesidium
1670 2456 1727 2479 sa-

1021 2504 1101 2537 lutis
1115 2502 1360 2544 libertatisque
1382 2503 1518 2540 vestrae,
1533 2497 1562 2530 si
1577 2498 1634 2530 C.·
1649 2497 1727 2531 Cae-

1021 2555 1108 2587 saris
1131 2553 1461 2592 fortissimorumque
1476 2548 1527 2581 sui
1543 2548 1652 2590 patris
1667 2548 1728 2581 mi-

1021 2606 1122 2638 litum
1136 2603 1307 2636 exercitus
1322 2610 1390 2634 non
1404 2598 1550 2633 fuisset-³
1594 2598 1727 2632 Contra

1022 2655 1202 2689 Cornelius
1208 2653 1275 2694 qius
1281 2651 1371 2685 dixit
1382 2659 1455 2693 pro,
1463 2649 1728 2691 suus,Themist.

1022 2715 1100 2747 cap.
1116 2708 1151 2737 8.
1172 2703 1183 2722 4
1197 2703 1265 2736 Hic
1277 2711 1354 2734 eum
1366 2704 1510 2743 propter
1520 2698 1729 2741 multasejus

1022 2756 1168 2788 virtutes
1177 2762 1300 2795 magna
1307 2761 1384 2785 cum
1393 2749 1561 2792 dignitate
1571 2747 1728 2782 viveret?

1024 2806 1140 2849 Atque
1165 2805 1214 2839 si'c
1240 2804 1314 2837 liaec
1341 2801 1464 2836 crebro
1479 2803 1728 2846 permutantur.
