1806 3236
261 204 321 252 48
552 216 756 250 prmum
789 214 1105 251 naumann
1137 215 1440 250 inseruitum

264 307 460 368 AEsopus
479 312 611 355 nobis
630 312 714 356 hoc
733 312 989 368 exemplum
1006 312 1216 368 prodidit.

320 379 518 422 Tumens
536 380 657 421 inani
679 378 902 423 Graculus
922 380 1142 435 superbia,
1212 419 1215 423 .
1719 423 1724 427 .

263 445 460 500 Pennas,
483 447 659 491 Pavoni
680 460 783 503 quae
803 448 1073 499 deciderant,
1092 448 1288 499 sustulit,
1610 480 1612 482 -
1656 482 1660 487 .
1688 448 1730 493 -5

261 515 406 572 Seque
426 516 683 559 exornavit:
714 515 872 558 deinde
894 519 1173 558 contemnens
1193 526 1301 558 suos

262 585 483 628 Formoso
505 598 553 626 se
568 584 801 626 Pavonum
820 584 1062 631 immiscuit
1081 585 1212 639 gregi.

261 652 334 695 Illi
356 653 595 708 impudenti
615 665 782 708 pennas
802 653 992 707 eripiunt
1011 652 1101 703 avi,

261 718 521 776 Fugantque
540 721 711 762 rostris.
773 719 1134 763 Malemulcatus
1156 718 1380 763 Graculus

258 861 389 912 reliquit
401 861 488 894 nobis
502 862 579 895 illud
589 864 773 905 exemplum.
821 864 988 906 Graculus,
1000 865 1131 907 inflatus
1145 875 1221 898 vano
1233 867 1364 906 tumore,
1377 863 1501 905 collegit
1511 864 1646 912 plumae,
1655 874 1726 912 w

257 906 438 945 exciderant
457 905 593 947 Paconi,
608 906 761 957 iisque-se
774 908 913 942 vestivit.
958 909 1046 959 Dein
1060 915 1209 959 sperneris
1229 918 1311 949 sace,
1325 909 1517 958 aggregavit
1539 906 1729 987 cosm

257 947 360 979 turboe
375 948 548 982 Pavonum.
584 949 652 984 Qui
666 954 810 983 eximunt
819 951 944 994 plumas
958 951 1030 985 laiac
1044 953 1163 985 volum
1176 952 1393 993 inverecundo,
1405 953 1437 983 et
1458 949 1589 992 abigant
1617 983 1619 986 ,
1674 974 1724 1009 w?

259 1088 534 1130 Cuninghamus3
558 1096 623 1122 nec
639 1089 711 1122 sine
728 1090 871 1124 ratione.
916 1091 1037 1124 Habet
1052 1091 1142 1124 enim
1158 1090 1357 1135 Anonymus
1373 1091 1517 1126 Nilantii
1533 1090 1604 1125 fab.
1619 1098 1725 1128 xxvi.

255 1140 294 1163 ne
308 1131 404 1164 libeat
419 1133 556 1173 gloriari
570 1143 740 1175 qumquam
763 1134 851 1166 bonis
865 1133 989 1175 alienis,
1006 1135 1072 1167 suis
1087 1136 1167 1178 quin
1184 1136 1298 1177 potius
1310 1137 1415 1168 vivere
1428 1136 1530 1168 mlle.
1574 1135 1644 1168 Sed
1659 1136 1724 1169 hae

256 1174 497 1208 emendatione
512 1185 580 1208 non
594 1181 670 1209 erat
686 1186 786 1219 opus,
802 1178 881 1220 quia
906 1181 986 1219 post
1009 1179 1204 1220 negativam
1220 1179 1428 1221 particulam
1441 1188 1492 1220 ne,
1505 1188 1574 1220 nec,
1593 1179 1650 1213 vel
1662 1188 1725 1211 non

255 1217 384 1259 passim
398 1219 553 1260 sequitur
566 1222 612 1261 et,
628 1229 655 1252 s.
671 1229 749 1262 que‚·
772 1220 806 1252 id
833 1221 923 1263 quod
941 1220 1103 1262 probavit
1118 1221 1236 1254 Burm.
1250 1221 1294 1254 ad
1315 1221 1417 1254 ovid.
1431 1222 1520 1254 Met.
1531 1231 1588 1255 111.
1604 1222 1725 1258 ⁴⁹3-—

253 1263 287 1293 5.
301 1263 323 1292 6
346 1261 480 1294 Favoni.
504 1260 704 1304 Anonymus
735 1263 882 1296 Nilantii
901 1274 1056 1306 pavonum
1078 1275 1148 1306 quoe
1172 1265 1378 1304 cameram,-
1408 1265 1572 1306 vincent.
1595 1263 1726 1309 Poma

252 1307 407 1344 pavonum
418 1315 486 1346 quae
500 1305 676 1338 ceciderant
685 1316 698 1345 ‚·
713 1305 774 1338 sed
792 1306 870 1348 quia
882 1306 945 1339 hoc
961 1307 1126 1349 sequitur,
1141 1311 1177 1339 et
1192 1308 1356 1340 Romulus
1371 1307 1478 1340 habet
1490 1317 1614 1341 mmet:
1625 1317 1722 1351 me,-

253 1347 306 1378 nie
318 1356 448 1390 pennas,
461 1358 529 1390 quae
538 1349 726 1390 ceciderant,
742 1349 869 1382 rectius
882 1350 1052 1382 retinetur
1058 1350 1249 1392 pavoni—6
1272 1350 1471 1393 Anonymus
1485 1361 1494 1382 :
1509 1360 1600 1393 ecque
1610 1348 1724 1396 ecit-de

253 1390 391 1430 ornavit,
400 1389 492 1423 unde
502 1391 621 1424 Burm.
631 1392 755 1434 conjici
768 1401 866 1434 posse
879 1397 991 1435 putat,
1002 1393 1186 1426 Phaedrum
1197 1394 1386 1436 scripsisse,
1397 1403 1489 1436 seque
1497 1394 1570 1427 inde
1579 1388 1726 1441 affligit}

254 1432 310 1465 cui
322 1433 464 1466 lectioni
479 1433 577 1467 favet
591 1435 813 1475 Vincentius,
828 1436 886 1478 qui
899 1436 1016 1478 habet,
1031 1439 1063 1469 et
1077 1437 1150 1468 inde
1164 1445 1197 1468 ne
1204 1437 1340 1479 ornavit,
1354 1440 1393 1469 nt
1408 1437 1481 1469 inde
1495 1441 1645 1479 ponatur
1660 1445 1724 1480 pro

252 1476 468 1526 pronomine.
507 1478 636 1528 ‘Mallet
653 1482 768 1511 tamen
780 1479 903 1529 'Bul-m.
917 1479 1106 1529 liic-legere
1122 1478 1223 1521 Seque
1237 1479 1420 1531 mornacii.-
1441 1479 1724 1531 indecentem

253 1521 1210 1607 {³555}:²:2123¹25335333d⁶3322233⁰ss03523?
1226 1521 1723 1608 mcfissssviiffff‘fflifflss

254 1613 290 1647 p.
301 1607 333 1638 9.
368 1604 467 1648 Seque
481 1607 646 1639 exornavit
657 1618 668 1640 .·
682 1607 758 1640 exin
772 1607 832 1651 (ex
843 1608 902 1640 illo
918 1608 1092 1650 tempore)
1105 1619 1132 1642 c.
1146 1618 1174 1641 ε.
1200 1607 1400 1651 Bipontini:
1425 1607 1526 1651 Seque
1535 1609 1700 1650 exornavit
1710 1618 1722 1641 .·

253 1648 326 1681 dein
349 1658 378 1681 c.
394 1652 483 1681 s.—7
506 1650 638 1692 Scripti
667 1650 768 1682 libri:
794 1651 971 1684 Immiscuit
993 1662 1027 1684 ee
1043 1652 1186 1691 formoso
1208 1660 1362 1694 pavonum
1380 1651 1486 1693 'gr-egi.
1527 1651 1613 1685 Tum
1639 1655 1722 1685 'vero

253 1691 426 1724 immiscuit
441 1692 546 1725 debet
562 1703 635 1725 esse
656 1694 875 1734 trisyllabon(
909 1694 1010 1726 Hanc
1026 1694 1209 1727 lectionem
1229 1699 1371 1727 tuentur
1387 1695 1514 1736 Rigalt.
1529 1694 1563 1729 in
1579 1693 1671 1728 Edit.
1686 1697 1720 1726 2.

253 1734 380 1767 Nevel.
398 1735 522 1775 Faber,
537 1736 673 1768 Wasius
697 1737 740 1768 de
756 1738 874 1769 Senar.
892 1747 926 1778 p.
943 1739 1019 1770 125.
1051 1737 1172 1769 Barth.
1185 1736 1275 1770 Adv.
1287 1738 1347 1770 lib.
1364 1746 1479 1770 nvn.
1490 1747 1520 1770 c.
1535 1740 1589 1770 1⁰.
1612 1737 1720 1770 Hein-

253 1777 335 1818 sius,
361 1777 502 1820 Harius,
525 1778 721 1811 Desbillon.
750 1779 796 1811 al.
822 1779 864 1812 Se
885 1779 1055 1811 immiscuit
1072 1790 1226 1821 pavonum
1235 1780 1312 1821 fig.
1335 1778 1473 1813 Marcil.
1489 1780 1532 1813 ad
1556 1780 1642 1814 Hor.
1654 1780 1720 1822 Ep.

253 1822 323 1852 1.3.
352 1830 386 1863 p.
400 1823 476 1853 119.
503 1821 661 1854 Immiscet
682 1831 715 1854 se
726 1820 760 1861 f.
781 1832 816 1864 p.
838 1832 875 1863 g.
912 1823 969 1854 Sic
996 1823 1144 1855 Bentlei.
1160 1826 1196 1854 et
1211 1823 1475 1865 Cuninghamus.
1519 1823 1669 1857 Brotier.
1683 1828 1720 1856 et

252 1863 457 1896 Lallemant.
478 1864 638 1896 Immiscet
652 1874 684 1896 se
694 1875 725 1906 p.
734 1864 766 1904 s.
777 1875 812 1905 g.
836 1865 1037 1897 Bucbnerus
1055 1869 1092 1898 et
1111 1865 1318 1898 Rit't'ershus.
1347 1865 1525 1898 Immiscuit
1554 1865 1719 1904 retinent,

251 1906 314 1938 sed
329 1906 368 1937 τὸ
381 1917 414 1939 ee
429 1911 574 1940 censent
589 1907 785 1947 delendum,
799 1918 818 1940 e
834 1917 883 1940 vs.
907 1911 939 1940 6.
965 1908 1204 1949 repetendum,
1227 1908 1318 1951 quod
1335 1913 1431 1942 recte
1447 1908 1570 1942 durum
1582 1907 1720 1942 videtur

250 1948 481 1983 Tzachuckio.
527 1949 728 1982 Wakefield.
747 1950 790 1983 ad
814 1951 955 1983 Lucret.
989 1960 1048 1984 111.
1072 1954 1149 1983 501.
1183 1961 1368 1993 pronomen
1400 1962 1434 1984 ee
1466 1951 1541 1984 vult
1572 1951 1655 1985 elidi
1682 1955 1720 1984 et

252 1992 366 2025 locum
383 1993 431 2026 sic
445 1993 511 2034 legi
529 2003 538 2025 :
563 1993 741 2026 Immiscuit
753 1993 1051 2035 pavonumfomoso
1062 1993 1170 2035 gregi,
1185 1998 1224 2026 ut
1239 1994 1408 2027 immiscuit
1421 1999 1569 2037 ponatur
1607 2003 1646 2027 ro
1658 1995 1719 2028 im·

251 2035 378 2068 miscuit
392 2046 436 2077 se,
461 2036 652 2078 cujusmodi
678 2036 908 2070 intransitivis
929 2037 1109 2069 Lucretius
1124 2047 1216 2078 saepe
1235 2047 1316 2070 usus
1332 2038 1390 2079 sit,
1404 2042 1441 2070 et
1455 2037 1553 2079 Virg.
1569 2005 1648 2073 ἐπὶ.
1664 2045 1718 2072 11.

251 2081 328 2110 372.
373 2080 557 2120 Scioppius
573 2083 610 2112 et
626 2078 819 2112 Schefferus
843 2080 945 2111 metri
968 2089 1072 2111 causa
1092 2079 1208 2122 paussm
1228 2080 1452 2122 substituunt,
1466 2088 1707 2122 promuntunum
1765 2102 1770 2109 -

252 2121 405 2155 Frustra.
428 2123 626 2154 Burmanno
642 2123 757 2164 placet
771 2132 779 2153 :
805 2123 847 2155 Se
872 2122 996 2155 miscuit
1021 2129 1174 2164 pavonum
1191 2122 1224 2161 f.
1251 2134 1287 2164 g.
1316 2124 1396 2156 Non
1425 2124 1525 2155 male.
1554 2123 1718 2156 Romulus

252 2164 343 2196 enirn
354 2170 391 2197 et
407 2175 450 2197 ex
466 2165 531 2197 hoc
545 2165 707 2198 Vincent.
723 2166 848 2197 miscuit
861 2175 894 2197 se
905 2165 1000 2206 gregi
1013 2175 1180 2207 pavonum,
1195 2170 1230 2201 et
1245 2166 1332 2198 Hor.
1346 2165 1414 2199 Od.
1429 2176 1455 2201 1.
1471 2169 1501 2199 1.
1515 2167 1526 2185 ‘
1539 2166 1601 2199 Me
1615 2166 1718 2199 bede-

251 2215 299 2239 rae
315 2208 380 2239 Dis
404 2208 550 2240 miscent
576 2209 709 2250 superis
722 2208 742 2247 ;'
765 2207 966 2250 Anonymus
983 2213 1098 2240 autem
1115 2208 1186 2240 Nil.
1208 2210 1335 2241 miscuit
1355 2219 1389 2242 ce
1404 2210 1565 2242 Pavonum
1577 2208 1719 2248 formo

248 2251 353 2291 gregi.
399 2251 510 2284 Quam
536 2250 691 2282 dedimus
718 2251 901 2283 lectionem
927 2251 1062 2283 Gudius
1087 2250 1184 2291 fecit,
1210 2251 1393 2284 addicente
1411 2253 1618 2284 Bur-manno.
1660 2252 1717 2285 Sic

251 2293 340 2324 enim
356 2302 423 2325 non
439 2298 572 2326 tantum
595 2303 755 2326 numerus
771 2299 918 2333 constat,
940 2293 999 2325 sed
1021 2293 1159 2325 auribus
1173 2294 1279 2326 etiam
1294 2294 1443 2326 rotunda
1459 2295 1627 2327 suavitate
1639 2304 1715 2336 gra-

251 2335 319 2368 tior
335 2339 465 2368 est.—9
488 2337 686 2377 Fugantque.
712 2337 833 2368 Heins.
871 2337 1051 2378 Figuntque
1070 2337 1161 2368 curis
1185 2336 1341 2368 secundis
1356 2337 1400 2368 ad
1416 2337 1520 2369 Ovid.
1539 2336 1656 2370 Amor.
1671 2346 1715 2370 n.

250 2382 284 2413 5.
308 2381 361 2412 24.
377 2382 480 2422 atque
496 2379 546 2412 ita
562 2380 697 2412 Marcil.
721 2379 763 2411 ad
789 2379 876 2413 Hor.
893 2380 927 2412 d.
943 2379 1045 2420 l.jam
1061 2384 1261 2412 correxerat
1275 2390 1284 2420 ς
1300 2380 1360 2412 sed
1374 2389 1440 2412 non
1456 2379 1582 2422 probat
1596 2380 1715 2414 Burm.

912 2482 1052 2515 NOTAE

250 2552 381 2589 demus.
1054 2561 1074 2590 7
1109 2558 1256 2590 Formosa
1285 2568 1319 2590 se
1348 2558 1510 2591 Pavonum
1545 2550 1715 2592 immiscuit

292 2611 313 2640 4
339 2609 470 2641 Tumens
497 2608 585 2640 inani
617 2606 772 2641 Graculus
799 2607 956 2649 superbia]
1007 2609 1117 2650 gregi]
1147 2609 1193 2650 [Ι.
1209 2619 1242 2641 se
1255 2610 1294 2642 P.
1302 2609 1334 2649 f.
1344 2610 1396 2652 g.]
1421 2611 1499 2643 Vox
1519 2610 1579 2642 illa
1594 2610 1714 2642 immis-

249 2654 443 2701 'Descripsit
478 2660 544 2691 hoc
582 2658 774 2691 Corniculae
811 2657 955 2690 inform·
1008 2660 1075 2692 cuit
1104 2661 1167 2692 hoc
1193 2661 1270 2693 loco
1301 2666 1353 2693 est
1375 2659 1599 2703 τρωύλλειβος.
1653 2655 1712 2692 Ita

248 2709 342 2742 nium
371 2711 421 2742 his
451 2710 607 2743 versibus
636 2710 759 2743 Horat.
786 2711 955 2743 ‘Moveat
1006 2711 1131 2753 Virgil.
1170 2711 1181 2729 ‘
1205 2711 1490 2755 Miscueruntque
1521 2710 1645 2745 herbas
1673 2715 1711 2743 et

248 2760 434 2802 Cornicula
454 2761 558 2794 risum
584 2761 732 2795 Furtivis
754 2760 884 2795 nudata
898 2771 954 2795 co·
1007 2770 1077 2795 non
1100 2760 1241 2794 innoxia
1260 2760 1391 2793 verba.'

247 2810 403 2844 loribus!
