1806 3236
283 179 371 222 414

327 286 537 328 Peregrinam
550 285 718 327 volucrem]
746 285 805 319 Sic
820 290 922 319 vocat
935 286 991 319 Ci-

285 337 432 377 coniam‚
441 347 519 379 quae
531 340 569 368 et
581 336 704 368 Publio
715 336 804 378 Syro
816 336 908 378 apud
923 336 990 373 Pe-

285 387 436 421 tronium
449 386 534 419 Arb.
550 390 605 419 est
627 386 638 404 ‘
654 386 844 428 Peregrina
855 386 992 430 hospita

285 438 385 480 Avis,
400 439 481 471 exul
494 437 628 478 hiemis,
643 437 764 470 titulus
779 438 891 480 tepidi
907 442 992 471 tem·

286 488 401 532 poris.'
444 488 557 520 Varro
581 487 647 520 hoe
663 497 770 529 genus
793 498 874 520 aves
894 489 905 507 ⁴
921 487 993 521 Ad-

286 539 401 572 venas’
422 539 577 581 appellat
596 538 660 580 (de
687 538 739 571 Re
763 538 906 571 Rustica
930 538 994 572 lib.

286 598 343 623 ιιι.
365 600 398 623 c.
411 587 463 632 ὅ.)
485 588 607 631 quibus
631 588 642 607 ‘
656 588 879 621 vernaculas’
900 589 995 622 volu·

226 683 229 687 ¹
287 649 362 673 cres
376 639 535 682 opponit.
571 639 661 671 Ritt.

330 694 373 725 12
395 691 462 724 Sua
476 690 618 733 quisque]
654 689 795 732 Active,
817 693 895 733 quae
921 690 997 733 quis

287 742 412 776 statuit
426 742 462 774 in
477 741 573 773 alios.
616 741 698 774 Pati
718 741 917 784 eleganter:
939 751 996 784 pa-

289 795 315 826 ti
325 794 510 835 exemplum,
524 791 604 835 quia
617 801 709 834 saepe
722 801 856 834 poenam
870 795 907 824 et
918 802 998 835 sup-

287 844 428 887 plicium
441 847 550 887 notat,
565 853 631 887 quo
647 842 834 886 respicitur
848 844 913 877 hac
927 842 997 876 for.-

753 191 897 223 NOTAE
926 192 1194 225 VARIORUM
1229 193 1281 224 1N

1043 287 1146 320 mula.
1169 287 1277 328 Schef.

1085 337 1151 370 Sua
1166 339 1292 381 quisque
1306 337 1461 381 exempla]
1486 337 1545 372 Sic
1561 337 1646 372 alias
1663 337 1750 372 diei-

1044 392 1125 421 tur:
1162 389 1172 407 ⁴
1190 388 1326 422 Debere
1363 398 1639 432 unumquemque
1675 398 1751 423 eam

1044 438 1157 480 legem
1183 439 1268 481 pati,
1292 449 1394 482 quam
1423 439 1500 482 ipse
1528 439 1673 472 tulerit=
1702 439 1752 472 Et

1045 488 1139 532 quod
1154 489 1298 532 quisque
1307 489 1397 532 juris
1410 490 1446 522 in
1461 490 1607 523 alterum
1621 493 1752 523 statne-

1045 540 1104 582 rit,
1116 545 1156 573 ut
1169 541 1245 583 ipse
1260 541 1379 574 eodem
1388 541 1471 584 jure
1481 540 1624 575 utatur!
1650 541 1753 576 Quod

1047 591 1200 624 edietum
1226 601 1390 625 summam
1411 592 1540 625 babere
1555 592 1753 636 aeqnitatem

1048 643 1169 675 scribit
1200 643 1338 686 Ulpian.
1382 643 1467 686 Leg.
1501 652 1528 676 ι.
1560 644 1605 678 D.
1650 645 1755 680 Quod

1048 694 1192 737 quisque
1210 694 1312 737 juris.
1337 695 1412 727 Imo
1427 695 1542 729 inhoe
1565 694 1640 728 fere
1662 705 1753 729 sum-

1048 754 1139 777 mam
1158 745 1308 788 justitiae
1334 746 1522 779 consistere
1536 746 1585 780 ait
1608 747 1755 781 Iactan-

1050 795 1118 829 tius
1133 796 1194 830 lib.
1210 806 1260 831 vr.
1274 799 1329 831 23.
1345 800 1383 831 et
1397 797 1548 841 Epitom.
1564 800 1646 835 ed.
1669 797 1756 832 Βία.

767 1108 893 1154 FAB
904 1109 1029 1154 ULA
1077 1109 1299 1154 XXVII.

333 1243 351 1273 1
376 1241 457 1282 Res]
487 1241 497 1259 ⁴
514 1240 691 1274 Fabulam’
706 1246 743 1275 et
771 1242 781 1261 ‘
797 1242 997 1284 Fabellam,'

234 1325 236 1327 ,
289 1295 327 1324 et
354 1292 365 1310 ‘
382 1292 649 1333 Narrationem,’
676 1297 714 1325 et
743 1293 754 1311 ‘
770 1293 1000 1336 Exemplum’

290 1342 373 1374 alias
388 1347 501 1376 vocat.
549 1343 619 1376 Sed
642 1348 678 1377 et
700 1344 750 1377 sic
774 1353 880 1386 supra
898 1354 928 1378 c.
944 1347 999 1378 14.

288 1393 390 1425 ‘Hae
419 1403 457 1426 re
480 1394 748 1437 probatur,'&e.
780 1395 887 1435 Schef.
932 1395 999 1428 Res

288 1447 343 1475 est
356 1443 434 1485 ipsa
447 1442 574 1477 fabulae
581 1445 736 1487 materia,
746 1449 997 1487 argumentum.

287 1492 363 1526 Lib.
385 1503 422 1527 v.
446 1495 534 1536 prol.
555 1498 565 1514 ‘
582 1496 673 1528 Usus
699 1500 837 1529 vetusto
858 1506 999 1539 genere,

288 1543 348 1576 sed
364 1544 467 1577 rebus
478 1545 595 1578 novis!

334 1595 542 1637 Conveniens]
580 1596 753 1629 Continens
774 1597 860 1639 legit
882 1597 996 1631 Gebh.

290 1646 395 1688 Crep.
412 1656 469 1679 ιιι.
487 1650 540 1679 10.
556 1651 594 1680 et
609 1647 674 1680 sibi
697 1648 831 1689 plaudit
856 1647 891 1680 in
907 1649 998 1682 locu-

288 1696 382 1728 tione
407 1696 480 1729 sine
514 1697 584 1729 ullo
608 1698 766 1739 exemplo
791 1697 934 1730 inventa
961 1703 999 1731 et

288 1747 439 1780 Phaedro
478 1748 631 1781 obtrusa.
672 1748 743 1780 Sed
774 1748 907 1780 dictum
943 1754 998 1782 est

288 1798 393 1830 avaris
414 1799 606 1839 conveniens,
632 1808 705 1840 pro,
721 1799 755 1830 in
775 1808 894 1831 avaros
918 1808 998 1832 con·

290 1848 442 1890 veniens,
467 1852 507 1880 ut
528 1849 711 1881 Terentius
740 1854 777 1882 et
804 1850 930 1883 Cicero
958 1854 996 1884 et

230 1908 235 1915 ·
288 1898 410 1940 Nepos
442 1903 558 1931 amant
586 1899 690 1942 loqui.
746 1900 879 1933 Fabula
911 1910 995 1943 ergo

288 1953 372 1990 apta
387 1953 425 1981 et
439 1949 699 1982 accommodata
709 1955 763 1983 est
777 1950 900 1983 avaris.
944 1951 995 1983 Si·

288 1999 359 2031 mili
380 1998 455 2032 fere
477 2009 593 2041 sensu,
617 1999 678 2032 sed
702 2000 789 2032 mira
812 2000 996 2043 locutione,

283 2049 404 2090 judice
413 2049 569 2091 Barthio‚
580 2050 670 2092 apud
683 2050 776 2083 Stat.
791 2051 901 2084 Theb.
915 2061 997 2086 vm.

287 2102 363 2132 296.
408 2100 589 2142 Sacerdos,
605 2101 679 2143 jam
707 2105 847 2134 ornatus
857 2102 997 2144 insigni-

287 2150 350 2182 bus
365 2151 447 2193 suis,
457 2150 597 2194 dicitur,
610 2156 620 2170 ‘
636 2152 831 2185 Convenire
845 2153 948 2195 Diis,'
959 2153 996 2187 id

288 2204 353 2241 est,
369 2200 460 2233 visus
475 2205 589 2243 aptus,
603 2201 684 2243 quia
703 2201 926 2235 sacerdotalis
940 2203 997 2236 ha-

288 2250 381 2282 bitus
406 2260 484 2283 eum
511 2251 652 2292 decuit;
674 2256 714 2284 ut
739 2253 850 2286 Vetus
879 2253 994 2287 schol.

287 2301 346 2333 Sic
371 2301 518 2334 Ovidius
543 2302 645 2335 Trist.
670 2312 697 2337 1.
727 2306 758 2335 1.
807 2305 818 2322 ‘
836 2304 915 2337 Non
942 2309 996 2338 est

287 2352 494 2383 conveniens
532 2352 680 2385 luctibus
711 2353 769 2385 ille
798 2354 893 2386 color
903 2354 925 2386 :’
958 2359 996 2388 et

286 2406 404 2434 noster
418 2402 479 2435 lib.
495 2412 553 2435 111.
576 2404 663 2446 prol.
696 2405 706 2422 ‘
724 2404 825 2439 Quod
850 2415 996 2447 occupa-

1094 1242 1247 1284 Student]
1267 1242 1407 1275 Terent.
1421 1241 1552 1284 Hecyr.
1566 1249 1608 1273 ιι.
1625 1242 1657 1274 1.
1677 1239 1688 1259 ‘
1704 1241 1755 1273 Ut

1051 1301 1167 1325 omnes
1186 1293 1346 1324 mulieres
1369 1291 1489 1324 eadem
1516 1299 1615 1334 aeque
1639 1289 1755 1323 stude-

1052 1346 1128 1383 ant;
1158 1342 1228 1375 'ubi
1243 1343 1405 1376 Donatus
1417 1353 1428 1375 z
1449 1343 1460 1362 ‘
1476 1340 1624 1384 Majoris
1639 1350 1754 1383 operae

1051 1397 1105 1426 est
1119 1393 1270 1433 studere,
1284 1402 1387 1435 quam
1402 1390 1515 1425 velle!
1535 1391 1642 1425 Axom

1094 1447 1114 1477 3
1139 1443 1322 1486 Effodiens]
1358 1443 1438 1477 Cibi
1463 1442 1598 1476 scilieet
1622 1442 1757 1484 gratia;

1051 1493 1183 1526 ossibus
1210 1493 1301 1526 enim
1325 1493 1557 1526 delectantur.
1601 1492 1694 1525 Hinc
1720 1492 1759 1525 il-

1051 1545 1111 1577 lud
1126 1544 1217 1587 apud
1235 1543 1423 1577 Arnobinm
1448 1542 1509 1576 lib.
1529 1552 1597 1576 vn.
1640 1543 1652 1562 ‘
1670 1542 1759 1575 Cum

1052 1597 1272 1638 imponerent
1286 1605 1389 1628 canes
1403 1593 1503 1635 ossa‚'
1514 1593 1680 1627 altaribus
1695 1592 1758 1626 sci-

1050 1646 1147 1687 licet,
1170 1646 1379 1678 honorantes
1404 1644 1518 1686 rebus,
1538 1645 1549 1662 ‘
1564 1643 1686 1687 quibus
1713 1643 1759 1675 ali

1051 1698 1155 1731 moris
1176 1703 1229 1730 est
1253 1697 1345 1738 illis‚'
1374 1701 1414 1730 ut
1436 1700 1688 1739 proeeesserat3
1721 1700 1758 1728 et

1051 1749 1142 1790 apud
1170 1752 1323 1781 nostrum
1346 1746 1438 1779 infra
1450 1755 1510 1780 ιιι.
1523 1749 1556 1779 8.
1582 1746 1757 1785 demensa

1050 1802 1061 1817 ⁴
1079 1809 1139 1831 sua
1154 1799 1215 1831 dat
1228 1808 1308 1831 ossa
1322 1797 1500 1830 dominus-³
1519 1795 1627 1836 Schef.

1096 1848 1302 1890 The-murum]
1339 1848 1410 1880 Ms.
1429 1847 1654 1880 Themaurum.
1699 1847 1757 1880 Ita

1048 1900 1257 1942 posteriores
1281 1898 1459 1940 scripsisse
1486 1898 1589 1931 docet
1610 1897 1755 1932 Salmas.

1049 1950 1093 1982 ad
1109 1950 1258 1992 Capitol.
1275 1949 1407 1982 Pertin.
1421 1958 1453 1981 c.
1469 1951 1501 1981 8.
1519 1953 1560 1981 nt
1582 1949 1593 1967 ‘
1610 1948 1757 1982 Fimbri·
1805 1967 1806 1970 =

1048 2000 1097 2033 as’
1115 2010 1191 2042 pro,
1206 2000 1364 2039 Fibrias;
1397 1999 1408 2017 ‘
1423 1997 1657 2031 Formonsnm’
1681 2007 1760 2040 pro,

1048 2052 1260 2084 Formosum.
1312 2050 1370 2083 Sic
1397 2049 1457 2082 lib.
1485 2057 1529 2082 11.
1561 2047 1633 2083 fab.
1658 2051 1692 2081 4.
1719 2048 1757 2083 in

1048 2102 1118 2135 Ms.
1133 2106 1187 2134 est
1197 2102 1207 2120 ‘
1217 2099 1376 2134 Nancta'
1391 2109 1468 2142 pro,
1482 2099 1612 2132 Nacta.
1638 2099 1725 2133 Gna.

1090 2155 1112 2185 4
1135 2153 1183 2185 Et
1197 2151 1343 2192 violavit]
1378 2150 1506 2193 Maj0ri
1529 2149 1684 2192 emphasi
1708 2150 1758 2182 le·

1049 2207 1202 2246 geretur,
1227 2206 1262 2235 at
1289 2201 1431 2235 violavit.
1472 2199 1589 2233 schef.
1650 2199 1757 2233 Viozat

1048 2254 1092 2288 V.
1108 2254 1149 2287 C.
1165 2254 1261 2286 Pith.
1297 2252 1413 2286 Heins-
1457 2251 1564 2284 Forte
1585 2250 1756 2293 scriptum

1049 2303 1118 2337 fuit
1146 2303 1257 2346 violat,
1285 2312 1364 2345 pro,
1384 2301 1532 2335 violarat.
1576 2300 1754 2334 Immerito

1049 2361 1167 2388 autem
1189 2354 1280 2386 visus
1305 2363 1381 2386 sum
1404 2353 1660 2394 Hoogstratano
1685 2350 1754 2383 vim

1048 2405 1164 2437 versui
1188 2404 1335 2438 voluisse
1359 2402 1474 2436 facere
1500 2403 1564 2435 hac
1585 2411 1662 2434 mea
1675 2411 1755 2434 con-

287 2453 331 2485 tis
347 2452 484 2485 auribus
499 2463 568 2486 non
587 2454 770 2487 convenit!
794 2454 875 2487 Vid.
890 2460 927 2488 et
942 2464 993 2489 lv.
1041 2456 1195 2498 jectura,
1221 2464 1299 2487 cum
1326 2455 1397 2495 ille,
1420 2453 1557 2486 etiamsi
1582 2452 1752 2485 scribatur

289 2506 343 2536 19.
360 2507 397 2536 et
408 2512 443 2536 v·
457 2506 490 2537 6.
506 2508 543 2536 et
558 2514 662 2546 quem
675 2505 762 2536 non?
791 2504 907 2540 Rurm.
941 2519 943 2522 ¹

329 2557 350 2586 2
374 2554 535 2596 Humiles]
567 2555 802 2597 Opponuntur
824 2555 881 2587 hie
901 2555 993 2588 locu-

285 2606 450 2649 pletibus,
468 2608 542 2639 nati
555 2608 591 2639 in
612 2608 730 2640 humili
754 2612 790 2640 et
806 2608 901 2640 tenui
926 2607 995 2640 for-

287 2661 383 2699 tuna,
401 2666 580 2699 pauperes.
628 2658 684 2689 Sic
710 2657 847 2690 videtur
873 2662 910 2690 et
935 2658 993 2691 Ci-

287 2716 367 2739 cero
382 2718 561 2750 usurpasse
577 2708 634 2740 De
652 2707 722 2741 Off.
735 2717 776 2742 11.
803 2707 861 2743 ubi
877 2709 990 2751 plura.

287 2757 393 2797 Schef.
417 2758 498 2791 vid.
514 2758 584 2792 fab.
601 2761 655 2791 30.

1046 2506 1143 2539 violat
1159 2516 1222 2549 per
1248 2505 1486 2547 compendium
1512 2513 1587 2545 pro,
1604 2503 1752 2543 violarat,

1047 2562 1140 2589 stare
1165 2556 1306 2598 poterit,
1327 2555 1356 2588 si
1383 2555 1418 2586 in
1438 2554 1583 2596 legendo
1606 2554 1754 2596 violarat,

1047 2607 1306 2649 pronuntiatur.
1359 2604 1460 2638 Quod
1495 2612 1550 2635 me
1591 2603 1750 2645 sensisse,

1048 2656 1174 2688 docent
1199 2655 1306 2688 verba
1327 2655 1403 2696 ipsa
1428 2654 1580 2694 Phaedri,
1597 2657 1635 2685 ut
1659 2663 1679 2685 a
1693 2664 1749 2687 me

1045 2706 1140 2740 edita
1167 2705 1278 2747 fuere,
1304 2706 1362 2738 ubi
1384 2705 1509 2737 violavit
1525 2705 1662 2738 retinui.
1705 2705 1750 2740 In

1045 2757 1166 2791 codice
1191 2766 1274 2799 ergo
1299 2755 1428 2789 Pithoni
1448 2765 1469 2787 a
1484 2755 1627 2788 librario
1650 2754 1750 2793 viem
