1806 3236
228 223 319 268 724
594 233 858 266 Rsscssnsus
891 233 1176 266 nonnosum
1211 234 1428 267 putenm.

285 337 405 380 1737
415 332 570 373 Phaedri
588 333 764 374 Fabulae.
784 334 886 374 Cum
905 333 1193 374 commentariis
1221 334 1426 375 Variorum
1445 335 1572 418 edidit
1585 334 1693 380 Petr.

227 399 487 438 Burmannus.
507 399 802 439 Amstelodami.
821 404 860 440 4.

281 485 334 492 -—
361 461 514 502 Phaedri
530 463 705 504 Fabulae.
726 462 920 516 Lugduni.
943 470 981 504 8.

284 533 385 574 1738
417 529 462 567 Ρ.
481 527 654 568 Terentii
670 528 900 576 Comoediae,
928 528 1083 569 Phaedri
1102 529 1262 569 Fabulae
1281 531 1465 583 AEsopiae·
1478 531 1524 570 P.
1545 530 1634 584 Syri
1648 539 1694 571 et

227 592 389 632 aliorum
404 598 576 632 veterum
597 594 821 642 Sententiae,
837 606 885 633 ex
903 607 1055 634 recens.
1083 600 1124 634 et
1153 608 1241 634 cum
1261 596 1365 635 notis
1381 596 1496 636 Rich.
1515 596 1693 637 Bentleii.

226 658 408 706 Londini‚
444 659 549 710 apud
577 660 615 700 J.
633 665 674 698 et
708 660 754 698 P.
786 659 987 712 Knapton.
1005 664 1032 699 4
1036 659 1174 698 ..—-Ed
1196 670 1270 700 111.
1297 660 1390 700 Vid.
1409 673 1471 700 an
1506 660 1622 708 1726.
1650 666 1695 702 et

230 727 348 769 1727-

278 810 334 817 --
346 788 504 828 Phaedri
525 789 759 830 Fabularum
778 789 886 830 Libri
904 800 948 829 V.
976 790 1191 829 Recensuit
1220 796 1260 829 et
1278 789 1384 829 facili
1405 790 1610 840 solumque
1623 800 1693 841 pa-

225 853 401 904 raphrasi
429 854 468 893 in
489 867 601 894 usum
619 855 842 894 scholarum
875 855 1058 907 exposuit
1082 855 1145 894 Jo.
1181 854 1273 894 Nic.
1295 854 1500 894 Funccius.
1521 852 1693 901 Rintetii,

225 916 367 957 litteris
386 925 426 958 et
445 925 561 958 sumt.
581 921 644 959 Jo.
666 919 836 959 Godofr.
857 920 984 959 Enax.
1006 926 1045 960 8.
1605 934 1615 937 “

279 1004 334 1012 —
345 983 502 1023 Phaedri
521 984 690 1024 Fabulae.
706 985 812 1024 Cura
829 986 892 1025 Jo.
914 985 1086 1037 Stin-ling.
1106 983 1289 1023 Londini.
1305 989 1344 1024 8.

278 1061 436 1088 -cum
455 1048 560 1089 notis
591 1051 731 1089 Germ.
753 1050 838 1089 Em.
859 1049 1022 1089 Sinceri.
1045 1051 1237 1102 Augustae
1259 1050 1378 1089 Vind.
1409 1062 1476 1102 ap.
1498 1049 1621 1088 Men.
1652 1054 1694 1092 et

227 1113 378 1166 Meyer.
402 1120 441 1155 8.

282 1183 386 1226 1739
414 1178 572 1218 Phaedri
593 1179 830 1219 Fabularum
857 1180 993 1232 AEsop.
1015 1179 1122 1219 Libri
1156 1191 1200 1219 v,
1235 1192 1340 1219 nunc
1374 1179 1505 1219 denuo
1534 1179 1629 1219 editi
1655 1178 1699 1219 iu

225 1254 340 1280 usum
368 1243 599 1283 Scholarum
627 1244 790 1295 piarum,
819 1259 911 1285 cum
945 1246 1062 1285 notis.
1105 1245 1323 1292 Florentiae,
1357 1258 1407 1284 ex
1433 1243 1698 1297 typographia

225 1305 333 1345 Petri
354 1307 532 1347 Caietani
557 1309 721 1349 Viviani.
745 1310 1016 1358 12.-Editor,
1030 1311 1074 1350 P.
1095 1309 1288 1349 Leonard.
1307 1310 1510 1362 Targioni,
1539 1307 1697 1349 rescidit

224 1372 426 1420 nonnulla,
449 1385 539 1424 quae
570 1386 780 1425 puerorum
796 1376 946 1427 pudori
973 1375 1117 1414 obesse
1133 1375 1318 1427 putabat,
1346 1388 1570 1427 vocumque
1597 1373 1698 1414 diffi-

225 1434 403 1478 ciliorum
422 1437 797 1489 interpretationem,
816 1441 949 1492 lingua
967 1440 1106 1479 Itaiica
1125 1440 1326 1491 scriptam,
1346 1440 1510 1492 adjecit.

278 1523 334 1530 —
359 1502 581 1542 Trombelli
596 1503 717 1542 editio
741 1509 856 1550 1735.
875 1506 1043 1556 repetita.
1060 1504 1248 1544 Venetiis.
1272 1511 1311 1546 8.

283 1571 388 1611 1740
415 1566 575 1606 Phaedri
591 1566 829 1607 Fabularum
849 1570 983 1622 AEsop.
1006 1568 1112 1608 Libri
1138 1579 1182 1607 v·
1202 1567 1266 1607 Ad
1286 1569 1488 1622 exemplar
1506 1569 1700 1608 Burman-

226 1629 384 1669 nianum
401 1632 611 1680 recensuit,
632 1646 803 1685 suasque
822 1635 1094 1675 annotationes
1115 1633 1264 1685 adjecit
1287 1635 1351 1674 Jo.
1382 1633 1505 1673 Mich.
1528 1634 1700 1675 Heusin-

226 1707 309 1747 ger.
330 1696 492 1737 Iseuaci.
516 1695 728 1737 8.-—Utilis
745 1698 880 1738 editio.

279 1760 502 1800 —Phaedri
519 1767 560 1800 et
574 1763 602 1800 F
606 1762 630 1800 l.
652 1763 790 1801 Aviani
811 1764 985 1811 Fabulae,
1013 1778 1103 1804 cum
1123 1764 1441 1804 annotationibus
1471 1763 1523 1802 ad
1554 1769 1701 1803 utrum·

228 1837 318 1876 que.
375 1826 585 1865 Accedunt
603 1827 763 1865 Fabulae
782 1829 951 1876 Graecae,
972 1829 1121 1868 Latinis
1148 1829 1441 1880 respondentes,
1467 1833 1507 1867 et
1538 1826 1700 1867 Homeri

227 1889 479 1930 Batrachom.
509 1891 673 1930 Patavii.
699 1898 761 1932 12.

276 1977 331 1986 --·
346 1955 502 1994 Phaedri
524 1956 756 2009 Fabularum
778 1958 913 2009 AEsop.
932 1957 1037 1997 Libri
1056 1969 1098 1997 v,
1120 1970 1213 1997 cura
1225 1957 1332 1998 Petr.
1350 1955 1578 1997 Burmanni.
1597 1957 1699 2008 Lng-

226 2019 324 2060 duni
339 2022 425 2061 Bat.
446 2021 553 2074 apud
573 2021 790 2074 Langerak.
810 2023 1115 2063 12.—Burman.
1137 2034 1192 2062 11.
1213 2021 1295 2062 sine
1314 2021 1434 2061 notis.

277 2108 332 2116 ——-
346 2086 506 2126 Fabulae
523 2087 714 2138 AEsopi=ac
734 2087 889 2127 Phaedri
906 2088 1073 2128 selectae.
1090 2089 1280 2134 Gemvae,
1295 2087 1403 2140 apud
1421 2085 1475 2125 du
1486 2084 1646 2125 Vinard.
1663 2090 1702 2127 8.

283 2166 382 2207 1741
415 2162 574 2202 Phaedri
594 2164 766 2210 Fabulae,
787 2178 835 2203 ex
867 2164 932 2204 ed.
954 2165 1054 2205 Dav.
1085 2162 1380 2217 Hoogstratani.
1413 2159 1632 2201 Amstelod.
1663 2165 1700 2200 8.

225 2225 395 2266 —Confi
415 2239 479 2266 an.
505 2232 622 2273 1701.

282 2313 335 2321 -—
358 2290 514 2331 Phaedri
543 2293 781 2332 Fabularum
826 2295 960 2346 AEsop.
997 2294 1103 2335 Libri
1130 2306 1172 2335 v,
1207 2306 1300 2333 cura
1341 2292 1447 2331 Petr.
1477 2289 1703 2329 Burmanni.

230 2354 429 2409 Glasguae,
460 2357 565 2409 apud
582 2358 690 2397 Urie.
714 2364 776 2398 12.

283 2421 504 2460 -Phaedri
522 2422 698 2461 Fabulae.
720 2423 892 2463 Accedit
920 2423 1089 2463 Avienus
1110 2430 1150 2463 et
1165 2421 1324 2461 Fabulae
1346 2419 1526 2473 quaedam
1544 2419 1702 2461 Graecae

231 2490 273 2525 et
291 2484 450 2525 Latinae.
474 2487 628 2527 Etonae.
651 2488 894 2527 3.—Passim
916 2488 1112 2541 adspersae
1133 2488 1293 2527 notulae.

290 2555 390 2596 1742
419 2549 575 2590 Phaedri
609 2552 843 2591 Fabularum
862 2553 1054 2603 AEsopiar.
1094 2553 1204 2591 Libri
1237 2563 1279 2590 V.
1307 2550 1358 2590 ad
1389 2549 1560 2602 optimas
1588 2552 1706 2599 quas·

232 2627 308 2665 que
337 2614 528 2655 editiones
548 2617 755 2664 emendati,
789 2620 926 2670 (opera
941 2618 1005 2656 Jo.
1027 2619 1145 2669 Bapt.
1166 2618 1201 2656 le
1223 2614 1425 2663 Maserier)
1456 2626 1547 2653 cum
1566 2611 1704 2651 Aviani

232 2676 377 2717 fabulis
397 2684 437 2718 et
455 2680 501 2720 P.
522 2681 605 2732 Syri
644 2681 864 2721 Sententiis.
887 2682 1063 2729 Parisiis,
1096 2682 1200 2734 apud
1231 2679 1461 2726 Coustelier‚
1492 2676 1596 2732 typis
1617 2675 1702 2715 Jos.

235 2739 409 2787 Barbou.
428 2745 684 2787 12.—-Nitida
704 2746 839 2796 editio,
856 2747 923 2787 sed
941 2746 1053 2787 valde
1068 2747 1267 2787 mendosa.
