1806 3236
420 178 622 214 rnAEnm
656 180 763 212 ΜΒ.
795 179 1102 215 assemanum
1123 183 1235 217 vmn.
1268 184 1302 217 1.
1333 174 1405 218 29.

156 271 362 318 Sedpuoea
371 280 449 309 eam
459 276 700 319 conjecturam
712 277 868 312 induxit:

157 333 227 360 non
241 328 357 361 nutu
369 335 446 361 eam
458 332 544 370 puto
555 330 790 363 temerariam.
800 357 803 360 Α
812 331 873 364 Ita

157 375 368 413 avua-iu·
392 378 490 412 Max.
507 379 567 414 lib.
592 389 634 415 11.
660 384 714 414 10.
732 384 764 414 2.
779 381 872 416 dixit

153 425 166 444 ⁸
179 425 347 463 Morem
371 428 492 463 ulcisci
503 430 524 463 ς’
558 435 595 464 et
620 431 727 464 Ovid.
748 432 870 466 Amor.

155 486 210 517 u..
225 480 280 513 1⁴.
306 481 362 513 82.
392 480 404 499 ‘
417 480 563 515 Jactura
586 482 674 516 socii
695 483 871 526 sanguinis

155 527 240 569 nita.
255 531 401 566 virum?
437 538 476 567 et
498 535 642 568 Remed.
666 538 719 570 60.
752 537 763 555 ‘
781 537 874 571 Quae.

155 581 244 617 socii
253 583 385 632 damno
397 585 572 628 sanguinis
583 587 658 620 ulta
669 587 778 621 virum
788 587 871 622 est?

155 643 260 678 quem
270 635 388 669 locum
402 637 587 671 Heinsium
601 639 796 681 respexisse
810 649 871 682 pu-

156 689 207 719 to.
229 686 419 729 Eleganter
440 688 546 722 etiam
568 690 684 723 damu
709 690 745 723 in
770 690 872 726 simili

157 745 198 770 re
212 737 359 772 Ovidius
374 739 477 782 dixit,
491 741 582 774 Met.
597 751 666 775 ιιι.
682 745 735 776 16.
767 742 777 760 ‘
795 743 872 776 Ma-

155 791 247 823 trem
275 789 408 824 circum
432 801 494 825 sua
522 792 647 826 damna
675 793 870 827 volantem!

156 839 300 875 nauem
325 847 442 877 tamen
467 844 766 887 liicvtrauspositis
781 845 873 878 voci-

158 889 224 924 bus
247 891 391 936 legere:
431 894 584 928 Dolorem
608 895 734 928 hostilis
759 897 872 929 damno

155 943 308 983 ulciscens
332 946 518 988 ωας-αἰκίας
550 947 617 981 nisi
642 949 720 992 quis
737 959 781 982 ex
798 959 873 982 cas-

157 1004 291 1029 eorum·
303 997 486 1031 verborum
516 1000 730 1033 amatoribus
746 1001 874 1034 ‚Hostis

156 1045 287 1089 legere,
302 1051 342 1081 et
355 1057 419 1091 pro
444 1048 584 1082 Hodilis
598 1060 727 1093 capere
748 1052 871 1085 vellet:

156 1100 200 1130 nt
212 1097 266 1130 ita
288 1099 377 1132 sumi
391 1099 539 1145 vidimus
554 1101 598 1134 ad
612 1101 753 1137 Quinct.
768 1102 872 1136 Decl.

126 1184 131 1190 ¹
155 1155 320 1183 cumn.
353 1149 459 1183 Certe
488 1151 580 1194 baec,
601 1153 660 1196 qui
677 1153 783 1196 sapit,
798 1164 871 1196 prae

153 1197 236 1241 illia,
249 1200 386 1234 dolorem
401 1202 514 1236 danao
532 1203 678 1245 injiciens
695 1206 870 1247 sang-uinis,

155 1249 335 1294 probabit,
348 1262 427 1296 quae
443 1263 464 1286 a
479 1254 618 1297 scriptis
639 1260 678 1289 et
700 1256 804 1289 editis
819 1266 872 1290 re·

155 1300 287 1336 cedunt
311 1302 466 1346 longius:
490 1309 527 1338 et
553 1314 598 1339 ex
623 1298 762 1342 Heinsii
785 1308 872 1342 ciens

156 1358 348 1401 propagata
362 1360 455 1391 sunt.
477 1357 594 1392 Burm.

165 1442 167 1445 ⁸
200 1404 355 1439 Dolorem
378 1407 512 1441 miscens
534 1410 662 1453 damno]
697 1410 740 1442 Id
753 1414 820 1453 est,
835 1415 872 1444 et

157 1454 277 1490 dolore
301 1457 434 1491 bostem
457 1458 575 1493 affecit
601 1465 638 1493 et
665 1460 802 1495 damno.
819 1462 870 1495 Fl.

155 1506 430 1550 Vopis.wAure1.
466 1510 477 1529 ‘
495 1511 662 1544 Dolorem
684 1513 870 1546 miscentes

157 1557 337 1592 beneficiis
348 1563 387 1593 et
402 1559 549 1594 officiis?
573 1561 661 1595 Gud.

167 1636 170 1639 .
201 1608 394 1659 Sanguinis]
417 1610 545 1652 Prona,
571 1613 754 1654 pullorum.
800 1614 870 1647 No-

158 1663 232 1696 tmii
257 1665 322 1694 eat.
355 1661 466 1702 Sem.
513 1663 571 1695 Sic
596 1673 691 1707 saepe
711 1665 872 1698 Valerius

156 1709 344 1759 Maximus.
389 1711 566 1755 Imprimis
581 1713 640 1748 lib.
657 1724 690 1748 v.
706 1718 739 1748 9.
755 1719 793 1749 et
820 1718 873 1749 10.

157 1760 275 1796 Heius.
306 1763 403 1797 -Vide
417 1763 570 1797 adducta
585 1765 629 1797 ab
648 1765 795 1799 Axenio.

200 1813 327 1846 Damno
353 1814 536 1858 sanguinis]
574 1815 713 1850 Damno
754 1818 873 1860 prolis,

156 1865 350 1908 progeniei.
396 1866 539 1901 Fratres
567 1866 703 1910 ὅμαιμοι,
728 1878 872 1902 consan-

1552 176 1639 219 419

927 277 1051 321 guinei.
1073 280 1083 299 ‘
1103 280 1274 315 Paternus
1295 285 1541 326 maternusque
1564 293 1641 317 san-

926 330 1025 374 guis‚’
1051 332 1126 366 Cic.
1159 333 1170 351 ‘
1193 333 1374 375 Sanguinis
1401 334 1549 377 pigrum&
1572 335 1642 368 Pe·

926 387 1017 416 tron.
1049 384 1059 402 ‘
1085 383 1263 426 cognatus
1292 385 1456 428 sanguis,’
1486 386 1641 420 Martial-

924 434 1045 476 Epigr.
1076 444 1144 468 xu-
1174 438 1229 469 44.
1265 435 1276 454 ‘
1301 436 1442 479 Longus
1479 437 1642 479 sanguis,’

924 485 1086 519 Juvenal.
1111 486 1187 519 Sat.
1211 495 1297 520 vm.
1320 488 1331 506 ‘
1349 486 1452 520 Altus
1478 487 1642 531 sanguis:

925 535 1132 579 Hieronym.
1149 537 1260 580 Epist.
1273 537 1317 570 ad
1334 537 1562 581 Principiam.
1581 539 1644 574 vEt

925 596 990 629 pro
1017 587 1186 630 sanguine
1209 588 1436 622 Cassiodorus
1457 589 1644 632 elegantis-

927 637 1012 671 sime
1037 648 1149 671 venum
1165 638 1264 674 ,dixit
1292 639 1428 674 Variar.
1454 641 1566 683 Epist.
1581 649 1643 675 ιιι.

926 691 960 722 6.
974 689 984 708 ‘
997 689 1142 723 Saeculis
1152 691 1221 724 suis
1236 691 1399 734 producit
1415 691 1540 725 nobilis
1555 702 1644 726 vena

927 739 1135 782 primarios.'
1172 741 1316 774 Persius
1353 742 1426 776 Sat.
1451 751 1478 775 1.
1514 743 1524 760 ‘
1552 742 1643 788 Haec

927 790 1066 834 fierent,
1092 793 1120 825 si
1146 793 1298 827 testiculi
1314 803 1404 826 vena
1419 795 1490 827 uua
1505 794 1646 837 paterni

928 843 1075 876 Viveret
1101 844 1134 876 in
1161 844 1258 878 nobis
1268 844 1293 877 ?’
1315 845 1390 878 Etsi
1406 845 1512 888 magis
1529 845 1646 878 videa-

928 897 987 926 tur
1003 894 1158 928 alludere
1175 895 1219 928 ad
1236 906 1359 937 venam,
1372 896 1528 929 melioris
1542 906 1646 929 sexus

929 949 1060 988 notam,
1084 950 1123 978 ut
1146 946 1222 979 Sat.
1240 953 1292 980 vr.
1313 949 1323 966 ‘
1341 948 1390 980 Ut
1406 952 1486 980 tuus
1501 948 1568 980 iste
1584 956 1645 980 ne·

929 1006 1002 1039 pos,
1030 997 1110 1030 olim
1138 1002 1236 1030 satur
1264 999 1396 1031 anseris
1423 999 1528 1039 extis,
1556 999 1644 1032 Cum

927 1058 1067 1082 morosa
1081 1059 1168 1091 vago
1184 1050 1368 1093 singultiet
1391 1051 1530 1092 inguine
1546 1060 1646 1092 vena,

928 1099 1092 1133 Patriciae
1114 1100 1268 1133 immeiat
1291 1101 1428 1134 vulvae!
1473 1101 1551 1135 Nec
1576 1110 1646 1135 nou

927 1155 964 1184 et
984 1152 1142 1194 Satyrico
1168 1162 1263 1185 more
1290 1148 1385 1185 dixit‘
1406 1152 1498 1185 idem
1522 1152 1644 1187 eadem

927 1205 999 1238 Sat.
1022 1205 1033 1223 ‘
1050 1205 1082 1238 Ο
1103 1205 1245 1245 medici,
1269 1205 1419 1238 mediam
1444 1205 1646 1248 pertundite

928 1254 1074 1288 venam!
1107 1256 1164 1288 Sic
1190 1256 1223 1288 iu
1246 1256 1432 1298 Priapeis:
1455 1256 1464 1274 ‘
1491 1256 1644 1290 Naiadas

927 1306 1060 1350 antiqui
1076 1307 1311 1350 Dryadasque
1327 1306 1482 1340 habuere
1498 1307 1643 1351 Priapi:

929 1359 975 1391 Et
990 1368 1059 1401 quo
1077 1362 1175 1391 tenta
1190 1359 1260 1391 Dei
1279 1368 1365 1391 vena
1390 1358 1647 1394 subis-enerat!

927 1409 1096 1443 Horatius
1114 1410 1271 1452 Satyrica
1294 1409 1486 1451 eademque
1502 1409 1645 1443 licentia

926 1460 999 1493 Sat.
1015 1464 1047 1493 2.
1072 1461 1130 1494 lib.
1155 1470 1182 1493 1.
1207 1461 1217 1479 ‘
1235 1461 1326 1493 Nam
1349 1461 1447 1493 simul
1474 1471 1516 1493 ac
1542 1471 1644 1494 venat

926 1510 1062 1544 inflavit
1080 1516 1173 1544 tetra
1186 1510 1317 1553 libido,'
1341 1513 1407 1543 &c-
1434 1510 1584 1543 Ovidius
1598 1512 1643 1545 de

926 1559 1015 1595 Arte
1031 1571 1057 1593 1.
1091 1564 1100 1580 ‘
1117 1562 1163 1594 Et
1177 1562 1294 1594 Venus
1322 1562 1357 1593 in
1376 1562 1484 1603 venis,
1504 1562 1592 1605 ignis
1609 1563 1644 1595 in

927 1613 1005 1655 igne
1020 1612 1125 1646 furit?
1149 1613 1228 1655 Rig.

971 1667 1011 1698 11
1038 1664 1179 1706 Pericle]
1204 1664 1271 1697 Ms.
1283 1664 1434 1706 periculo.
1457 1664 1551 1698 Gud.

971 1717 1015 1748 12
1031 1714 1220 1755 Incolumes]
1244 1716 1313 1747 Ms.
1330 1715 1514 1749 Incolumes.
1539 1715 1644 1749 Forte

929 1765 1120 1799 Involucres.
1148 1766 1207 1799 Ita
1223 1766 1347 1808 AEsopo
1363 1765 1431 1800 fab.
1450 1769 1479 1800 1.
1494 1766 1642 1806 ἀπτῆνας

928 1821 965 1850 et
980 1817 1029 1851 sie
1045 1823 1116 1851 vet.
1133 1818 1258 1861 interp.
1285 1817 1371 1850 Gud.

638 2098 899 2179 mmm
946 2133 1156 2180 xxm.

202 2271 324 2308 Asiam
335 2274 474 2309 irrideas
487 2275 615 2318 parum]
646 2277 749 2310 Hanc
772 2276 872 2311 fabu-

55 2325 62 2329 “
115 2359 118 2361 ,
158 2327 719 2373 lamrefertCamerarius,verum
733 2331 873 2365 Phaedri

158 2380 348 2424 nequitiam
373 2381 580 2424 dissimulat,
603 2394 682 2426 pag.
698 2387 774 2417 174.
809 2385 876 2418 Fa-

157 2430 315 2473 bularnm
331 2433 481 2476 scriptor
505 2439 587 2467 ante
609 2440 749 2469 centum
767 2446 875 2470 anuos

158 2482 319 2516 venetiis
348 2493 509 2527 excusus,
535 2489 573 2517 ct
596 2487 631 2518 in
654 2486 875 2519 Bibliotheca

158 2533 203 2575 P.
218 2533 357 2567 Petavii
371 2535 417 2568 V.
434 2536 475 2569 C.
491 2540 528 2568 et
541 2537 579 2570 S.
594 2536 746 2570 Victoris
762 2538 875 2571 Paris.

158 2585 431 2628 manuscriptus:
455 2586 465 2604 ‘
482 2586 602 2620 Audet
615 2588 739 2630 asellus
753 2598 875 2631 aprurn

161 2636 233 2672 tim
248 2641 399 2671 temtare
420 2643 607 2680 protervo:
643 2638 764 2673 Audet
782 2640 875 2672 iners

162 2687 246 2728 forti
276 2690 414 2724 dicere:
454 2692 592 2733 Frater,
628 2701 705 2725 ave.
749 2691 877 2725 Vibrat

165 2747 249 2781 aper
263 2750 327 2783 pro
343 2751 428 2775 voce
440 2747 570 2784 caput;
593 2752 673 2775 uam
690 2743 798 2776 verba
820 2753 876 2776 su-

163 2789 279 2831 porbit
292 2791 468 2835 Reddere,
481 2793 543 2827 sed
555 2793 696 2827 dentem
710 2794 765 2827 vix
780 2798 878 2827 tenet

928 2280 980 2313 ira
1005 2284 1153 2314 trucem.
1199 2281 1262 2314 Sus
1287 2284 1402 2314 tamen
1425 2280 1493 2314 ista
1507 2284 1645 2313 monet:

931 2332 1042 2365 Vilern
1070 2333 1155 2366 dens
1187 2332 1311 2365 nobilis
1337 2342 1450 2365 escam
1479 2332 1644 2375 Spernit;

931 2383 1068 2416 desidia
1084 2388 1180 2416 tutus
1204 2393 1241 2416 es
1271 2384 1345 2426 ipse
1373 2389 1444 2416 tua.
1490 2383 1570 2416 Non
1586 2382 1647 2414 de·

931 2434 990 2468 bet
1005 2435 1130 2467 stolido
1146 2434 1226 2467 laedi
1251 2434 1438 2477 prudentia
1452 2433 1542 2466 risu:
1567 2434 1645 2466 Nec

930 2485 1076 2519 stolidus
1101 2485 1243 2518 doctum
1270 2484 1378 2518 debet
1409 2483 1505 2517 adire
1531 2483 1648 2526 jocis!

931 2537 1012 2578 Εἰς.

976 2591 994 2620 1
1011 2587 1141 2629 Letem]
1160 2587 1345 2629 Exiguum,
1362 2594 1518 2628 parvum.
1541 2582 1647 2623 Scires.

974 2641 995 2671 2
1011 2638 1246 2679 Destringunt]
1266 2637 1418 2670 Verbum
1435 2637 1648 2676 balneorum,

931 2700 999 2733 quo
1026 2694 1172 2722 utuntur
1201 2689 1243 2720 ad
1272 2687 1560 2731 significationem
1586 2686 1646 2719 de-

933 2740 1107 2782 tersionis‚
1127 2750 1204 2782 quae
1232 2738 1272 2771 fit
1295 2739 1434 2781 strigili,
1457 2743 1492 2770 et
1517 2737 1646 2770 descri-

932 2792 1026 2825 bitur
1053 2803 1073 2825 a
1100 2790 1300 2824 Mercurial.
1327 2788 1593 2837 Gymn.1.cap.
1613 2790 1645 2820 8.
