1806 3236
201 224 288 269 668

203 332 297 365 Hinc
319 333 328 349 ‘
345 331 532 364 Mundnm'
555 330 906 364 Menandrum'dicia

204 378 392 425 Propertio
413 391 466 415 ιν.
480 386 512 416 5.
534 385 587 415 43.
611 385 712 414 notat
725 380 904 414 Broukhu-

202 434 295 474 sius3
316 434 469 476 quamvis
483 442 546 474 ego
560 431 602 464 ad
618 431 823 473 elegantiam
837 440 906 464 ser·

202 485 311 517 monis
327 480 458 516 referre
474 482 558 515 illud
572 483 755 525 epitheton
777 482 904 516 malim.

203 535 319 568 Burm·
343 544 345 548 ¹

250 586 373 619 Vestitu
385 585 526 628 affluens]
551 586 643 618 Talis
659 590 737 619 erat
749 586 829 619 olim
845 586 905 620 de-

201 638 383 669 licatorum
419 642 457 669 et
491 636 707 670 beatulorum
745 637 906 671 vestitus.

203 689 370 722 Horatius
399 688 564 720 adversus
590 689 752 722 Menam:
790 689 801 708 ‘
818 690 904 723 Cum

199 739 253 772 bis
269 746 331 772 sex
343 739 500 771 ulnarum
513 739 619 781 toga!
648 740 778 773 Contra
789 744 904 773 autem

201 791 395 824 tenuiorum
420 795 517 824 arcta
546 796 627 833 toga
650 790 736 824 fuit:
766 792 776 811 ‘
793 791 906 825 Arcta

199 843 302 876 decet
317 843 435 875 sanum
447 843 607 875 comitem
618 847 699 885 toga
711 842 734 876 :'
749 843 906 886 Epistola

200 895 259 927 lib.
276 903 302 928 1.
318 897 372 927 18.
407 894 511 927 Plato
533 904 615 927 vero
630 894 666 926 in
682 894 863 928 Alcibiade
877 904 904 928 1.

199 951 279 978 cnm
304 945 409 978 vitam
435 945 643 978 luxuriosam
671 945 850 987 describit,
872 945 904 978 ei

198 1005 334 1039 quoque
350 995 512 1029 attribuit
527 994 651 1036 ἱματίων
659 994 769 1037 ἕλξεις.
794 996 904 1031 Locus

199 1051 255 1080 est
270 1046 422 1080 adscribi
431 1047 576 1089 dignus:
600 1046 636 1079 Εἰ
649 1048 674 1080 δ’
685 1045 847 1081 ἃνέθέλεις
861 1046 904 1080 εἰς

198 1096 355 1131 πλούτους
388 1096 575 1140 ἀποβλέψω,
609 1097 662 1131 καὶ
696 1097 814 1141 τρυφὰς
849 1097 903 1130 καὶ

199 1147 344 1190 ἐσθῆτας,
368 1148 420 1181 καὶ
445 1148 570 1190 ἱματίων
591 1147 699 1191 ἕλξεις,
727 1148 781 1182 καὶ
801 1147 903 1191 μύρων

198 1198 345 1241 ἀλοιφὰς,
373 1198 426 1232 καὶ
448 1199 641 1242 θεραπόντων
665 1199 805 1239 πλήθους
829 1201 902 1234 ἀκο-

197 1251 331 1292 λουθίας,
362 1250 422 1290 τήν
452 1263 490 1283 τε
523 1250 627 1291 ἄλλην
655 1250 814 1294 ἁβρότητα
839 1253 904 1287 τῶν

198 1304 336 1344 Περσῶν,
358 1302 552 1343 αἰσχυνθείης
567 1304 606 1336 ἂν
624 1303 675 1335 ἐπὶ
695 1304 812 1343 σαυτῷ.
844 1304 902 1336 De

197 1356 294 1386 veste
317 1353 443 1386 actoris
465 1354 625 1396 tragoedi,
654 1354 712 1396 qui
741 1355 844 1387 talem
867 1354 902 1387 in

195 1404 332 1437 theatro
341 1404 498 1446 gerebat,
506 1405 595 1438 dixit
603 1405 707 1438 etiam
717 1405 902 1438 Horatius:

196 1454 402 1497 ‘Traxitque
414 1464 519 1495 vagus
529 1464 592 1497 per
602 1456 736 1497 pulpita
745 1454 902 1488 vestem-²

197 1505 286 1538 Inde
301 1510 416 1537 natum
431 1505 532 1547 σύρμα
550 1506 603 1549 (id
626 1510 692 1547 est,
705 1504 852 1548 tractus)
866 1505 901 1538 in

197 1565 237 1588 re
251 1557 424 1598 vestiaria,
440 1557 529 1599 quod
545 1558 651 1590 etiam
667 1556 710 1590 de
725 1561 901 1599 serpente,

197 1608 425 1649 posteriorem
440 1607 595 1649 corporis
608 1612 744 1649 partem
763 1607 901 1640 trahen-

197 1662 247 1699 te,
263 1658 390 1691 dicitur
414 1659 507 1700 apud
533 1658 682 1691 Dionem
700 1658 902 1700 Chrysosto-

195 1719 288 1741 mum
298 1709 476 1742 'Oratione
491 1719 526 1742 v.
540 1709 631 1752 quod
646 1709 716 1742 scio
730 1709 902 1742 neminem

196 1761 381 1802 monuisse,
389 1767 451 1793 ‘ne-
460 1760 652 1793 Henricum
667 1759 804 1802 quidem
822 1760 901 1792 Ste-

196 1812 366 1854 phanum:
381 1812 498 1844 Faber.
541 1811 671 1843 vlitius
697 1810 740 1842 ad
758 1811 900 1843 Nemes.

197 1873 231 1895 v.
246 1866 300 1897 92.
316 1862 418 1904 ,citat
442 1863 568 1905 effluens
581 1864 723 1901 contra,
742 1870 843 1903 quam
865 1860 901 1898 in

192 1913 299 1946 editis
313 1913 499 1954 reperitur.
528 1911 615 1947 Mihi
629 1912 742 1953 potius
754 1911 902 1953 videtur,

195 1964 360 1996 venticano
372 1963 492 2006 fluens.
536 1962 615 1995 Nisi
628 1962 705 2005 quis
725 1962 902 1995 existimet

197 2016 390 2058 respexisse
396 2014 528 2047 Livium
541 2012 697 2051 Andron.
706 2013 766 2056 qui
775 2013 902 2045 alicubi

197 2068 207 2085 ‘
223 2066 380 2099 Asiatico
395 2058 519 2098 bruatu
533 2063 673 2097 affluens
684 2063 694 2078 '
711 2064 901 2107 usurpavit.

196 2118 250 2150 De
265 2127 333 2159 quo
359 2121 485 2154 tamen,
508 2116 588 2159 quia
602 2115 709 2155 verba
731 2125 800 2149 non
822 2115 902 2148 sunt

195 2170 342 2211 integra,
369 2169 418 2200 nil
447 2167 649 2210 pronuncio.
693 2167 758 2200 Est
786 2172 900 2200 autem

193 2221 324 2263 affluens
337 2219 466 2260 vestitu,
476 2218 534 2261 qui
547 2218 673 2250 vestitu
689 2216 833 2250 fluxiore
848 2218 900 2250 in-

196 2271 302 2303 cedit.
347 2271 394 2302 Et
421 2270 471 2301 sic
497 2267 655 2301 solebant
681 2268 900 2301 delicatiores

194 2322 435 2362 mollioresque
445 2331 454 2352 :
465 2323 597 2352 vestem
604 2319 772 2361 prolixam
783 2321 900 2363 longe·

198 2383 265 2415 que
289 2372 470 2405 demissam
493 2374 574 2412 post
589 2380 625 2402 se
648 2370 845 2411 trahebant,
860 2375 899 2404 ut

196 2434 239 2456 ex
261 2422 408 2456 Horatio
431 2426 470 2455 et
490 2422 639 2453 Platone
661 2420 774 2453 Faber
796 2420 899 2454 docet

196 2475 239 2507 ad
255 2475 346 2507 hunc
369 2474 494 2506 locum.
530 2471 622 2504 Vide
643 2475 681 2504 et
701 2482 777 2514 quae
792 2472 900 2506 habet

194 2525 363 2557 maximus
396 2523 582 2557 Salmasius
618 2522 660 2555 ad
697 2523 899 2556 Tertulliani

197 2576 358 2613 Pallinm,
370 2585 404 2617 p.
417 2585 462 2608 m.
475 2576 551 2606 339.
574 2574 700 2606 Manet
710 2571 851 2606 effluens
862 2578 899 2607 et

197 2627 250 2659 Cl.
267 2626 461 2659 Gronovius
476 2624 624 2658 observ.
640 2624 700 2658 lib.
714 2633 757 2657 11.
772 2627 815 2657 7.,
851 2625 898 2658 Et

196 2677 333 2710 dixerat
347 2677 525 2717 Tibullus:
557 2675 568 2693 ‘
582 2674 703 2709 Effluit
717 2674 826 2710 effuso
841 2676 898 2709 cui

197 2733 277 2769 toga
290 2729 370 2760 laxa
377 2727 477 2761 sinu!
511 2727 640 2759 Verum
654 2727 728 2769 ipse
739 2727 896 2760 adeatur.

196 2779 301 2818 Scires.
344 2779 402 2811 Sic
417 2778 533 2812 Livius
548 2778 582 2809 in
604 2777 791 2810 Laodamia
805 2778 898 2820 apud

197 2829 367 2862 Priscian.
396 2829 454 2861 lib.
470 2837 508 2861 x.
557 2828 567 2847 ‘
587 2827 766 2870 Quaepiam
780 2828 847 2862 alia
862 2833 897 2862 te

659 236 804 269 NOTAE
834 235 1105 269 VARIORUM
1138 236 1190 269 IN

951 330 1013 364 illo
1027 330 1183 366 Asiatico
1197 336 1320 366 ornatu
1335 331 1498 369 affluens?
1526 333 1598 369 sed
1609 334 1660 373 lea

953 381 1102 424 gendum
1117 381 1207 415 forte
1217 382 1454 425 vestituflum.
1481 384 1540 418 Sic
1553 385 1661 422 ‘Vana

953 430 1068 466 tifluus
1079 433 1207 476 Lydius
1216 433 1226 448 ’
1241 434 1385 468 Petron.
1397 439 1435 469 et
1446 437 1456 454 ‘
1467 435 1658 473 vestifluus

953 485 1018 518 Ser
1029 485 1039 500 '
1059 485 1189 519 Auson.
1205 485 1239 518 in
1259 487 1434 531 Technop.
1448 493 1491 522 et
1505 490 1527 517 Ρ
1538 488 1657 525 Vestis

953 536 1081 571 fluens’
1096 538 1260 580 Propert.
1293 537 1388 572 Hinc
1402 538 1657 582 apudaflomet.

952 586 1066 621 Ἰάονες
1085 587 1302 629 ἑλκεχίτωνες,
1315 588 1375 622 ubi
1391 598 1430 623 v.
1444 589 1603 625 Banath-
1616 593 1658 625 εἰ
1709 582 1712 587 ¹

952 638 1089 682 Τρωάδες
1117 638 1350 672 ἑλκεσίπεπλοι.
1408 640 1456 673 Et
1476 640 1658 678 ‘frahun

954 693 1111 731 vestem,'
1134 691 1226 733 apud
1241 691 1362 724 Plaut.
1375 692 1429 726 V..
1442 691 1656 735 Salinas-“ad

952 741 1089 775 Ter-tul.
1105 742 1194 776 Pall.
1209 751 1244 785 p.
1259 745 1336 777 339.
1375 742 1559 780 Potestet‘
1569 743 1658 780 sumi

952 793 1069 826 vestitu
1094 794 1237 836 affluens,
1265 803 1343 836 pro,
1371 793 1490 829 divite.
1517 794 1658 830 vettiu-

954 845 1012 877 Sic
1038 845 1131 887 apud
1152 845 1273 878 Plaut.
1308 845 1318 863 ‘
1334 844 1479 879 Habere
1499 844 1657 910 vestem:

954 896 1070 929 Heius.
1618 915 1636 933 ι
1650 904 1657 930 l

997 949 1037 980 13
1062 946 1197 989 Gressu]
1226 946 1294 982 Ms.
1306 957 1427 988 gresso
1465 947 1590 984 Gud.
1631 954 1657 984 ἕι

998 997 1118 1030 Gressu
1131 998 1266 1031 delicato
1277 1001 1314 1031 et
1323 997 1488 1040 humido]
1513 1002 1659 1037 ms

951 1047 1049 1089 μένως
1065 1048 1213 1091 βαδίζων.
1235 1050 1293 1083 De
1302 1050 1489 1084 Menandri
1501 1050 1659 1086 hamne«

953 1100 1132 1143 cipiendus
1159 1105 1214 1134 est
1246 1101 1302 1134 hic
1329 1101 1538 1136 Tertulliani.
1561 1102 1658 1139 loeus

952 1151 1040 1184 libro
1070 1151 1116 1184 de
1141 1151 1277 1186 Pallio:
1314 1154 1324 1170 ‘
1348 1152 1502 1187 Prorsus
1523 1152 1563 1188 εἰ,
1582 1152 1661 1196 qui·

952 1203 1179 1236 Menandrico
1193 1202 1289 1236 fluxu
1311 1203 1498 1238 delicatum
1520 1209 1659 1239 vesum

951 1254 1045 1287 humi
1060 1254 1255 1296 protrahat,
1265 1254 1386 1287 audiat
1399 1263 1490 1297 pone
1502 1253 1657 1297 samuel

952 1307 990 1337 et
1014 1304 1195 1338 Comicus:
1228 1305 1239 1323 ‘
1255 1305 1403 1340 Qualem
1428 1304 1568 1341 demens
1589 1305 1658 1339 iste

951 1354 1168 1396 chlamydem
1181 1353 1409 1396 disperdit!'’
1445 1355 1527 1396 Rig-

988 1405 1157 1447 Delicato]
1193 1406 1306 1448 Molli,
1320 1404 1527 1440 effeminato.
1551 1371 1658 1440 Male

951 1456 1206 1493 Rittershusius
1239 1455 1351 1490 refert
1385 1456 1430 1490 ad
1465 1457 1657 1499 superiora,

951 1518 1063 1541 sermo
1094 1518 1242 1551 namque
1279 1512 1334 1540 est
1366 1507 1595 1550 peculiariter
1613 1507 1658 1547 de

949 1558 1158 1592 Menandro.
1176 1558 1300 1600 'Schqfi
1359 1559 1518 1592 Petrum·
1532 1560 1658 1596 0.,126.

950 1610 961 1629 ‘
977 1611 1055 1645 Quo
1070 1609 1224 1646 incessus
1241 1608 1657 1651 ιιιζεςοωροεὶζιιεῃεξςω

949 1661 1097 1703 vestigia
1105 1659 1659 1702 quidemextramensuramahepr

950 1712 1085 1745 rantia!
1115 1713 1162 1744 Et
1177 1712 1213 1744 in
1227 1711 1417 1754 specimine
1429 1710 1512 1744 belli
1525 1710 1656 1754 milis,

949 1763 959 1781 ‘
976 1763 1163 1805 Fractique
1187 1763 1307 1796 enervi
1327 1772 1474 1804 corpore
1490 1764 1658 1805 gressum?

952 1815 1064 1847 catul.
1082 1815 1196 1847 Carm.
1208 1817 1263 1847 41.
1286 1815 1296 1832 ⁴
1308 1814 1450 1853 Mimiee
1458 1810 1658 1856 breed-crea}

950 1863 1010 1896 ubi
1027 1874 1058 1896 v.
1071 1864 1204 1906 Scalig.
1250 1864 1321 1897 Sed
1336 1864 1402 1896 huc
1419 1864 1528 1904 verba.
1538 1863 1658 1910 Bruti,

950 1926 1026 1959 quae
1042 1915 1153 1949 refert
1172 1926 1216 1948 ex
1228 1915 1402 1954 Cicerone
1422 1915 1553 1952 Fabius
1563 1915 1654 1957 lust,

951 1968 1012 2002 lib.
1028 1977 1081 2002 vl.
1093 1971 1125 2001 3.
1148 1968 1297 2001 maxime
1306 1967 1463 2001 faciunt:
1497 1967 1509 1986 ‘
1522 1966 1656 2004 Nae=iui

950 2022 1032 2052 sunt
1051 2018 1159 2061 pedes
1186 2017 1294 2052 faceti
1318 2028 1359 2052 ae
1382 2016 1656 2060 ,deliciisjngrev

951 2069 1062 2102 dienti
1075 2069 1208 2102 molles.
1211 2069 1221 2083 ’
1244 2070 1366 2103 Burin.-
1646 2086 1655 2111 χ

995 2123 1035 2152 15
1061 2119 1214 2162 Quinam]
1255 2120 1312 2154 Ita
1327 2120 1443 2159 Faber
1467 2124 1517 2153 et
1524 2120 1654 2166 venusi

951 2170 1019 2205 alii.
1049 2170 1225 2213 Rigaltius
1236 2171 1349 2209 edidit
1362 2171 1530 2208 Quidnam.
1561 2163 1655 2213 Hinc

951 2222 1107 2264 Cuperus
1118 2221 1245 2255 Obser.
1257 2222 1316 2254 lib.
1327 2231 1369 2256 ιι.
1379 2232 1456 2264 cap.
1465 2221 1531 2255 ult.
1557 2221 1658 2262 Quid-
1644 2238 1671 2248 -·
1691 2234 1694 2235 ⁷

949 2270 1045 2305 nam?
1083 2273 1243 2313 Cinoedue,
1267 2275 1322 2315 ᾅτ.
1373 2273 1499 2309 Posses
1519 2272 1655 2315 qnoque

949 2325 999 2358 ita
1013 2324 1180 2366 scribere,
1197 2324 1307 2362 Quid?
1329 2326 1415 2358 Nam
1431 2324 1578 2357 Cinoedus
1590 2325 1656 2357 ilie.

950 2376 1019 2409 Sed
1045 2370 1192 2418 praefero
1221 2377 1370 2418 Quinam,
1398 2377 1478 2419 quia
1513 2375 1655 2418 ponitur

948 2436 1027 2459 cum
1038 2426 1263 2463 admiratione
1275 2427 1422 2469 quadam
1434 2426 1654 2467 temeritatis,

948 2487 1026 2519 quae
1041 2487 1109 2510 non
1120 2477 1209 2514 inest
1223 2478 1494 2520 interrogationi,
1504 2482 1541 2510 et
1552 2487 1652 2511 voca-

949 2528 1030 2561 bulo
1048 2528 1146 2570 Quid,
1160 2531 1199 2560 ut
1214 2538 1291 2571 quae
1316 2529 1423 2561 solam
1445 2527 1651 2570 indignatio·

949 2587 1028 2609 nem
1043 2581 1225 2610 monstrat.
1251 2578 1359 2617 Schef.
1488 2602 1493 2605 -

994 2628 1059 2664 Qui
1071 2638 1144 2660 nam
1158 2628 1325 2669 Οἰηιεάιω]
1349 2629 1387 2661 F.
1399 2633 1436 2661 et
1445 2628 1500 2660 hic
1511 2602 1649 2670 legend.

950 2678 1036 2717 Quia
1048 2688 1130 2710 nam.
1167 2677 1236 2719 An,
1253 2679 1318 2714 Qui
1334 2678 1460 2719 num‚id
1478 2683 1548 2720 est,
1557 2679 1651 2715 Quo-

946 2729 1063 2769 modo,
1078 2738 1144 2770 quo
1154 2737 1227 2769 ore,
1242 2739 1311 2770 qua
1325 2728 1459 2763 fronte?
1477 2729 1564 2762 Ritt.

993 2779 1129 2816 Quinam
1140 2778 1281 2810 cinaedus
1296 2778 1363 2819 ille]
1403 2780 1471 2812 Ms.
1485 2780 1648 2816 Quisnam.

948 2828 1295 2871 Distinguendum'ita
1305 2839 1314 2861 ε
1341 2828 1494 2867 Quisnam
1503 2830 1650 2868 Cinoeduc
