<?xml version="1.0" encoding="UTF-8"?>
<!DOCTYPE html PUBLIC "-//W3C//DTD XHTML 1.0 Transitional//EN"
    "http://www.w3.org/TR/xhtml1/DTD/xhtml1-transitional.dtd">
<html xmlns="http://www.w3.org/1999/xhtml" xml:lang="en" lang="en">
 <head>
  <title>
</title>
<meta http-equiv="Content-Type" content="text/html;charset=utf-8" />
  <meta name='ocr-system' content='tesseract 3.04.00' />
  <meta name='ocr-capabilities' content='ocr_page ocr_carea ocr_par ocr_line ocrx_word'/>
</head>
<body>
  <div class='ocr_page' id='page_1' title='image "./fabualeaesopiae00phaeuoft_0581.png"; bbox 0 0 1806 3236; ppageno 0'>
   <div class='ocr_carea' id='block_1_1' title="bbox 366 200 1395 257">
    <p class='ocr_par' dir='ltr' id='par_1_1' title="bbox 366 200 1395 257">
     <span class='ocr_line' id='line_1_1' title="bbox 366 200 1395 257; baseline -0.013 0"><span class='ocrx_word' id='word_1_1' title='bbox 366 219 568 257; x_wconf 64' lang='lat' dir='ltr'><strong>Plu-mm</strong></span> <span class='ocrx_word' id='word_1_2' title='bbox 601 216 710 251; x_wconf 70' lang='lat' dir='ltr'><strong>nn.</strong></span> <span class='ocrx_word' id='word_1_3' title='bbox 742 214 1045 250; x_wconf 79' lang='lat' dir='ltr'>AESOPIARUM</span> <span class='ocrx_word' id='word_1_4' title='bbox 1078 211 1176 246; x_wconf 74' lang='lat' dir='ltr'><strong>mu·</strong></span> <span class='ocrx_word' id='word_1_5' title='bbox 1207 213 1272 244; x_wconf 81' lang='lat' dir='ltr'><strong>IV.</strong></span> <span class='ocrx_word' id='word_1_6' title='bbox 1303 200 1395 244; x_wconf 69' lang='lat'><strong>1-2.</strong></span> 
     </span>
    </p>
   </div>
   <div class='ocr_carea' id='block_1_2' title="bbox 137 310 859 2880">
    <p class='ocr_par' dir='ltr' id='par_1_2' title="bbox 143 310 859 1286">
     <span class='ocr_line' id='line_1_2' title="bbox 157 310 859 361; baseline -0.011 -8"><span class='ocrx_word' id='word_1_7' title='bbox 157 316 162 334; x_wconf 79' lang='lat'>;</span> <span class='ocrx_word' id='word_1_8' title='bbox 184 319 324 357; x_wconf 56' lang='lat' dir='ltr'><strong>“W</strong></span> <span class='ocrx_word' id='word_1_9' title='bbox 333 310 470 361; x_wconf 57' lang='lat' dir='ltr'><strong>qia-tn</strong></span> <span class='ocrx_word' id='word_1_10' title='bbox 481 314 605 357; x_wconf 74' lang='lat' dir='ltr'><strong>ducere]</strong></span> <span class='ocrx_word' id='word_1_11' title='bbox 618 313 766 347; x_wconf 86' lang='lat' dir='ltr'><strong>Videtur</strong></span> <span class='ocrx_word' id='word_1_12' title='bbox 779 312 859 346; x_wconf 88' lang='lat' dir='ltr'><strong>scri·</strong></span> 
     </span>
     <span class='ocr_line' id='line_1_3' title="bbox 154 363 857 411; baseline -0.016 -4"><span class='ocrx_word' id='word_1_13' title='bbox 154 368 316 411; x_wconf 60' lang='lat' dir='ltr'><strong>marn,</strong></span> <span class='ocrx_word' id='word_1_14' title='bbox 335 369 454 403; x_wconf 67' lang='lat' dir='ltr'><strong>einum</strong></span> <span class='ocrx_word' id='word_1_15' title='bbox 469 368 504 400; x_wconf 76' lang='lat' dir='ltr'><strong>in</strong></span> <span class='ocrx_word' id='word_1_16' title='bbox 518 370 654 410; x_wconf 74' lang='lat' dir='ltr'><strong>quoestus</strong></span> <span class='ocrx_word' id='word_1_17' title='bbox 668 366 799 403; x_wconf 64' lang='lat' dir='ltr'><strong>ducem</strong></span> <span class='ocrx_word' id='word_1_18' title='bbox 818 363 857 396; x_wconf 75' lang='grc' dir='ltr'><strong>τὸ</strong></span> 
     </span>
     <span class='ocr_line' id='line_1_4' title="bbox 152 417 856 463; baseline -0.013 -7"><span class='ocrx_word' id='word_1_19' title='bbox 152 418 335 456; x_wconf 61' lang='lat' dir='ltr'><strong>uexauit</strong></span> <span class='ocrx_word' id='word_1_20' title='bbox 347 429 412 463; x_wconf 83' lang='lat' dir='ltr'><strong>per</strong></span> <span class='ocrx_word' id='word_1_21' title='bbox 436 417 693 452; x_wconf 87' lang='lat' dir='ltr'><strong>similitudinem</strong></span> <span class='ocrx_word' id='word_1_22' title='bbox 719 420 856 449; x_wconf 85' lang='lat' dir='ltr'><strong>antece-</strong></span> 
     </span>
     <span class='ocr_line' id='line_1_5' title="bbox 151 466 856 510; baseline -0.016 -2"><span class='ocrx_word' id='word_1_23' title='bbox 151 470 323 510; x_wconf 66' lang='lat' dir='ltr'><strong>dsntlsm</strong></span> <span class='ocrx_word' id='word_1_24' title='bbox 334 469 471 504; x_wconf 87' lang='lat' dir='ltr'><strong>scilicet</strong></span> <span class='ocrx_word' id='word_1_25' title='bbox 479 467 572 501; x_wconf 88' lang='lat' dir='ltr'><strong>idem</strong></span> <span class='ocrx_word' id='word_1_26' title='bbox 585 466 723 500; x_wconf 89' lang='lat' dir='ltr'><strong>errorin</strong></span> <span class='ocrx_word' id='word_1_27' title='bbox 735 466 856 499; x_wconf 88' lang='lat' dir='ltr'><strong>eodem</strong></span> 
     </span>
     <span class='ocr_line' id='line_1_6' title="bbox 150 517 855 560; baseline -0.011 -3"><span class='ocrx_word' id='word_1_28' title='bbox 150 521 271 557; x_wconf 66' lang='lat' dir='ltr'><strong>codiee</strong></span> <span class='ocrx_word' id='word_1_29' title='bbox 284 521 344 555; x_wconf 88' lang='lat' dir='ltr'><strong>lib.</strong></span> <span class='ocrx_word' id='word_1_30' title='bbox 359 530 385 554; x_wconf 85' lang='grc' dir='ltr'><strong>ι.</strong></span> <span class='ocrx_word' id='word_1_31' title='bbox 400 519 470 553; x_wconf 83' lang='lat' dir='ltr'><strong>fab.</strong></span> <span class='ocrx_word' id='word_1_32' title='bbox 478 522 510 552; x_wconf 85' lang='lat'><strong>8.</strong></span> <span class='ocrx_word' id='word_1_33' title='bbox 528 520 538 538; x_wconf 82' lang='lat'>⁸</span> <span class='ocrx_word' id='word_1_34' title='bbox 553 517 719 552; x_wconf 81' lang='lat' dir='ltr'><strong>Quoniam</strong></span> <span class='ocrx_word' id='word_1_35' title='bbox 732 517 855 560; x_wconf 85' lang='lat' dir='ltr'><strong>dignos</strong></span> 
     </span>
     <span class='ocr_line' id='line_1_7' title="bbox 148 566 856 618; baseline -0.011 -9"><span class='ocrx_word' id='word_1_36' title='bbox 148 566 317 618; x_wconf 70' lang='lat' dir='ltr'><strong>adJuv&#39;at,&#39;</strong></span> <span class='ocrx_word' id='word_1_37' title='bbox 338 582 400 617; x_wconf 86' lang='lat' dir='ltr'><strong>pro</strong></span> <span class='ocrx_word' id='word_1_38' title='bbox 418 572 578 614; x_wconf 73' lang='lat' dir='ltr'><strong>indignos,</strong></span> <span class='ocrx_word' id='word_1_39' title='bbox 601 575 640 604; x_wconf 91' lang='lat' dir='ltr'><strong>ut</strong></span> <span class='ocrx_word' id='word_1_40' title='bbox 663 569 856 603; x_wconf 87' lang='lat' dir='ltr'><strong>rescriben-</strong></span> 
     </span>
     <span class='ocr_line' id='line_1_8' title="bbox 149 619 855 670; baseline -0.014 -9"><span class='ocrx_word' id='word_1_41' title='bbox 149 625 236 661; x_wconf 70' lang='lat' dir='ltr'><strong>dum</strong></span> <span class='ocrx_word' id='word_1_42' title='bbox 257 625 360 670; x_wconf 89' lang='lat' dir='ltr'><strong>primi</strong></span> <span class='ocrx_word' id='word_1_43' title='bbox 381 624 534 658; x_wconf 81' lang='lat' dir='ltr'>editores</span> <span class='ocrx_word' id='word_1_44' title='bbox 559 622 677 655; x_wconf 82' lang='lat' dir='ltr'><strong>statim</strong></span> <span class='ocrx_word' id='word_1_45' title='bbox 704 619 855 654; x_wconf 84' lang='lat' dir='ltr'><strong>animad-</strong></span> 
     </span>
     <span class='ocr_line' id='line_1_9' title="bbox 148 675 856 718; baseline -0.01 -7"><span class='ocrx_word' id='word_1_46' title='bbox 148 681 350 718; x_wconf 73' lang='lat' dir='ltr'><strong>verterunt3</strong></span> <span class='ocrx_word' id='word_1_47' title='bbox 383 677 448 709; x_wconf 85' lang='lat' dir='ltr'><strong>hoc</strong></span> <span class='ocrx_word' id='word_1_48' title='bbox 487 684 569 708; x_wconf 82' lang='lat' dir='ltr'><strong>vero</strong></span> <span class='ocrx_word' id='word_1_49' title='bbox 602 675 679 707; x_wconf 92' lang='lat' dir='ltr'><strong>loco</strong></span> <span class='ocrx_word' id='word_1_50' title='bbox 709 675 856 715; x_wconf 87' lang='lat' dir='ltr'><strong>propter</strong></span> 
     </span>
     <span class='ocr_line' id='line_1_10' title="bbox 148 722 855 773; baseline -0.013 -10"><span class='ocrx_word' id='word_1_51' title='bbox 148 728 427 773; x_wconf 69' lang='lat' dir='ltr'><strong>prepositionem</strong></span> <span class='ocrx_word' id='word_1_52' title='bbox 441 727 558 760; x_wconf 75' lang='lat' dir='ltr'><strong>circum</strong></span> <span class='ocrx_word' id='word_1_53' title='bbox 574 725 663 758; x_wconf 86' lang='lat' dir='ltr'><strong>ratio</strong></span> <span class='ocrx_word' id='word_1_54' title='bbox 679 734 735 757; x_wconf 87' lang='lat' dir='ltr'><strong>eos</strong></span> <span class='ocrx_word' id='word_1_55' title='bbox 749 722 855 765; x_wconf 84' lang='lat' dir='ltr'><strong>fngit;</strong></span> 
     </span>
     <span class='ocr_line' id='line_1_11' title="bbox 148 774 855 822; baseline -0.011 -8"><span class='ocrx_word' id='word_1_56' title='bbox 148 785 206 814; x_wconf 82' lang='lat' dir='ltr'><strong>est</strong></span> <span class='ocrx_word' id='word_1_57' title='bbox 217 780 334 813; x_wconf 70' lang='lat' dir='ltr'><strong>cire-m</strong></span> <span class='ocrx_word' id='word_1_58' title='bbox 347 779 382 812; x_wconf 73' lang='lat' dir='ltr'><strong>in</strong></span> <span class='ocrx_word' id='word_1_59' title='bbox 396 781 533 822; x_wconf 71' lang='lat' dir='ltr'><strong>qua-sm</strong></span> <span class='ocrx_word' id='word_1_60' title='bbox 557 779 681 820; x_wconf 69' lang='lat' dir='ltr'><strong>duone,</strong></span> <span class='ocrx_word' id='word_1_61' title='bbox 704 774 855 818; x_wconf 78' lang='lat' dir='ltr'><strong>eleganti</strong></span> 
     </span>
     <span class='ocr_line' id='line_1_12' title="bbox 152 828 854 874; baseline -0.01 -9"><span class='ocrx_word' id='word_1_62' title='bbox 152 831 268 874; x_wconf 82' lang='lat' dir='ltr'><strong>tmesi,</strong></span> <span class='ocrx_word' id='word_1_63' title='bbox 280 840 358 874; x_wconf 86' lang='lat' dir='ltr'><strong>pro,</strong></span> <span class='ocrx_word' id='word_1_64' title='bbox 385 829 642 863; x_wconf 77' lang='lat' dir='ltr'>circumducere</span> <span class='ocrx_word' id='word_1_65' title='bbox 665 828 711 861; x_wconf 87' lang='lat' dir='ltr'><strong>ad</strong></span> <span class='ocrx_word' id='word_1_66' title='bbox 747 836 854 870; x_wconf 79' lang='lat' dir='ltr'><strong>quaes-</strong></span> 
     </span>
     <span class='ocr_line' id='line_1_13' title="bbox 151 878 853 917; baseline -0.009 -1"><span class='ocrx_word' id='word_1_67' title='bbox 151 886 208 917; x_wconf 87' lang='lat' dir='ltr'><strong>tus</strong></span> <span class='ocrx_word' id='word_1_68' title='bbox 241 881 434 916; x_wconf 79' lang='lat' dir='ltr'><strong>faciendos.</strong></span> <span class='ocrx_word' id='word_1_69' title='bbox 489 881 548 914; x_wconf 90' lang='lat' dir='ltr'><strong>Sic</strong></span> <span class='ocrx_word' id='word_1_70' title='bbox 572 879 644 913; x_wconf 86' lang='lat' dir='ltr'><strong>fab.</strong></span> <span class='ocrx_word' id='word_1_71' title='bbox 673 882 705 913; x_wconf 89' lang='lat'><strong>1.</strong></span> <span class='ocrx_word' id='word_1_72' title='bbox 740 878 802 912; x_wconf 90' lang='lat' dir='ltr'><strong>lib.</strong></span> <span class='ocrx_word' id='word_1_73' title='bbox 828 887 853 910; x_wconf 88' lang='lat'><strong>1.</strong></span> 
     </span>
     <span class='ocr_line' id='line_1_14' title="bbox 147 931 855 978; baseline -0.01 -9"><span class='ocrx_word' id='word_1_74' title='bbox 147 935 160 955; x_wconf 88' lang='lat'>‘</span> <span class='ocrx_word' id='word_1_75' title='bbox 173 934 284 978; x_wconf 70' lang='lat' dir='ltr'><strong>Male,</strong></span> <span class='ocrx_word' id='word_1_76' title='bbox 305 933 368 976; x_wconf 84' lang='lat' dir='ltr'><strong>ait,</strong></span> <span class='ocrx_word' id='word_1_77' title='bbox 391 932 511 966; x_wconf 77' lang='lat' dir='ltr'><strong>dixisti</strong></span> <span class='ocrx_word' id='word_1_78' title='bbox 524 931 632 974; x_wconf 83' lang='lat' dir='ltr'><strong>mihi,’</strong></span> <span class='ocrx_word' id='word_1_79' title='bbox 653 941 728 975; x_wconf 87' lang='lat' dir='ltr'><strong>pro,</strong></span> <span class='ocrx_word' id='word_1_80' title='bbox 748 931 855 963; x_wconf 87' lang='lat' dir='ltr'><strong>male-</strong></span> 
     </span>
     <span class='ocr_line' id='line_1_15' title="bbox 148 982 853 1026; baseline -0.007 -6"><span class='ocrx_word' id='word_1_81' title='bbox 148 985 268 1020; x_wconf 76' lang='lat' dir='ltr'><strong>dixisti</strong></span> <span class='ocrx_word' id='word_1_82' title='bbox 300 984 396 1018; x_wconf 77' lang='lat' dir='ltr'><strong>milii.</strong></span> <span class='ocrx_word' id='word_1_83' title='bbox 451 983 615 1026; x_wconf 83' lang='lat' dir='ltr'><strong>Virgilius</strong></span> <span class='ocrx_word' id='word_1_84' title='bbox 642 983 718 1016; x_wconf 86' lang='lat' dir='ltr'><strong>AEn.</strong></span> <span class='ocrx_word' id='word_1_85' title='bbox 743 982 803 1015; x_wconf 90' lang='lat' dir='ltr'><strong>lib.</strong></span> <span class='ocrx_word' id='word_1_86' title='bbox 826 991 853 1015; x_wconf 85' lang='lat'><strong>1.</strong></span> 
     </span>
     <span class='ocr_line' id='line_1_16' title="bbox 143 1032 854 1081; baseline -0.008 -10"><span class='ocrx_word' id='word_1_87' title='bbox 143 1037 157 1057; x_wconf 77' lang='lat'><em>‘</em></span> <span class='ocrx_word' id='word_1_88' title='bbox 171 1035 289 1081; x_wconf 80' lang='lat' dir='ltr'>Atque</span> <span class='ocrx_word' id='word_1_89' title='bbox 302 1035 400 1069; x_wconf 85' lang='lat' dir='ltr'><strong>arida</strong></span> <span class='ocrx_word' id='word_1_90' title='bbox 413 1034 542 1069; x_wconf 86' lang='lat' dir='ltr'><strong>circum</strong></span> <span class='ocrx_word' id='word_1_91' title='bbox 556 1033 780 1068; x_wconf 86' lang='lat' dir='ltr'><strong>Nutrimenta</strong></span> <span class='ocrx_word' id='word_1_92' title='bbox 795 1032 854 1066; x_wconf 89' lang='lat' dir='ltr'><strong>de-</strong></span> 
     </span>
     <span class='ocr_line' id='line_1_17' title="bbox 147 1084 854 1131; baseline -0.008 -9"><span class='ocrx_word' id='word_1_93' title='bbox 147 1087 243 1129; x_wconf 84' lang='lat' dir='ltr'><strong>dit;’</strong></span> <span class='ocrx_word' id='word_1_94' title='bbox 264 1097 366 1131; x_wconf 82' lang='lat' dir='ltr'><strong>quem</strong></span> <span class='ocrx_word' id='word_1_95' title='bbox 390 1087 504 1120; x_wconf 87' lang='lat' dir='ltr'><strong>locum</strong></span> <span class='ocrx_word' id='word_1_96' title='bbox 529 1085 566 1119; x_wconf 89' lang='lat' dir='ltr'><strong>in</strong></span> <span class='ocrx_word' id='word_1_97' title='bbox 595 1085 710 1118; x_wconf 89' lang='lat' dir='ltr'><strong>animo</strong></span> <span class='ocrx_word' id='word_1_98' title='bbox 733 1084 854 1117; x_wconf 87' lang='lat' dir='ltr'><strong>habuit</strong></span> 
     </span>
     <span class='ocr_line' id='line_1_18' title="bbox 146 1135 853 1182; baseline -0.008 -8"><span class='ocrx_word' id='word_1_99' title='bbox 146 1139 289 1175; x_wconf 79' lang='lat' dir='ltr'><strong>Gratius</strong></span> <span class='ocrx_word' id='word_1_100' title='bbox 303 1139 340 1172; x_wconf 90' lang='lat' dir='ltr'><strong>in</strong></span> <span class='ocrx_word' id='word_1_101' title='bbox 355 1137 526 1182; x_wconf 86' lang='lat' dir='ltr'><strong>principio</strong></span> <span class='ocrx_word' id='word_1_102' title='bbox 537 1137 707 1180; x_wconf 81' lang='lat' dir='ltr'><strong>cyneget.</strong></span> <span class='ocrx_word' id='word_1_103' title='bbox 729 1136 740 1155; x_wconf 89' lang='lat'>‘</span> <span class='ocrx_word' id='word_1_104' title='bbox 754 1135 853 1169; x_wconf 87' lang='lat' dir='ltr'><strong>Alta-</strong></span> 
     </span>
     <span class='ocr_line' id='line_1_19' title="bbox 145 1186 851 1235; baseline -0.008 -10"><span class='ocrx_word' id='word_1_105' title='bbox 145 1194 214 1235; x_wconf 72' lang='lat' dir='ltr'><strong>que</strong></span> <span class='ocrx_word' id='word_1_106' title='bbox 227 1189 359 1224; x_wconf 83' lang='lat' dir='ltr'><strong>circum</strong></span> <span class='ocrx_word' id='word_1_107' title='bbox 372 1188 603 1222; x_wconf 73' lang='lat' dir='ltr'><strong>Firmamenta</strong></span> <span class='ocrx_word' id='word_1_108' title='bbox 617 1187 715 1221; x_wconf 88' lang='lat' dir='ltr'><strong>dedit</strong></span> <span class='ocrx_word' id='word_1_109' title='bbox 723 1186 744 1227; x_wconf 86' lang='lat'><strong>;&#39;</strong></span> <span class='ocrx_word' id='word_1_110' title='bbox 760 1186 851 1229; x_wconf 88' lang='lat' dir='ltr'><strong>quod</strong></span> 
     </span>
     <span class='ocr_line' id='line_1_20' title="bbox 143 1237 829 1286; baseline -0.01 -10"><span class='ocrx_word' id='word_1_111' title='bbox 143 1240 446 1286; x_wconf 76' lang='lat' dir='ltr'><strong>diligentissimum</strong></span> <span class='ocrx_word' id='word_1_112' title='bbox 456 1239 599 1273; x_wconf 81' lang='lat' dir='ltr'><strong>vlitium</strong></span> <span class='ocrx_word' id='word_1_113' title='bbox 613 1237 716 1281; x_wconf 82' lang='lat' dir='ltr'><strong>fugit.</strong></span> <span class='ocrx_word' id='word_1_114' title='bbox 741 1237 829 1270; x_wconf 63' lang='grc' dir='ltr'><strong>(ἕνα.</strong></span> 
     </span>
    </p>

    <p class='ocr_par' dir='ltr' id='par_1_3' title="bbox 142 1288 854 1438">
     <span class='ocr_line' id='line_1_21' title="bbox 189 1288 854 1336; baseline -0.009 -9"><span class='ocrx_word' id='word_1_115' title='bbox 189 1293 318 1327; x_wconf 68' lang='lat' dir='ltr'><strong>OErcm</strong></span> <span class='ocrx_word' id='word_1_116' title='bbox 331 1294 468 1336; x_wconf 69' lang='lat' dir='ltr'><strong>queam</strong></span> <span class='ocrx_word' id='word_1_117' title='bbox 486 1289 614 1332; x_wconf 75' lang='lat' dir='ltr'><strong>ducere]</strong></span> <span class='ocrx_word' id='word_1_118' title='bbox 635 1289 768 1332; x_wconf 82' lang='lat' dir='ltr'><strong>Jungo,</strong></span> <span class='ocrx_word' id='word_1_119' title='bbox 789 1288 854 1321; x_wconf 80' lang='lat' dir='ltr'><strong>cir-</strong></span> 
     </span>
     <span class='ocr_line' id='line_1_22' title="bbox 145 1339 850 1388; baseline -0.011 -9"><span class='ocrx_word' id='word_1_120' title='bbox 145 1346 316 1379; x_wconf 70' lang='lat' dir='ltr'><strong>manwen</strong></span> <span class='ocrx_word' id='word_1_121' title='bbox 327 1347 476 1388; x_wconf 64' lang='lat' dir='ltr'><strong>quantu,</strong></span> <span class='ocrx_word' id='word_1_122' title='bbox 488 1353 537 1376; x_wconf 90' lang='lat' dir='ltr'><strong>sc.</strong></span> <span class='ocrx_word' id='word_1_123' title='bbox 553 1341 666 1385; x_wconf 84' lang='lat' dir='ltr'><strong>gratia</strong></span> <span class='ocrx_word' id='word_1_124' title='bbox 678 1352 687 1374; x_wconf 76' lang='lat' dir='ltr'>z</span> <span class='ocrx_word' id='word_1_125' title='bbox 704 1345 744 1374; x_wconf 87' lang='lat' dir='ltr'><strong>ut</strong></span> <span class='ocrx_word' id='word_1_126' title='bbox 752 1339 850 1383; x_wconf 88' lang='lat' dir='ltr'><strong>ellip-</strong></span> 
     </span>
     <span class='ocr_line' id='line_1_23' title="bbox 142 1393 730 1438; baseline -0.009 -7"><span class='ocrx_word' id='word_1_127' title='bbox 142 1397 190 1431; x_wconf 83' lang='lat' dir='ltr'><strong>sis</strong></span> <span class='ocrx_word' id='word_1_128' title='bbox 204 1396 429 1438; x_wconf 49' lang='lat' dir='ltr'><strong>Groecissanu</strong></span> <span class='ocrx_word' id='word_1_129' title='bbox 443 1399 481 1428; x_wconf 86' lang='lat' dir='ltr'><strong>et</strong></span> <span class='ocrx_word' id='word_1_130' title='bbox 495 1394 629 1428; x_wconf 86' lang='lat' dir='ltr'><strong>tmesis.·</strong></span> <span class='ocrx_word' id='word_1_131' title='bbox 644 1393 730 1426; x_wconf 70' lang='grc' dir='ltr'><strong>Βία.</strong></span> 
     </span>
    </p>

    <p class='ocr_par' dir='ltr' id='par_1_4' title="bbox 141 1443 853 1748">
     <span class='ocr_line' id='line_1_24' title="bbox 185 1443 853 1489; baseline -0.01 -7"><span class='ocrx_word' id='word_1_132' title='bbox 185 1451 207 1481; x_wconf 72' lang='grc'><strong><em>6</em></strong></span> <span class='ocrx_word' id='word_1_133' title='bbox 229 1446 381 1489; x_wconf 67' lang='lat' dir='ltr'><strong>Auium]</strong></span> <span class='ocrx_word' id='word_1_134' title='bbox 403 1446 589 1479; x_wconf 74' lang='lat' dir='ltr'><strong>solennem</strong></span> <span class='ocrx_word' id='word_1_135' title='bbox 615 1443 659 1477; x_wconf 84' lang='lat' dir='ltr'><strong>ad</strong></span> <span class='ocrx_word' id='word_1_136' title='bbox 688 1443 773 1477; x_wconf 89' lang='lat' dir='ltr'><strong>talia</strong></span> <span class='ocrx_word' id='word_1_137' title='bbox 798 1452 853 1476; x_wconf 89' lang='lat' dir='ltr'><strong>eo·</strong></span> 
     </span>
     <span class='ocr_line' id='line_1_25' title="bbox 142 1490 850 1540; baseline -0.01 -7"><span class='ocrx_word' id='word_1_138' title='bbox 142 1509 219 1534; x_wconf 84' lang='lat' dir='ltr'><strong>rum</strong></span> <span class='ocrx_word' id='word_1_139' title='bbox 231 1499 424 1532; x_wconf 85' lang='lat' dir='ltr'><strong>ministrum</strong></span> <span class='ocrx_word' id='word_1_140' title='bbox 438 1501 546 1540; x_wconf 84' lang='lat' dir='ltr'><strong>atque</strong></span> <span class='ocrx_word' id='word_1_141' title='bbox 558 1495 725 1538; x_wconf 86' lang='lat' dir='ltr'><strong>bajulum.</strong></span> <span class='ocrx_word' id='word_1_142' title='bbox 755 1490 850 1527; x_wconf 85' lang='lat' dir='ltr'><strong>Hinc</strong></span> 
     </span>
     <span class='ocr_line' id='line_1_26' title="bbox 143 1545 851 1595; baseline -0.01 -11"><span class='ocrx_word' id='word_1_143' title='bbox 143 1553 364 1595; x_wconf 56' lang='lat' dir='ltr'><strong>pais-magna</strong></span> <span class='ocrx_word' id='word_1_144' title='bbox 378 1547 504 1582; x_wconf 64' lang='lat' dir='ltr'><strong>fabula</strong></span> <span class='ocrx_word' id='word_1_145' title='bbox 519 1545 738 1590; x_wconf 78' lang='lat' dir='ltr'><strong>Apuleianae,</strong></span> <span class='ocrx_word' id='word_1_146' title='bbox 749 1556 851 1589; x_wconf 90' lang='lat' dir='ltr'><strong>quam</strong></span> 
     </span>
     <span class='ocr_line' id='line_1_27' title="bbox 141 1596 852 1642; baseline -0.008 -7"><span class='ocrx_word' id='word_1_147' title='bbox 141 1600 250 1635; x_wconf 72' lang='lat' dir='ltr'><strong>habes</strong></span> <span class='ocrx_word' id='word_1_148' title='bbox 262 1599 352 1634; x_wconf 84' lang='lat' dir='ltr'><strong>libro</strong></span> <span class='ocrx_word' id='word_1_149' title='bbox 365 1607 448 1632; x_wconf 78' lang='lat' dir='ltr'><strong>vm.</strong></span> <span class='ocrx_word' id='word_1_150' title='bbox 459 1601 496 1632; x_wconf 89' lang='lat' dir='ltr'><strong>et</strong></span> <span class='ocrx_word' id='word_1_151' title='bbox 506 1596 738 1642; x_wconf 85' lang='lat' dir='ltr'><strong>proverbium,</strong></span> <span class='ocrx_word' id='word_1_152' title='bbox 751 1598 762 1616; x_wconf 88' lang='lat'>‘</span> <span class='ocrx_word' id='word_1_153' title='bbox 773 1596 852 1629; x_wconf 84' lang='lat' dir='ltr'><strong>Asi-</strong></span> 
     </span>
     <span class='ocr_line' id='line_1_28' title="bbox 142 1647 852 1695; baseline -0.008 -9"><span class='ocrx_word' id='word_1_154' title='bbox 142 1655 208 1686; x_wconf 76' lang='lat' dir='ltr'><strong>nn&#39;s</strong></span> <span class='ocrx_word' id='word_1_155' title='bbox 229 1651 397 1695; x_wconf 78' lang='lat' dir='ltr'><strong>mysteria</strong></span> <span class='ocrx_word' id='word_1_156' title='bbox 419 1649 588 1694; x_wconf 85' lang='lat' dir='ltr'><strong>portans,’</strong></span> <span class='ocrx_word' id='word_1_157' title='bbox 609 1649 653 1682; x_wconf 88' lang='lat' dir='ltr'><strong>de</strong></span> <span class='ocrx_word' id='word_1_158' title='bbox 680 1658 748 1692; x_wconf 90' lang='lat' dir='ltr'><strong>quo</strong></span> <span class='ocrx_word' id='word_1_159' title='bbox 770 1647 852 1681; x_wconf 83' lang='lat' dir='ltr'><strong>vide</strong></span> 
     </span>
     <span class='ocr_line' id='line_1_29' title="bbox 141 1702 851 1748; baseline -0.004 -10"><span class='ocrx_word' id='word_1_160' title='bbox 141 1705 337 1746; x_wconf 71' lang='lat' dir='ltr'><strong>Erasmurn,</strong></span> <span class='ocrx_word' id='word_1_161' title='bbox 359 1708 398 1738; x_wconf 90' lang='lat' dir='ltr'><strong>et</strong></span> <span class='ocrx_word' id='word_1_162' title='bbox 413 1703 472 1748; x_wconf 90' lang='lat' dir='ltr'><strong>qui</strong></span> <span class='ocrx_word' id='word_1_163' title='bbox 486 1703 537 1736; x_wconf 88' lang='lat' dir='ltr'><strong>illi</strong></span> <span class='ocrx_word' id='word_1_164' title='bbox 553 1703 718 1736; x_wconf 81' lang='lat' dir='ltr'><strong>citantur.</strong></span> <span class='ocrx_word' id='word_1_165' title='bbox 741 1702 851 1744; x_wconf 81' lang='lat' dir='ltr'><strong>Schef.</strong></span> 
     </span>
    </p>

    <p class='ocr_par' dir='ltr' id='par_1_5' title="bbox 139 1751 852 2056">
     <span class='ocr_line' id='line_1_30' title="bbox 182 1751 852 1797; baseline -0.004 -7"><span class='ocrx_word' id='word_1_166' title='bbox 182 1757 207 1789; x_wconf 63' lang='lat' dir='ltr'><em>Y</em></span> <span class='ocrx_word' id='word_1_167' title='bbox 227 1751 384 1790; x_wconf 68' lang='lat' dir='ltr'><strong>Detracta</strong></span> <span class='ocrx_word' id='word_1_168' title='bbox 405 1754 500 1797; x_wconf 73' lang='lat' dir='ltr'><strong>pelle]</strong></span> <span class='ocrx_word' id='word_1_169' title='bbox 521 1754 563 1788; x_wconf 85' lang='lat' dir='ltr'><strong>F.</strong></span> <span class='ocrx_word' id='word_1_170' title='bbox 590 1754 690 1787; x_wconf 78' lang='lat' dir='ltr'><strong>Detr.</strong></span> <span class='ocrx_word' id='word_1_171' title='bbox 720 1763 738 1786; x_wconf 85' lang='lat' dir='ltr'><strong>e</strong></span> <span class='ocrx_word' id='word_1_172' title='bbox 758 1755 852 1796; x_wconf 83' lang='lat' dir='ltr'><strong>pelle.</strong></span> 
     </span>
     <span class='ocr_line' id='line_1_31' title="bbox 141 1804 851 1849; baseline -0.006 -7"><span class='ocrx_word' id='word_1_173' title='bbox 141 1806 254 1843; x_wconf 81' lang='lat' dir='ltr'><strong>Quod·</strong></span> <span class='ocrx_word' id='word_1_174' title='bbox 269 1806 319 1841; x_wconf 78' lang='lat' dir='ltr'><strong>ait</strong></span> <span class='ocrx_word' id='word_1_175' title='bbox 333 1806 378 1839; x_wconf 82' lang='lat' dir='ltr'><strong>de</strong></span> <span class='ocrx_word' id='word_1_176' title='bbox 393 1805 567 1849; x_wconf 81' lang='lat' dir='ltr'><strong>tympanis</strong></span> <span class='ocrx_word' id='word_1_177' title='bbox 586 1804 763 1838; x_wconf 77' lang='lat' dir='ltr'><strong>Gallorum</strong></span> <span class='ocrx_word' id='word_1_178' title='bbox 783 1805 851 1847; x_wconf 82' lang='lat' dir='ltr'><strong>Cy-</strong></span> 
     </span>
     <span class='ocr_line' id='line_1_32' title="bbox 139 1855 851 1900; baseline -0.007 -8"><span class='ocrx_word' id='word_1_179' title='bbox 139 1857 250 1900; x_wconf 83' lang='lat' dir='ltr'><strong>beles,</strong></span> <span class='ocrx_word' id='word_1_180' title='bbox 271 1857 308 1890; x_wconf 86' lang='lat' dir='ltr'><strong>id</strong></span> <span class='ocrx_word' id='word_1_181' title='bbox 335 1857 447 1890; x_wconf 88' lang='lat' dir='ltr'><strong>lucem</strong></span> <span class='ocrx_word' id='word_1_182' title='bbox 478 1855 608 1898; x_wconf 89' lang='lat' dir='ltr'><strong>accipit</strong></span> <span class='ocrx_word' id='word_1_183' title='bbox 646 1865 690 1888; x_wconf 85' lang='lat' dir='ltr'><strong>ex</strong></span> <span class='ocrx_word' id='word_1_184' title='bbox 721 1855 851 1888; x_wconf 89' lang='lat' dir='ltr'><strong>Catulli</strong></span> 
     </span>
     <span class='ocr_line' id='line_1_33' title="bbox 141 1907 850 1949; baseline -0.004 -7"><span class='ocrx_word' id='word_1_185' title='bbox 141 1908 349 1943; x_wconf 72' lang='lat' dir='ltr'><strong>Galliambo.</strong></span> <span class='ocrx_word' id='word_1_186' title='bbox 387 1907 553 1942; x_wconf 77' lang='lat' dir='ltr'><strong>solebant</strong></span> <span class='ocrx_word' id='word_1_187' title='bbox 569 1911 685 1940; x_wconf 79' lang='lat' dir='ltr'><strong>autem</strong></span> <span class='ocrx_word' id='word_1_188' title='bbox 700 1907 850 1949; x_wconf 88' lang='lat' dir='ltr'><strong>strepitu</strong></span> 
     </span>
     <span class='ocr_line' id='line_1_34' title="bbox 139 1959 850 2004; baseline -0.008 -9"><span class='ocrx_word' id='word_1_189' title='bbox 139 1960 297 2004; x_wconf 78' lang='lat' dir='ltr'><strong>tympani</strong></span> <span class='ocrx_word' id='word_1_190' title='bbox 313 1959 506 1994; x_wconf 87' lang='lat' dir='ltr'><strong>obtundere</strong></span> <span class='ocrx_word' id='word_1_191' title='bbox 522 1959 707 1992; x_wconf 87' lang='lat' dir='ltr'><strong>clamorem</strong></span> <span class='ocrx_word' id='word_1_192' title='bbox 721 1967 850 1999; x_wconf 90' lang='lat' dir='ltr'><strong>eorum,</strong></span> 
     </span>
     <span class='ocr_line' id='line_1_35' title="bbox 139 2009 848 2056; baseline -0.008 -10"><span class='ocrx_word' id='word_1_193' title='bbox 139 2021 226 2056; x_wconf 83' lang='lat' dir='ltr'><strong>quos</strong></span> <span class='ocrx_word' id='word_1_194' title='bbox 239 2011 435 2052; x_wconf 75' lang='lat' dir='ltr'><strong>evitabant,</strong></span> <span class='ocrx_word' id='word_1_195' title='bbox 447 2020 491 2043; x_wconf 88' lang='lat' dir='ltr'><strong>ne</strong></span> <span class='ocrx_word' id='word_1_196' title='bbox 507 2009 744 2043; x_wconf 73' lang='lat' dir='ltr'><strong>exaudiretur.</strong></span> <span class='ocrx_word' id='word_1_197' title='bbox 758 2009 848 2041; x_wconf 73' lang='lat' dir='ltr'><strong>Rite.</strong></span> 
     </span>
    </p>

    <p class='ocr_par' dir='ltr' id='par_1_6' title="bbox 137 2061 850 2880">
     <span class='ocr_line' id='line_1_36' title="bbox 187 2061 849 2107; baseline -0.009 -9"><span class='ocrx_word' id='word_1_198' title='bbox 187 2061 365 2107; x_wconf 57' lang='lat' dir='ltr'><strong>ivn-pana]</strong></span> <span class='ocrx_word' id='word_1_199' title='bbox 397 2061 530 2097; x_wconf 77' lang='lat' dir='ltr'><strong>Quibus</strong></span> <span class='ocrx_word' id='word_1_200' title='bbox 560 2061 748 2094; x_wconf 80' lang='lat' dir='ltr'><strong>solenniter</strong></span> <span class='ocrx_word' id='word_1_201' title='bbox 776 2064 849 2092; x_wconf 85' lang='lat' dir='ltr'><strong>utc-</strong></span> 
     </span>
     <span class='ocr_line' id='line_1_37' title="bbox 140 2112 849 2158; baseline -0.007 -9"><span class='ocrx_word' id='word_1_202' title='bbox 140 2114 279 2149; x_wconf 76' lang='lat' dir='ltr'><strong>bantur.</strong></span> <span class='ocrx_word' id='word_1_203' title='bbox 316 2114 459 2158; x_wconf 81' lang='lat' dir='ltr'><strong>Dionys.</strong></span> <span class='ocrx_word' id='word_1_204' title='bbox 475 2113 556 2146; x_wconf 84' lang='lat' dir='ltr'><strong>Hal.</strong></span> <span class='ocrx_word' id='word_1_205' title='bbox 571 2122 613 2145; x_wconf 80' lang='grc' dir='ltr'><strong>η.</strong></span> <span class='ocrx_word' id='word_1_206' title='bbox 636 2113 646 2131; x_wconf 89' lang='lat'>‘</span> <span class='ocrx_word' id='word_1_207' title='bbox 662 2113 774 2145; x_wconf 88' lang='lat' dir='ltr'><strong>Deam</strong></span> <span class='ocrx_word' id='word_1_208' title='bbox 801 2112 849 2144; x_wconf 86' lang='lat' dir='ltr'><strong>vi-</strong></span> 
     </span>
     <span class='ocr_line' id='line_1_38' title="bbox 140 2164 850 2200; baseline -0.006 0"><span class='ocrx_word' id='word_1_209' title='bbox 140 2165 246 2200; x_wconf 84' lang='lat' dir='ltr'><strong>catlm</strong></span> <span class='ocrx_word' id='word_1_210' title='bbox 261 2165 510 2198; x_wconf 79' lang='lat' dir='ltr'><strong>circumferunt</strong></span> <span class='ocrx_word' id='word_1_211' title='bbox 523 2173 619 2197; x_wconf 89' lang='lat' dir='ltr'><strong>more</strong></span> <span class='ocrx_word' id='word_1_212' title='bbox 631 2174 692 2197; x_wconf 89' lang='lat' dir='ltr'><strong>suo</strong></span> <span class='ocrx_word' id='word_1_213' title='bbox 706 2164 850 2197; x_wconf 88' lang='lat' dir='ltr'><strong>circula·</strong></span> 
     </span>
     <span class='ocr_line' id='line_1_39' title="bbox 139 2215 848 2260; baseline -0.004 -9"><span class='ocrx_word' id='word_1_214' title='bbox 139 2217 246 2258; x_wconf 76' lang='lat' dir='ltr'><strong>torio,</strong></span> <span class='ocrx_word' id='word_1_215' title='bbox 268 2220 413 2260; x_wconf 87' lang='lat' dir='ltr'><strong>pectora</strong></span> <span class='ocrx_word' id='word_1_216' title='bbox 427 2217 630 2260; x_wconf 79' lang='lat' dir='ltr'><strong>plangentes</strong></span> <span class='ocrx_word' id='word_1_217' title='bbox 647 2215 691 2248; x_wconf 86' lang='lat' dir='ltr'><strong>ad</strong></span> <span class='ocrx_word' id='word_1_218' title='bbox 707 2220 848 2249; x_wconf 91' lang='lat' dir='ltr'><strong>cantum</strong></span> 
     </span>
     <span class='ocr_line' id='line_1_40' title="bbox 137 2268 849 2311; baseline 0 -10"><span class='ocrx_word' id='word_1_219' title='bbox 137 2268 313 2310; x_wconf 81' lang='lat' dir='ltr'><strong>tibiarum,</strong></span> <span class='ocrx_word' id='word_1_220' title='bbox 335 2272 649 2311; x_wconf 81' lang='lat' dir='ltr'><strong>tympanorumque</strong></span> <span class='ocrx_word' id='word_1_221' title='bbox 674 2268 849 2301; x_wconf 80' lang='lat' dir='ltr'><strong>sonitum.¹</strong></span> 
     </span>
     <span class='ocr_line' id='line_1_41' title="bbox 141 2319 847 2363; baseline 0.003 -11"><span class='ocrx_word' id='word_1_222' title='bbox 141 2319 251 2352; x_wconf 81' lang='lat' dir='ltr'><strong>Erant</strong></span> <span class='ocrx_word' id='word_1_223' title='bbox 264 2325 381 2352; x_wconf 87' lang='lat' dir='ltr'><strong>autem</strong></span> <span class='ocrx_word' id='word_1_224' title='bbox 397 2320 466 2352; x_wconf 86' lang='lat' dir='ltr'><strong>ista</strong></span> <span class='ocrx_word' id='word_1_225' title='bbox 481 2324 646 2362; x_wconf 87' lang='lat' dir='ltr'><strong>tympana</strong></span> <span class='ocrx_word' id='word_1_226' title='bbox 661 2330 706 2353; x_wconf 88' lang='lat' dir='ltr'><strong>ex</strong></span> <span class='ocrx_word' id='word_1_227' title='bbox 731 2319 847 2363; x_wconf 85' lang='lat' dir='ltr'><strong>ligneo</strong></span> 
     </span>
     <span class='ocr_line' id='line_1_42' title="bbox 139 2370 849 2414; baseline 0.003 -12"><span class='ocrx_word' id='word_1_228' title='bbox 139 2370 284 2412; x_wconf 85' lang='lat' dir='ltr'><strong>circulo,</strong></span> <span class='ocrx_word' id='word_1_229' title='bbox 305 2371 360 2403; x_wconf 91' lang='lat' dir='ltr'><strong>cui</strong></span> <span class='ocrx_word' id='word_1_230' title='bbox 389 2371 674 2414; x_wconf 76' lang='lat' dir='ltr'><strong>superinductum</strong></span> <span class='ocrx_word' id='word_1_231' title='bbox 704 2381 749 2404; x_wconf 86' lang='lat' dir='ltr'><strong>ex</strong></span> <span class='ocrx_word' id='word_1_232' title='bbox 780 2381 849 2404; x_wconf 88' lang='lat' dir='ltr'><strong>uua</strong></span> 
     </span>
     <span class='ocr_line' id='line_1_43' title="bbox 139 2422 848 2466; baseline 0.001 -11"><span class='ocrx_word' id='word_1_233' title='bbox 139 2422 248 2455; x_wconf 89' lang='lat' dir='ltr'><strong>solum</strong></span> <span class='ocrx_word' id='word_1_234' title='bbox 264 2426 366 2464; x_wconf 86' lang='lat' dir='ltr'><strong>parte</strong></span> <span class='ocrx_word' id='word_1_235' title='bbox 385 2427 478 2455; x_wconf 86' lang='lat' dir='ltr'><strong>esset</strong></span> <span class='ocrx_word' id='word_1_236' title='bbox 502 2422 648 2463; x_wconf 86' lang='lat' dir='ltr'><strong>corium,</strong></span> <span class='ocrx_word' id='word_1_237' title='bbox 670 2422 728 2455; x_wconf 84' lang='lat' dir='ltr'><strong>illa</strong></span> <span class='ocrx_word' id='word_1_238' title='bbox 743 2423 848 2466; x_wconf 88' lang='lat' dir='ltr'><strong>plane</strong></span> 
     </span>
     <span class='ocr_line' id='line_1_44' title="bbox 141 2472 849 2518; baseline 0.001 -11"><span class='ocrx_word' id='word_1_239' title='bbox 141 2472 341 2518; x_wconf 82' lang='lat' dir='ltr'><strong>effigie,qua</strong></span> <span class='ocrx_word' id='word_1_240' title='bbox 357 2474 631 2515; x_wconf 31' lang='lat' dir='ltr'><strong>exhibuit-Laut.</strong></span> <span class='ocrx_word' id='word_1_241' title='bbox 646 2473 849 2517; x_wconf 78' lang='lat' dir='ltr'><strong>Pignor.&#39;de</strong></span> 
     </span>
     <span class='ocr_line' id='line_1_45' title="bbox 140 2525 847 2569; baseline 0.001 -11"><span class='ocrx_word' id='word_1_242' title='bbox 140 2525 238 2558; x_wconf 81' lang='lat' dir='ltr'><strong>Serv.</strong></span> <span class='ocrx_word' id='word_1_243' title='bbox 284 2526 499 2568; x_wconf 85' lang='lat' dir='ltr'><strong>Falliturque</strong></span> <span class='ocrx_word' id='word_1_244' title='bbox 512 2525 696 2568; x_wconf 89' lang='lat' dir='ltr'><strong>plurimum</strong></span> <span class='ocrx_word' id='word_1_245' title='bbox 712 2526 847 2569; x_wconf 82' lang='lat' dir='ltr'><strong>Demp-</strong></span> 
     </span>
     <span class='ocr_line' id='line_1_46' title="bbox 139 2577 848 2619; baseline 0 -9"><span class='ocrx_word' id='word_1_246' title='bbox 139 2581 253 2610; x_wconf 82' lang='lat' dir='ltr'><strong>sterus</strong></span> <span class='ocrx_word' id='word_1_247' title='bbox 278 2577 322 2610; x_wconf 87' lang='lat' dir='ltr'><strong>ad</strong></span> <span class='ocrx_word' id='word_1_248' title='bbox 346 2578 462 2610; x_wconf 87' lang='lat' dir='ltr'><strong>Rosin.</strong></span> <span class='ocrx_word' id='word_1_249' title='bbox 477 2586 518 2609; x_wconf 88' lang='lat'><strong>11.</strong></span> <span class='ocrx_word' id='word_1_250' title='bbox 542 2586 574 2609; x_wconf 91' lang='lat' dir='ltr'><strong>c.</strong></span> <span class='ocrx_word' id='word_1_251' title='bbox 588 2579 620 2609; x_wconf 78' lang='lat'><strong>4.</strong></span> <span class='ocrx_word' id='word_1_252' title='bbox 644 2577 779 2619; x_wconf 88' lang='lat' dir='ltr'><strong>quando</strong></span> <span class='ocrx_word' id='word_1_253' title='bbox 803 2587 848 2610; x_wconf 83' lang='lat' dir='ltr'><strong>ae·</strong></span> 
     </span>
     <span class='ocr_line' id='line_1_47' title="bbox 139 2626 847 2671; baseline 0.001 -10"><span class='ocrx_word' id='word_1_254' title='bbox 139 2636 200 2661; x_wconf 83' lang='lat' dir='ltr'><strong>rea</strong></span> <span class='ocrx_word' id='word_1_255' title='bbox 213 2626 319 2661; x_wconf 79' lang='lat' dir='ltr'><strong>fuisse</strong></span> <span class='ocrx_word' id='word_1_256' title='bbox 335 2627 467 2669; x_wconf 76' lang='lat' dir='ltr'><strong>scribit,</strong></span> <span class='ocrx_word' id='word_1_257' title='bbox 491 2631 528 2660; x_wconf 90' lang='lat' dir='ltr'><strong>et</strong></span> <span class='ocrx_word' id='word_1_258' title='bbox 549 2628 560 2646; x_wconf 81' lang='lat'>⁴</span> <span class='ocrx_word' id='word_1_259' title='bbox 578 2627 657 2660; x_wconf 81' lang='lat' dir='ltr'><strong>AEra</strong></span> <span class='ocrx_word' id='word_1_260' title='bbox 671 2628 847 2671; x_wconf 87' lang='lat' dir='ltr'><strong>Coryban-</strong></span> 
     </span>
     <span class='ocr_line' id='line_1_48' title="bbox 139 2681 846 2725; baseline 0.001 -11"><span class='ocrx_word' id='word_1_261' title='bbox 139 2681 224 2714; x_wconf 85' lang='lat' dir='ltr'><strong>tina&#39;</strong></span> <span class='ocrx_word' id='word_1_262' title='bbox 239 2681 374 2724; x_wconf 81' lang='lat' dir='ltr'><strong>Virgilii</strong></span> <span class='ocrx_word' id='word_1_263' title='bbox 389 2681 433 2714; x_wconf 85' lang='lat' dir='ltr'><strong>de</strong></span> <span class='ocrx_word' id='word_1_264' title='bbox 451 2681 536 2725; x_wconf 87' lang='lat' dir='ltr'><strong>ipsis</strong></span> <span class='ocrx_word' id='word_1_265' title='bbox 552 2682 693 2725; x_wconf 87' lang='lat' dir='ltr'><strong>accipit.</strong></span> <span class='ocrx_word' id='word_1_266' title='bbox 743 2682 846 2717; x_wconf 84' lang='lat' dir='ltr'><strong>Quod</strong></span> 
     </span>
     <span class='ocr_line' id='line_1_49' title="bbox 139 2731 846 2776; baseline 0.004 -12"><span class='ocrx_word' id='word_1_267' title='bbox 139 2731 196 2765; x_wconf 83' lang='lat' dir='ltr'><strong>vel</strong></span> <span class='ocrx_word' id='word_1_268' title='bbox 210 2741 253 2765; x_wconf 83' lang='lat' dir='ltr'><strong>ex</strong></span> <span class='ocrx_word' id='word_1_269' title='bbox 265 2732 387 2765; x_wconf 86' lang='lat' dir='ltr'><strong>Servio</strong></span> <span class='ocrx_word' id='word_1_270' title='bbox 404 2732 446 2766; x_wconf 88' lang='lat' dir='ltr'><strong>ad</strong></span> <span class='ocrx_word' id='word_1_271' title='bbox 459 2742 536 2766; x_wconf 92' lang='lat' dir='ltr'><strong>eum</strong></span> <span class='ocrx_word' id='word_1_272' title='bbox 548 2733 661 2766; x_wconf 90' lang='lat' dir='ltr'><strong>locum</strong></span> <span class='ocrx_word' id='word_1_273' title='bbox 675 2734 846 2776; x_wconf 85' lang='lat' dir='ltr'><strong>potuisset</strong></span> 
     </span>
     <span class='ocr_line' id='line_1_50' title="bbox 139 2782 845 2825; baseline 0.003 -10"><span class='ocrx_word' id='word_1_274' title='bbox 139 2782 288 2825; x_wconf 83' lang='lat' dir='ltr'><strong>discere,</strong></span> <span class='ocrx_word' id='word_1_275' title='bbox 312 2793 389 2816; x_wconf 89' lang='lat' dir='ltr'><strong>cum</strong></span> <span class='ocrx_word' id='word_1_276' title='bbox 405 2784 455 2817; x_wconf 89' lang='lat' dir='ltr'><strong>ita</strong></span> <span class='ocrx_word' id='word_1_277' title='bbox 472 2784 620 2817; x_wconf 86' lang='lat' dir='ltr'><strong>scribat:</strong></span> <span class='ocrx_word' id='word_1_278' title='bbox 645 2784 656 2803; x_wconf 89' lang='lat'>‘</span> <span class='ocrx_word' id='word_1_279' title='bbox 672 2785 772 2817; x_wconf 88' lang='lat' dir='ltr'><strong>AErea</strong></span> <span class='ocrx_word' id='word_1_280' title='bbox 787 2795 845 2817; x_wconf 85' lang='lat' dir='ltr'><strong>au-</strong></span> 
     </span>
     <span class='ocr_line' id='line_1_51' title="bbox 141 2833 844 2880; baseline 0.006 -13"><span class='ocrx_word' id='word_1_281' title='bbox 141 2837 213 2867; x_wconf 87' lang='lat' dir='ltr'><strong>tem</strong></span> <span class='ocrx_word' id='word_1_282' title='bbox 238 2833 397 2878; x_wconf 79' lang='lat' dir='ltr'><strong>cymbala</strong></span> <span class='ocrx_word' id='word_1_283' title='bbox 426 2835 682 2880; x_wconf 70' lang='lat' dir='ltr'><strong>Corybantibus</strong></span> <span class='ocrx_word' id='word_1_284' title='bbox 707 2836 844 2873; x_wconf 80' lang='lat' dir='ltr'><strong>Jasonis</strong></span> 
     </span>
    </p>
   </div>
   <div class='ocr_carea' id='block_1_3' title="bbox 1525 199 1614 244">
    <p class='ocr_par' dir='ltr' id='par_1_7' title="bbox 1525 199 1614 244">
     <span class='ocr_line' id='line_1_52' title="bbox 1525 199 1614 244; baseline -0.022 1"><span class='ocrx_word' id='word_1_285' title='bbox 1525 199 1614 244; x_wconf 77' lang='lat'><strong>569</strong></span> 
     </span>
    </p>
   </div>
   <div class='ocr_carea' id='block_1_4' title="bbox 894 307 1643 2621">
    <p class='ocr_par' dir='ltr' id='par_1_8' title="bbox 906 307 1615 560">
     <span class='ocr_line' id='line_1_53' title="bbox 907 307 1615 355; baseline -0.008 -10"><span class='ocrx_word' id='word_1_286' title='bbox 907 310 1001 354; x_wconf 83' lang='lat' dir='ltr'><strong>filiis,</strong></span> <span class='ocrx_word' id='word_1_287' title='bbox 1025 310 1150 355; x_wconf 84' lang='lat' dir='ltr'><strong>quibus</strong></span> <span class='ocrx_word' id='word_1_288' title='bbox 1177 308 1333 352; x_wconf 82' lang='lat' dir='ltr'><strong>vagitum</strong></span> <span class='ocrx_word' id='word_1_289' title='bbox 1358 307 1455 342; x_wconf 84' lang='lat' dir='ltr'><strong>Jovis</strong></span> <span class='ocrx_word' id='word_1_290' title='bbox 1480 307 1615 340; x_wconf 83' lang='lat' dir='ltr'><strong>celave-</strong></span> 
     </span>
     <span class='ocr_line' id='line_1_54' title="bbox 907 360 1613 404; baseline -0.007 -8"><span class='ocrx_word' id='word_1_291' title='bbox 907 361 1009 396; x_wconf 68' lang='lat' dir='ltr'><strong>runt!</strong></span> <span class='ocrx_word' id='word_1_292' title='bbox 1057 360 1209 404; x_wconf 72' lang='lat' dir='ltr'><strong>cymbala</strong></span> <span class='ocrx_word' id='word_1_293' title='bbox 1227 364 1340 400; x_wconf 86' lang='lat' dir='ltr'><strong>vocat,</strong></span> <span class='ocrx_word' id='word_1_294' title='bbox 1360 369 1428 392; x_wconf 90' lang='lat' dir='ltr'><strong>non</strong></span> <span class='ocrx_word' id='word_1_295' title='bbox 1452 362 1613 402; x_wconf 72' lang='lat' dir='ltr'><strong>tympana.</strong></span> 
     </span>
     <span class='ocr_line' id='line_1_55' title="bbox 906 409 1614 455; baseline -0.007 -9"><span class='ocrx_word' id='word_1_296' title='bbox 906 411 1024 446; x_wconf 86' lang='lat' dir='ltr'><strong>Schef.</strong></span> <span class='ocrx_word' id='word_1_297' title='bbox 1071 411 1229 455; x_wconf 81' lang='lat' dir='ltr'><strong>Respicit</strong></span> <span class='ocrx_word' id='word_1_298' title='bbox 1243 411 1310 444; x_wconf 84' lang='lat' dir='ltr'><strong>huc</strong></span> <span class='ocrx_word' id='word_1_299' title='bbox 1325 410 1458 444; x_wconf 86' lang='lat' dir='ltr'><strong>Seneca</strong></span> <span class='ocrx_word' id='word_1_300' title='bbox 1472 409 1517 443; x_wconf 88' lang='lat' dir='ltr'><strong>de</strong></span> <span class='ocrx_word' id='word_1_301' title='bbox 1531 410 1614 442; x_wconf 88' lang='lat' dir='ltr'><strong>Vita</strong></span> 
     </span>
     <span class='ocr_line' id='line_1_56' title="bbox 906 462 1615 504; baseline -0.006 -7"><span class='ocrx_word' id='word_1_302' title='bbox 906 465 1019 497; x_wconf 82' lang='lat' dir='ltr'><strong>Beata</strong></span> <span class='ocrx_word' id='word_1_303' title='bbox 1034 472 1118 497; x_wconf 86' lang='lat' dir='ltr'><strong>xm.</strong></span> <span class='ocrx_word' id='word_1_304' title='bbox 1134 466 1166 496; x_wconf 79' lang='lat'><strong>4.</strong></span> <span class='ocrx_word' id='word_1_305' title='bbox 1189 464 1199 482; x_wconf 90' lang='lat'>‘</span> <span class='ocrx_word' id='word_1_306' title='bbox 1216 462 1285 496; x_wconf 89' lang='lat' dir='ltr'><strong>Sed</strong></span> <span class='ocrx_word' id='word_1_307' title='bbox 1301 463 1337 495; x_wconf 91' lang='lat' dir='ltr'><strong>in</strong></span> <span class='ocrx_word' id='word_1_308' title='bbox 1359 465 1462 495; x_wconf 87' lang='lat' dir='ltr'><strong>manu</strong></span> <span class='ocrx_word' id='word_1_309' title='bbox 1478 466 1615 504; x_wconf 86' lang='lat' dir='ltr'><strong>tympa-</strong></span> 
     </span>
     <span class='ocr_line' id='line_1_57' title="bbox 906 515 1592 560; baseline -0.007 -8"><span class='ocrx_word' id='word_1_310' title='bbox 906 528 986 551; x_wconf 88' lang='lat' dir='ltr'><strong>num</strong></span> <span class='ocrx_word' id='word_1_311' title='bbox 1003 522 1057 552; x_wconf 79' lang='lat' dir='ltr'><strong>est</strong></span> <span class='ocrx_word' id='word_1_312' title='bbox 1069 517 1091 551; x_wconf 83' lang='lat'><strong>:&#39;</strong></span> <span class='ocrx_word' id='word_1_313' title='bbox 1106 518 1166 550; x_wconf 88' lang='lat' dir='ltr'><strong>ubi</strong></span> <span class='ocrx_word' id='word_1_314' title='bbox 1182 517 1335 560; x_wconf 88' lang='lat' dir='ltr'><strong>Lipsium</strong></span> <span class='ocrx_word' id='word_1_315' title='bbox 1350 516 1444 550; x_wconf 86' lang='lat' dir='ltr'><strong>vide.</strong></span> <span class='ocrx_word' id='word_1_316' title='bbox 1464 515 1592 549; x_wconf 75' lang='lat' dir='ltr'><strong>Freins.</strong></span> 
     </span>
    </p>

    <p class='ocr_par' dir='ltr' id='par_1_9' title="bbox 896 565 1643 1699">
     <span class='ocr_line' id='line_1_58' title="bbox 949 565 1618 611; baseline -0.007 -9"><span class='ocrx_word' id='word_1_317' title='bbox 949 569 1071 611; x_wconf 75' lang='lat' dir='ltr'><strong>Rogati</strong></span> <span class='ocrx_word' id='word_1_318' title='bbox 1100 578 1175 602; x_wconf 75' lang='lat' dir='ltr'><strong>mox</strong></span> <span class='ocrx_word' id='word_1_319' title='bbox 1197 579 1218 601; x_wconf 83' lang='grc' dir='ltr'><strong><em>α</em></strong></span> <span class='ocrx_word' id='word_1_320' title='bbox 1247 569 1378 611; x_wconf 74' lang='lat' dir='ltr'><strong>quodam</strong></span> <span class='ocrx_word' id='word_1_321' title='bbox 1408 566 1520 600; x_wconf 76' lang='lat' dir='ltr'><strong>delicio</strong></span> <span class='ocrx_word' id='word_1_322' title='bbox 1545 565 1618 608; x_wconf 75' lang='lat' dir='ltr'><strong>suo]</strong></span> 
     </span>
     <span class='ocr_line' id='line_1_59' title="bbox 904 619 1614 661; baseline -0.008 -7"><span class='ocrx_word' id='word_1_323' title='bbox 904 620 1087 654; x_wconf 80' lang='lat' dir='ltr'><strong>Salmasius</strong></span> <span class='ocrx_word' id='word_1_324' title='bbox 1104 621 1148 653; x_wconf 86' lang='lat' dir='ltr'><strong>ad</strong></span> <span class='ocrx_word' id='word_1_325' title='bbox 1164 620 1297 653; x_wconf 78' lang='lat' dir='ltr'><strong>Hister.</strong></span> <span class='ocrx_word' id='word_1_326' title='bbox 1321 619 1412 661; x_wconf 89' lang='lat' dir='ltr'><strong>Aug.</strong></span> <span class='ocrx_word' id='word_1_327' title='bbox 1435 627 1514 661; x_wconf 87' lang='lat' dir='ltr'><strong>pag.</strong></span> <span class='ocrx_word' id='word_1_328' title='bbox 1535 619 1614 649; x_wconf 81' lang='lat'><strong>491.</strong></span> 
     </span>
     <span class='ocr_line' id='line_1_60' title="bbox 906 668 1615 715; baseline -0.007 -10"><span class='ocrx_word' id='word_1_329' title='bbox 906 672 1100 715; x_wconf 81' lang='lat' dir='ltr'><strong>distinguit,</strong></span> <span class='ocrx_word' id='word_1_330' title='bbox 1123 671 1245 713; x_wconf 77' lang='lat' dir='ltr'><strong>Rogati</strong></span> <span class='ocrx_word' id='word_1_331' title='bbox 1260 681 1333 703; x_wconf 77' lang='lat' dir='ltr'><strong>mox</strong></span> <span class='ocrx_word' id='word_1_332' title='bbox 1358 681 1377 702; x_wconf 86' lang='grc' dir='ltr'><em>α</em></span> <span class='ocrx_word' id='word_1_333' title='bbox 1398 670 1539 712; x_wconf 77' lang='lat' dir='ltr'><strong>quodam,</strong></span> <span class='ocrx_word' id='word_1_334' title='bbox 1559 668 1615 700; x_wconf 80' lang='lat' dir='ltr'><strong>de-</strong></span> 
     </span>
     <span class='ocr_line' id='line_1_61' title="bbox 905 717 1614 763; baseline -0.008 -6"><span class='ocrx_word' id='word_1_335' title='bbox 905 724 977 763; x_wconf 74' lang='lat' dir='ltr'><strong>licio</strong></span> <span class='ocrx_word' id='word_1_336' title='bbox 998 734 1053 757; x_wconf 81' lang='lat' dir='ltr'><strong>suo</strong></span> <span class='ocrx_word' id='word_1_337' title='bbox 1078 723 1237 760; x_wconf 80' lang='lat' dir='ltr'><strong>Quidnam</strong></span> <span class='ocrx_word' id='word_1_338' title='bbox 1256 722 1420 763; x_wconf 77' lang='lat' dir='ltr'><strong>fecissent.</strong></span> <span class='ocrx_word' id='word_1_339' title='bbox 1465 719 1521 752; x_wconf 87' lang='lat' dir='ltr'><strong>Sic</strong></span> <span class='ocrx_word' id='word_1_340' title='bbox 1538 717 1614 752; x_wconf 88' lang='lat' dir='ltr'><strong>Asi-</strong></span> 
     </span>
     <span class='ocr_line' id='line_1_62' title="bbox 905 770 1615 814; baseline -0.008 -6"><span class='ocrx_word' id='word_1_341' title='bbox 905 784 968 808; x_wconf 90' lang='lat' dir='ltr'><strong>nus</strong></span> <span class='ocrx_word' id='word_1_342' title='bbox 992 776 1003 794; x_wconf 89' lang='lat'><em>‘</em></span> <span class='ocrx_word' id='word_1_343' title='bbox 1019 773 1205 808; x_wconf 88' lang='lat' dir='ltr'><strong>Delicium’</strong></span> <span class='ocrx_word' id='word_1_344' title='bbox 1227 773 1354 806; x_wconf 88' lang='lat' dir='ltr'><strong>dicitur</strong></span> <span class='ocrx_word' id='word_1_345' title='bbox 1379 771 1530 814; x_wconf 88' lang='lat' dir='ltr'><strong>Apuleio</strong></span> <span class='ocrx_word' id='word_1_346' title='bbox 1553 770 1615 803; x_wconf 86' lang='lat' dir='ltr'><strong>lib.</strong></span> 
     </span>
     <span class='ocr_line' id='line_1_63' title="bbox 904 821 1615 868; baseline -0.008 -9"><span class='ocrx_word' id='word_1_347' title='bbox 904 836 985 860; x_wconf 85' lang='lat' dir='ltr'><strong>vm.</strong></span> <span class='ocrx_word' id='word_1_348' title='bbox 1008 831 1046 859; x_wconf 91' lang='lat' dir='ltr'><strong>et</strong></span> <span class='ocrx_word' id='word_1_349' title='bbox 1061 826 1096 858; x_wconf 92' lang='lat' dir='ltr'><strong>in</strong></span> <span class='ocrx_word' id='word_1_350' title='bbox 1119 825 1217 868; x_wconf 84' lang='lat' dir='ltr'><strong>Copa</strong></span> <span class='ocrx_word' id='word_1_351' title='bbox 1232 825 1325 857; x_wconf 87' lang='lat' dir='ltr'><strong>inter</strong></span> <span class='ocrx_word' id='word_1_352' title='bbox 1339 823 1521 856; x_wconf 78' lang='lat' dir='ltr'><strong>Catalecta</strong></span> <span class='ocrx_word' id='word_1_353' title='bbox 1533 821 1615 854; x_wconf 86' lang='lat' dir='ltr'><strong>Vir-</strong></span> 
     </span>
     <span class='ocr_line' id='line_1_64' title="bbox 904 871 1614 920; baseline -0.01 -9"><span class='ocrx_word' id='word_1_354' title='bbox 904 878 998 920; x_wconf 81' lang='lat' dir='ltr'><strong>gilii:</strong></span> <span class='ocrx_word' id='word_1_355' title='bbox 1034 878 1045 896; x_wconf 88' lang='lat'>‘</span> <span class='ocrx_word' id='word_1_356' title='bbox 1071 877 1164 919; x_wconf 88' lang='lat' dir='ltr'><strong>Huc,</strong></span> <span class='ocrx_word' id='word_1_357' title='bbox 1199 874 1354 913; x_wconf 85' lang='lat' dir='ltr'><strong>Alibida,</strong></span> <span class='ocrx_word' id='word_1_358' title='bbox 1381 873 1473 912; x_wconf 80' lang='lat' dir='ltr'><strong>veni,</strong></span> <span class='ocrx_word' id='word_1_359' title='bbox 1502 871 1614 905; x_wconf 87' lang='lat' dir='ltr'><strong>fessus</strong></span> 
     </span>
     <span class='ocr_line' id='line_1_65' title="bbox 896 923 1615 971; baseline -0.01 -9"><span class='ocrx_word' id='word_1_360' title='bbox 896 929 970 971; x_wconf 85' lang='lat' dir='ltr'><strong>jam</strong></span> <span class='ocrx_word' id='word_1_361' title='bbox 999 928 1119 961; x_wconf 55' lang='lat' dir='ltr'><strong>sudat*</strong></span> <span class='ocrx_word' id='word_1_362' title='bbox 1132 927 1279 967; x_wconf 86' lang='lat' dir='ltr'><strong>asellus;</strong></span> <span class='ocrx_word' id='word_1_363' title='bbox 1301 925 1415 957; x_wconf 88' lang='lat' dir='ltr'><strong>Parce</strong></span> <span class='ocrx_word' id='word_1_364' title='bbox 1443 923 1514 956; x_wconf 88' lang='lat' dir='ltr'><strong>illi:</strong></span> <span class='ocrx_word' id='word_1_365' title='bbox 1538 933 1615 956; x_wconf 85' lang='lat' dir='ltr'><strong>ves-</strong></span> 
     </span>
     <span class='ocr_line' id='line_1_66' title="bbox 903 976 1615 1017; baseline -0.008 -4"><span class='ocrx_word' id='word_1_366' title='bbox 903 985 994 1013; x_wconf 89' lang='lat' dir='ltr'><strong>trum</strong></span> <span class='ocrx_word' id='word_1_367' title='bbox 1010 979 1173 1012; x_wconf 87' lang='lat' dir='ltr'><strong>delicium</strong></span> <span class='ocrx_word' id='word_1_368' title='bbox 1186 981 1241 1011; x_wconf 83' lang='lat' dir='ltr'><strong>est</strong></span> <span class='ocrx_word' id='word_1_369' title='bbox 1252 976 1388 1010; x_wconf 70' lang='lat' dir='ltr'><strong>asinus!</strong></span> <span class='ocrx_word' id='word_1_370' title='bbox 1423 976 1516 1017; x_wconf 85' lang='lat' dir='ltr'><strong>Lege</strong></span> <span class='ocrx_word' id='word_1_371' title='bbox 1529 984 1615 1008; x_wconf 86' lang='lat' dir='ltr'><strong>vero</strong></span> 
     </span>
     <span class='ocr_line' id='line_1_67' title="bbox 903 1028 1615 1074; baseline -0.01 -9"><span class='ocrx_word' id='word_1_372' title='bbox 903 1031 972 1065; x_wconf 89' lang='lat' dir='ltr'><strong>ibi:</strong></span> <span class='ocrx_word' id='word_1_373' title='bbox 996 1031 1084 1074; x_wconf 73' lang='lat' dir='ltr'><strong>Huc,</strong></span> <span class='ocrx_word' id='word_1_374' title='bbox 1112 1030 1273 1073; x_wconf 59' lang='lat' dir='ltr'><strong>ambita,</strong></span> <span class='ocrx_word' id='word_1_375' title='bbox 1298 1029 1380 1062; x_wconf 81' lang='lat' dir='ltr'><strong>veni.</strong></span> <span class='ocrx_word' id='word_1_376' title='bbox 1427 1029 1500 1060; x_wconf 88' lang='lat' dir='ltr'><strong>Per</strong></span> <span class='ocrx_word' id='word_1_377' title='bbox 1517 1028 1615 1070; x_wconf 79' lang='lat' dir='ltr'><strong>Caly·</strong></span> 
     </span>
     <span class='ocr_line' id='line_1_68' title="bbox 903 1080 1613 1126; baseline -0.008 -8"><span class='ocrx_word' id='word_1_378' title='bbox 903 1084 971 1117; x_wconf 76' lang='lat' dir='ltr'><strong>bita</strong></span> <span class='ocrx_word' id='word_1_379' title='bbox 985 1084 1033 1118; x_wconf 92' lang='lat' dir='ltr'><strong>ibi</strong></span> <span class='ocrx_word' id='word_1_380' title='bbox 1048 1084 1206 1126; x_wconf 84' lang='lat' dir='ltr'><strong>intellige</strong></span> <span class='ocrx_word' id='word_1_381' title='bbox 1226 1081 1282 1115; x_wconf 74' lang='grc' dir='ltr'><strong>τὸν</strong></span> <span class='ocrx_word' id='word_1_382' title='bbox 1296 1080 1522 1122; x_wconf 81' lang='grc' dir='ltr'>θαλαμήπολον</span> <span class='ocrx_word' id='word_1_383' title='bbox 1535 1080 1613 1113; x_wconf 86' lang='lat' dir='ltr'><strong>Ma-</strong></span> 
     </span>
     <span class='ocr_line' id='line_1_69' title="bbox 902 1131 1614 1178; baseline -0.008 -9"><span class='ocrx_word' id='word_1_384' title='bbox 902 1137 965 1169; x_wconf 90' lang='lat' dir='ltr'><strong>tris</strong></span> <span class='ocrx_word' id='word_1_385' title='bbox 996 1136 1120 1178; x_wconf 90' lang='lat' dir='ltr'><strong>Deum,</strong></span> <span class='ocrx_word' id='word_1_386' title='bbox 1148 1134 1287 1168; x_wconf 85' lang='lat' dir='ltr'><strong>Gallum</strong></span> <span class='ocrx_word' id='word_1_387' title='bbox 1313 1133 1463 1174; x_wconf 89' lang='lat' dir='ltr'><strong>scilicet,</strong></span> <span class='ocrx_word' id='word_1_388' title='bbox 1496 1131 1552 1175; x_wconf 90' lang='lat' dir='ltr'><strong>qui</strong></span> <span class='ocrx_word' id='word_1_389' title='bbox 1578 1131 1614 1164; x_wconf 90' lang='lat' dir='ltr'><strong>in</strong></span> 
     </span>
     <span class='ocr_line' id='line_1_70' title="bbox 902 1187 1614 1231; baseline -0.01 -9"><span class='ocrx_word' id='word_1_390' title='bbox 902 1189 1054 1222; x_wconf 87' lang='lat' dir='ltr'><strong>thalamo</strong></span> <span class='ocrx_word' id='word_1_391' title='bbox 1070 1187 1230 1231; x_wconf 84' lang='lat' dir='ltr'><strong>Cybebes</strong></span> <span class='ocrx_word' id='word_1_392' title='bbox 1245 1190 1414 1226; x_wconf 78' lang='lat' dir='ltr'><strong>versatur,</strong></span> <span class='ocrx_word' id='word_1_393' title='bbox 1437 1188 1474 1217; x_wconf 89' lang='lat' dir='ltr'><strong>et</strong></span> <span class='ocrx_word' id='word_1_394' title='bbox 1496 1193 1614 1216; x_wconf 84' lang='lat' dir='ltr'><strong>curam</strong></span> 
     </span>
     <span class='ocr_line' id='line_1_71' title="bbox 901 1235 1615 1284; baseline -0.01 -10"><span class='ocrx_word' id='word_1_395' title='bbox 901 1241 977 1284; x_wconf 79' lang='lat' dir='ltr'><strong>ejus</strong></span> <span class='ocrx_word' id='word_1_396' title='bbox 1004 1240 1106 1283; x_wconf 83' lang='lat' dir='ltr'><strong>gerit.</strong></span> <span class='ocrx_word' id='word_1_397' title='bbox 1152 1238 1312 1272; x_wconf 74' lang='lat' dir='ltr'><strong>Delicium</strong></span> <span class='ocrx_word' id='word_1_398' title='bbox 1333 1246 1417 1270; x_wconf 84' lang='lat' dir='ltr'><strong>vero</strong></span> <span class='ocrx_word' id='word_1_399' title='bbox 1442 1235 1615 1269; x_wconf 85' lang='lat' dir='ltr'><strong>vocaban-</strong></span> 
     </span>
     <span class='ocr_line' id='line_1_72' title="bbox 901 1288 1612 1334; baseline -0.01 -9"><span class='ocrx_word' id='word_1_400' title='bbox 901 1296 958 1326; x_wconf 85' lang='lat' dir='ltr'><strong>tur</strong></span> <span class='ocrx_word' id='word_1_401' title='bbox 973 1291 1072 1334; x_wconf 91' lang='lat' dir='ltr'><strong>pueri</strong></span> <span class='ocrx_word' id='word_1_402' title='bbox 1096 1295 1134 1324; x_wconf 92' lang='lat' dir='ltr'><strong>et</strong></span> <span class='ocrx_word' id='word_1_403' title='bbox 1153 1288 1280 1333; x_wconf 78' lang='lat' dir='ltr'><strong>puellae</strong></span> <span class='ocrx_word' id='word_1_404' title='bbox 1304 1289 1494 1330; x_wconf 85' lang='lat' dir='ltr'><strong>elegantes,</strong></span> <span class='ocrx_word' id='word_1_405' title='bbox 1518 1296 1612 1329; x_wconf 85' lang='lat' dir='ltr'><strong>saepe</strong></span> 
     </span>
     <span class='ocr_line' id='line_1_73' title="bbox 900 1339 1614 1384; baseline -0.008 -7"><span class='ocrx_word' id='word_1_406' title='bbox 900 1345 937 1377; x_wconf 89' lang='lat' dir='ltr'><strong>in</strong></span> <span class='ocrx_word' id='word_1_407' title='bbox 951 1343 1130 1377; x_wconf 82' lang='lat' dir='ltr'><strong>veteribus</strong></span> <span class='ocrx_word' id='word_1_408' title='bbox 1145 1340 1439 1384; x_wconf 77' lang='lat' dir='ltr'><strong>inscriptionibus,</strong></span> <span class='ocrx_word' id='word_1_409' title='bbox 1485 1339 1614 1372; x_wconf 86' lang='lat' dir='ltr'><strong>Grute-</strong></span> 
     </span>
     <span class='ocr_line' id='line_1_74' title="bbox 900 1389 1614 1439; baseline -0.008 -10"><span class='ocrx_word' id='word_1_410' title='bbox 900 1406 960 1429; x_wconf 84' lang='lat' dir='ltr'><strong>rus</strong></span> <span class='ocrx_word' id='word_1_411' title='bbox 983 1405 1062 1439; x_wconf 83' lang='lat' dir='ltr'><strong>pag.</strong></span> <span class='ocrx_word' id='word_1_412' title='bbox 1083 1403 1239 1429; x_wconf 80' lang='lat' dir='ltr'><strong>mcxvn.</strong></span> <span class='ocrx_word' id='word_1_413' title='bbox 1255 1397 1287 1428; x_wconf 74' lang='lat'><strong>8.</strong></span> <span class='ocrx_word' id='word_1_414' title='bbox 1323 1393 1334 1411; x_wconf 91' lang='lat'>‘</span> <span class='ocrx_word' id='word_1_415' title='bbox 1356 1391 1492 1425; x_wconf 88' lang='lat' dir='ltr'><strong>Delicio</strong></span> <span class='ocrx_word' id='word_1_416' title='bbox 1518 1401 1579 1424; x_wconf 88' lang='lat' dir='ltr'><strong>sno</strong></span> <span class='ocrx_word' id='word_1_417' title='bbox 1591 1389 1614 1431; x_wconf 86' lang='lat'><strong>;’</strong></span> 
     </span>
     <span class='ocr_line' id='line_1_75' title="bbox 901 1443 1614 1490; baseline -0.008 -9"><span class='ocrx_word' id='word_1_418' title='bbox 901 1451 939 1481; x_wconf 87' lang='lat' dir='ltr'><strong>et</strong></span> <span class='ocrx_word' id='word_1_419' title='bbox 953 1457 1032 1490; x_wconf 86' lang='lat' dir='ltr'><strong>pag.</strong></span> <span class='ocrx_word' id='word_1_420' title='bbox 1050 1455 1187 1480; x_wconf 71' lang='lat' dir='ltr'><strong>menn.</strong></span> <span class='ocrx_word' id='word_1_421' title='bbox 1204 1456 1240 1478; x_wconf 88' lang='lat' dir='ltr'><strong>n.</strong></span> <span class='ocrx_word' id='word_1_422' title='bbox 1255 1449 1287 1478; x_wconf 88' lang='grc'><strong>7.</strong></span> <span class='ocrx_word' id='word_1_423' title='bbox 1303 1447 1333 1478; x_wconf 85' lang='grc'><strong>8.</strong></span> <span class='ocrx_word' id='word_1_424' title='bbox 1350 1447 1404 1477; x_wconf 85' lang='lat'><strong>11.</strong></span> <span class='ocrx_word' id='word_1_425' title='bbox 1421 1447 1476 1476; x_wconf 80' lang='lat'><strong>12.</strong></span> <span class='ocrx_word' id='word_1_426' title='bbox 1499 1443 1559 1476; x_wconf 87' lang='lat' dir='ltr'><strong>ubi</strong></span> <span class='ocrx_word' id='word_1_427' title='bbox 1575 1446 1614 1475; x_wconf 90' lang='lat' dir='ltr'><strong>et</strong></span> 
     </span>
     <span class='ocr_line' id='line_1_76' title="bbox 901 1495 1612 1539; baseline -0.007 -7"><span class='ocrx_word' id='word_1_428' title='bbox 901 1498 945 1532; x_wconf 87' lang='lat' dir='ltr'><strong>de</strong></span> <span class='ocrx_word' id='word_1_429' title='bbox 959 1498 1119 1539; x_wconf 79' lang='lat' dir='ltr'><strong>foemina3</strong></span> <span class='ocrx_word' id='word_1_430' title='bbox 1144 1498 1188 1530; x_wconf 87' lang='lat' dir='ltr'><strong>de</strong></span> <span class='ocrx_word' id='word_1_431' title='bbox 1214 1497 1332 1539; x_wconf 87' lang='lat' dir='ltr'><strong>puella</strong></span> <span class='ocrx_word' id='word_1_432' title='bbox 1354 1495 1444 1529; x_wconf 89' lang='lat' dir='ltr'><strong>idem</strong></span> <span class='ocrx_word' id='word_1_433' title='bbox 1461 1505 1497 1538; x_wconf 88' lang='lat' dir='ltr'><strong>p.</strong></span> <span class='ocrx_word' id='word_1_434' title='bbox 1512 1497 1612 1528; x_wconf 80' lang='lat'><strong>1024.</strong></span> 
     </span>
     <span class='ocr_line' id='line_1_77' title="bbox 900 1547 1614 1588; baseline -0.008 -2"><span class='ocrx_word' id='word_1_435' title='bbox 900 1555 932 1586; x_wconf 78' lang='lat'><strong>2.</strong></span> <span class='ocrx_word' id='word_1_436' title='bbox 953 1552 965 1571; x_wconf 91' lang='lat'>‘</span> <span class='ocrx_word' id='word_1_437' title='bbox 981 1552 1138 1586; x_wconf 67' lang='lat' dir='ltr'><strong>Calvinae</strong></span> <span class='ocrx_word' id='word_1_438' title='bbox 1150 1551 1202 1585; x_wconf 89' lang='lat' dir='ltr'><strong>M.</strong></span> <span class='ocrx_word' id='word_1_439' title='bbox 1215 1549 1346 1583; x_wconf 86' lang='lat' dir='ltr'><strong>Silvani</strong></span> <span class='ocrx_word' id='word_1_440' title='bbox 1360 1549 1473 1588; x_wconf 86' lang='lat' dir='ltr'><strong>Filiae,</strong></span> <span class='ocrx_word' id='word_1_441' title='bbox 1488 1547 1614 1581; x_wconf 87' lang='lat' dir='ltr'><strong>delicio</strong></span> 
     </span>
     <span class='ocr_line' id='line_1_78' title="bbox 900 1597 1643 1644; baseline -0.011 -6"><span class='ocrx_word' id='word_1_442' title='bbox 900 1603 989 1638; x_wconf 67' lang='lat' dir='ltr'><strong>suo!</strong></span> <span class='ocrx_word' id='word_1_443' title='bbox 1034 1604 1082 1637; x_wconf 91' lang='lat' dir='ltr'><strong>Et</strong></span> <span class='ocrx_word' id='word_1_444' title='bbox 1111 1603 1216 1636; x_wconf 88' lang='lat' dir='ltr'><strong>Laur.</strong></span> <span class='ocrx_word' id='word_1_445' title='bbox 1242 1601 1363 1644; x_wconf 86' lang='lat' dir='ltr'><strong>Antiq.</strong></span> <span class='ocrx_word' id='word_1_446' title='bbox 1388 1610 1423 1643; x_wconf 88' lang='lat' dir='ltr'><strong>p.</strong></span> <span class='ocrx_word' id='word_1_447' title='bbox 1448 1603 1524 1633; x_wconf 83' lang='lat'><strong>500.</strong></span> <span class='ocrx_word' id='word_1_448' title='bbox 1569 1597 1613 1631; x_wconf 77' lang='lat' dir='ltr'><strong>In</strong></span> <span class='ocrx_word' id='word_1_449' title='bbox 1639 1598 1643 1610; x_wconf 84' lang='grc'><strong>’·</strong></span> 
     </span>
     <span class='ocr_line' id='line_1_79' title="bbox 900 1653 1288 1699; baseline -0.013 -10"><span class='ocrx_word' id='word_1_450' title='bbox 900 1654 1032 1699; x_wconf 85' lang='lat' dir='ltr'><strong>palatio</strong></span> <span class='ocrx_word' id='word_1_451' title='bbox 1046 1653 1288 1694; x_wconf 83' lang='lat' dir='ltr'><strong>Justinianaeo,</strong></span> 
     </span>
    </p>

    <p class='ocr_par' dir='ltr' id='par_1_10' title="bbox 1031 1711 1477 1944">
     <span class='ocr_line' id='line_1_80' title="bbox 1052 1711 1469 1739; baseline -0.01 0"><span class='ocrx_word' id='word_1_452' title='bbox 1052 1715 1085 1739; x_wconf 76' lang='grc' dir='ltr'><strong>ι..</strong></span> <span class='ocrx_word' id='word_1_453' title='bbox 1109 1713 1268 1738; x_wconf 69' lang='grc' dir='ltr'><strong>νΑιΕιιιο</strong></span> <span class='ocrx_word' id='word_1_454' title='bbox 1291 1711 1469 1737; x_wconf 72' lang='lat' dir='ltr'><strong>‘rnnEPTo</strong></span> 
     </span>
     <span class='ocr_line' id='line_1_81' title="bbox 1062 1763 1456 1791; baseline -0.01 0"><span class='ocrx_word' id='word_1_455' title='bbox 1062 1765 1226 1791; x_wconf 65' lang='lat' dir='ltr'><strong>vunnu</strong></span> <span class='ocrx_word' id='word_1_456' title='bbox 1249 1763 1456 1790; x_wconf 59' lang='lat' dir='ltr'><strong>messurus</strong></span> 
     </span>
     <span class='ocr_line' id='line_1_82' title="bbox 1134 1816 1379 1841; baseline -0.008 0"><span class='ocrx_word' id='word_1_457' title='bbox 1134 1816 1288 1841; x_wconf 70' lang='lat' dir='ltr'><strong>DELlclo</strong></span> <span class='ocrx_word' id='word_1_458' title='bbox 1312 1816 1379 1840; x_wconf 82' lang='lat' dir='ltr'><strong>svo</strong></span> 
     </span>
     <span class='ocr_line' id='line_1_83' title="bbox 1071 1866 1445 1893; baseline -0.008 0"><span class='ocrx_word' id='word_1_459' title='bbox 1071 1868 1178 1893; x_wconf 81' lang='lat' dir='ltr'><strong>vrxn·</strong></span> <span class='ocrx_word' id='word_1_460' title='bbox 1200 1866 1313 1891; x_wconf 60' lang='lat' dir='ltr'><strong>amus</strong></span> <span class='ocrx_word' id='word_1_461' title='bbox 1337 1866 1445 1891; x_wconf 75' lang='lat' dir='ltr'><strong>xxw.</strong></span> 
     </span>
     <span class='ocr_line' id='line_1_84' title="bbox 1031 1917 1477 1944; baseline -0.007 -1"><span class='ocrx_word' id='word_1_462' title='bbox 1031 1919 1184 1944; x_wconf 64' lang='lat' dir='ltr'><strong>neusin.</strong></span> <span class='ocrx_word' id='word_1_463' title='bbox 1212 1918 1248 1943; x_wconf 86' lang='lat' dir='ltr'><strong>v.</strong></span> <span class='ocrx_word' id='word_1_464' title='bbox 1273 1917 1373 1942; x_wconf 78' lang='lat' dir='ltr'><strong>DIEB.</strong></span> <span class='ocrx_word' id='word_1_465' title='bbox 1396 1917 1477 1941; x_wconf 83' lang='lat' dir='ltr'><strong>xix.</strong></span> 
     </span>
    </p>

    <p class='ocr_par' dir='ltr' id='par_1_11' title="bbox 894 1959 1614 2621">
     <span class='ocr_line' id='line_1_85' title="bbox 899 1959 1509 2001; baseline -0.007 -7"><span class='ocrx_word' id='word_1_466' title='bbox 899 1961 990 1994; x_wconf 87' lang='lat' dir='ltr'><strong>Vide</strong></span> <span class='ocrx_word' id='word_1_467' title='bbox 1007 1961 1206 1994; x_wconf 86' lang='lat' dir='ltr'><strong>Reinesium</strong></span> <span class='ocrx_word' id='word_1_468' title='bbox 1224 1969 1304 2001; x_wconf 86' lang='lat' dir='ltr'><strong>pag.</strong></span> <span class='ocrx_word' id='word_1_469' title='bbox 1321 1961 1397 1991; x_wconf 73' lang='lat'><strong>34⁷.</strong></span> <span class='ocrx_word' id='word_1_470' title='bbox 1423 1959 1509 1991; x_wconf 84' lang='lat' dir='ltr'><strong>Gud.</strong></span> 
     </span>
     <span class='ocr_line' id='line_1_86' title="bbox 943 2009 1612 2055; baseline -0.006 -10"><span class='ocrx_word' id='word_1_471' title='bbox 943 2012 1083 2055; x_wconf 83' lang='lat' dir='ltr'><strong>Delicio]</strong></span> <span class='ocrx_word' id='word_1_472' title='bbox 1104 2011 1174 2044; x_wconf 87' lang='lat' dir='ltr'><strong>Hic</strong></span> <span class='ocrx_word' id='word_1_473' title='bbox 1190 2012 1285 2043; x_wconf 88' lang='lat' dir='ltr'><strong>locus</strong></span> <span class='ocrx_word' id='word_1_474' title='bbox 1301 2019 1322 2042; x_wconf 84' lang='lat' dir='ltr'><strong>a</strong></span> <span class='ocrx_word' id='word_1_475' title='bbox 1335 2009 1485 2051; x_wconf 85' lang='lat' dir='ltr'><strong>nemine,</strong></span> <span class='ocrx_word' id='word_1_476' title='bbox 1508 2018 1612 2052; x_wconf 83' lang='lat' dir='ltr'><strong>quam</strong></span> 
     </span>
     <span class='ocr_line' id='line_1_87' title="bbox 898 2060 1614 2107; baseline -0.007 -10"><span class='ocrx_word' id='word_1_477' title='bbox 898 2063 1064 2107; x_wconf 87' lang='lat' dir='ltr'><strong>Apuleio,</strong></span> <span class='ocrx_word' id='word_1_478' title='bbox 1075 2062 1284 2095; x_wconf 84' lang='lat' dir='ltr'><strong>commodius</strong></span> <span class='ocrx_word' id='word_1_479' title='bbox 1298 2060 1466 2103; x_wconf 86' lang='lat' dir='ltr'><strong>explicari</strong></span> <span class='ocrx_word' id='word_1_480' title='bbox 1482 2064 1614 2103; x_wconf 86' lang='lat' dir='ltr'><strong>potest,</strong></span> 
     </span>
     <span class='ocr_line' id='line_1_88' title="bbox 899 2110 1610 2151; baseline -0.011 0"><span class='ocrx_word' id='word_1_481' title='bbox 899 2119 1055 2151; x_wconf 81' lang='lat' dir='ltr'><strong>extremo</strong></span> <span class='ocrx_word' id='word_1_482' title='bbox 1072 2114 1163 2146; x_wconf 89' lang='lat' dir='ltr'><strong>libro</strong></span> <span class='ocrx_word' id='word_1_483' title='bbox 1181 2117 1319 2146; x_wconf 89' lang='lat' dir='ltr'><strong>octavo.</strong></span> <span class='ocrx_word' id='word_1_484' title='bbox 1364 2110 1463 2144; x_wconf 90' lang='lat' dir='ltr'><strong>Inter</strong></span> <span class='ocrx_word' id='word_1_485' title='bbox 1488 2111 1556 2144; x_wconf 87' lang='lat' dir='ltr'><strong>alia</strong></span> <span class='ocrx_word' id='word_1_486' title='bbox 1572 2115 1610 2144; x_wconf 85' lang='lat' dir='ltr'><strong>et</strong></span> 
     </span>
     <span class='ocr_line' id='line_1_89' title="bbox 896 2163 1610 2207; baseline -0.004 -8"><span class='ocrx_word' id='word_1_487' title='bbox 896 2167 972 2199; x_wconf 84' lang='lat' dir='ltr'><strong>haec</strong></span> <span class='ocrx_word' id='word_1_488' title='bbox 989 2170 1088 2199; x_wconf 87' lang='lat' dir='ltr'><strong>sunt:</strong></span> <span class='ocrx_word' id='word_1_489' title='bbox 1111 2165 1122 2183; x_wconf 84' lang='lat'><em>‘</em></span> <span class='ocrx_word' id='word_1_490' title='bbox 1138 2165 1225 2197; x_wconf 85' lang='lat' dir='ltr'><strong>Erat</strong></span> <span class='ocrx_word' id='word_1_491' title='bbox 1243 2163 1381 2207; x_wconf 88' lang='lat' dir='ltr'><strong>quidam</strong></span> <span class='ocrx_word' id='word_1_492' title='bbox 1397 2163 1541 2198; x_wconf 86' lang='lat' dir='ltr'><strong>Juvenis</strong></span> <span class='ocrx_word' id='word_1_493' title='bbox 1558 2173 1610 2196; x_wconf 84' lang='lat' dir='ltr'><strong>sa-</strong></span> 
     </span>
     <span class='ocr_line' id='line_1_90' title="bbox 899 2213 1612 2260; baseline -0.007 -9"><span class='ocrx_word' id='word_1_494' title='bbox 899 2218 943 2251; x_wconf 89' lang='lat' dir='ltr'><strong>tis</strong></span> <span class='ocrx_word' id='word_1_495' title='bbox 957 2217 1196 2260; x_wconf 87' lang='lat' dir='ltr'><strong>corpulentus,</strong></span> <span class='ocrx_word' id='word_1_496' title='bbox 1208 2215 1370 2248; x_wconf 84' lang='lat' dir='ltr'><strong>choraula</strong></span> <span class='ocrx_word' id='word_1_497' title='bbox 1383 2213 1612 2251; x_wconf 85' lang='lat' dir='ltr'><strong>doctissimus,</strong></span> 
     </span>
     <span class='ocr_line' id='line_1_91' title="bbox 898 2266 1610 2310; baseline -0.006 -8"><span class='ocrx_word' id='word_1_498' title='bbox 898 2269 1068 2303; x_wconf 84' lang='lat' dir='ltr'><strong>collatitia</strong></span> <span class='ocrx_word' id='word_1_499' title='bbox 1097 2268 1189 2310; x_wconf 88' lang='lat' dir='ltr'><strong>stipe</strong></span> <span class='ocrx_word' id='word_1_500' title='bbox 1231 2266 1276 2299; x_wconf 88' lang='lat' dir='ltr'><strong>de</strong></span> <span class='ocrx_word' id='word_1_501' title='bbox 1309 2276 1427 2299; x_wconf 85' lang='lat' dir='ltr'><strong>mensa</strong></span> <span class='ocrx_word' id='word_1_502' title='bbox 1456 2269 1610 2308; x_wconf 84' lang='lat' dir='ltr'><strong>paratus,</strong></span> 
     </span>
     <span class='ocr_line' id='line_1_92' title="bbox 897 2319 1608 2365; baseline -0.004 -11"><span class='ocrx_word' id='word_1_503' title='bbox 897 2322 956 2365; x_wconf 88' lang='lat' dir='ltr'><strong>qui</strong></span> <span class='ocrx_word' id='word_1_504' title='bbox 980 2321 1064 2354; x_wconf 82' lang='lat' dir='ltr'><strong>foris</strong></span> <span class='ocrx_word' id='word_1_505' title='bbox 1092 2319 1232 2364; x_wconf 87' lang='lat' dir='ltr'><strong>quidem</strong></span> <span class='ocrx_word' id='word_1_506' title='bbox 1258 2319 1608 2361; x_wconf 82' lang='lat' dir='ltr'><strong>circumgestantibus</strong></span> 
     </span>
     <span class='ocr_line' id='line_1_93' title="bbox 897 2369 1607 2407; baseline -0.007 0"><span class='ocrx_word' id='word_1_507' title='bbox 897 2375 1011 2407; x_wconf 83' lang='lat' dir='ltr'><strong>Deam</strong></span> <span class='ocrx_word' id='word_1_508' title='bbox 1042 2382 1150 2406; x_wconf 90' lang='lat' dir='ltr'><strong>cornu</strong></span> <span class='ocrx_word' id='word_1_509' title='bbox 1180 2380 1309 2404; x_wconf 85' lang='lat' dir='ltr'><strong>canens</strong></span> <span class='ocrx_word' id='word_1_510' title='bbox 1340 2369 1607 2403; x_wconf 82' lang='lat' dir='ltr'><strong>adambulabat:</strong></span> 
     </span>
     <span class='ocr_line' id='line_1_94' title="bbox 898 2421 1609 2466; baseline -0.004 -9"><span class='ocrx_word' id='word_1_511' title='bbox 898 2425 990 2458; x_wconf 88' lang='lat' dir='ltr'><strong>domi</strong></span> <span class='ocrx_word' id='word_1_512' title='bbox 1006 2434 1087 2457; x_wconf 88' lang='lat' dir='ltr'><strong>vero</strong></span> <span class='ocrx_word' id='word_1_513' title='bbox 1103 2422 1309 2466; x_wconf 88' lang='lat' dir='ltr'><strong>promiscuis</strong></span> <span class='ocrx_word' id='word_1_514' title='bbox 1333 2421 1449 2463; x_wconf 85' lang='lat' dir='ltr'><strong>operis</strong></span> <span class='ocrx_word' id='word_1_515' title='bbox 1476 2422 1609 2464; x_wconf 86' lang='lat' dir='ltr'><strong>partia-</strong></span> 
     </span>
     <span class='ocr_line' id='line_1_95' title="bbox 896 2472 1609 2517; baseline -0.006 -8"><span class='ocrx_word' id='word_1_516' title='bbox 896 2476 964 2509; x_wconf 86' lang='lat' dir='ltr'><strong>rios</strong></span> <span class='ocrx_word' id='word_1_517' title='bbox 976 2475 1101 2517; x_wconf 84' lang='lat' dir='ltr'><strong>agebat</strong></span> <span class='ocrx_word' id='word_1_518' title='bbox 1115 2473 1342 2508; x_wconf 61' lang='lat' dir='ltr'><strong>concubitus?</strong></span> <span class='ocrx_word' id='word_1_519' title='bbox 1352 2472 1476 2514; x_wconf 75' lang='lat' dir='ltr'><strong>Schiop.</strong></span> <span class='ocrx_word' id='word_1_520' title='bbox 1506 2473 1609 2506; x_wconf 87' lang='lat' dir='ltr'><strong>Glos-</strong></span> 
     </span>
     <span class='ocr_line' id='line_1_96' title="bbox 896 2524 1608 2567; baseline -0.007 -6"><span class='ocrx_word' id='word_1_521' title='bbox 896 2538 962 2561; x_wconf 86' lang='lat' dir='ltr'><strong>sar.</strong></span> <span class='ocrx_word' id='word_1_522' title='bbox 987 2528 1132 2560; x_wconf 89' lang='lat' dir='ltr'><strong>Petron.</strong></span> <span class='ocrx_word' id='word_1_523' title='bbox 1155 2527 1165 2544; x_wconf 90' lang='lat'>‘</span> <span class='ocrx_word' id='word_1_524' title='bbox 1181 2525 1338 2566; x_wconf 78' lang='lat' dir='ltr'><strong>Delitiae,</strong></span> <span class='ocrx_word' id='word_1_525' title='bbox 1366 2524 1463 2567; x_wconf 83' lang='lat' dir='ltr'><strong>pueri</strong></span> <span class='ocrx_word' id='word_1_526' title='bbox 1490 2524 1608 2565; x_wconf 85' lang='lat' dir='ltr'><strong>amati,</strong></span> 
     </span>
     <span class='ocr_line' id='line_1_97' title="bbox 894 2575 1607 2621; baseline -0.007 -9"><span class='ocrx_word' id='word_1_527' title='bbox 894 2579 1047 2621; x_wconf 58' lang='grc' dir='ltr'><strong>παίγνια]</strong></span> <span class='ocrx_word' id='word_1_528' title='bbox 1090 2577 1277 2610; x_wconf 89' lang='lat' dir='ltr'><strong>Petronius</strong></span> <span class='ocrx_word' id='word_1_529' title='bbox 1293 2586 1370 2618; x_wconf 82' lang='lat' dir='ltr'><strong>cap.</strong></span> <span class='ocrx_word' id='word_1_530' title='bbox 1387 2578 1442 2609; x_wconf 85' lang='lat'><strong>28.</strong></span> <span class='ocrx_word' id='word_1_531' title='bbox 1463 2577 1473 2594; x_wconf 91' lang='lat'>‘</span> <span class='ocrx_word' id='word_1_532' title='bbox 1488 2575 1607 2608; x_wconf 83' lang='lat' dir='ltr'><strong>Chira-</strong></span> 
     </span>
    </p>
   </div>
   <div class='ocr_carea' id='block_1_5' title="bbox 879 2625 1606 2671">
    <p class='ocr_par' dir='ltr' id='par_1_12' title="bbox 879 2625 1606 2671">
     <span class='ocr_line' id='line_1_98' title="bbox 879 2625 1606 2671; baseline -0.007 -8"><span class='ocrx_word' id='word_1_533' title='bbox 879 2630 1021 2671; x_wconf 88' lang='lat' dir='ltr'><strong>-maxio,</strong></span> <span class='ocrx_word' id='word_1_534' title='bbox 1045 2629 1079 2661; x_wconf 94' lang='lat' dir='ltr'><strong>in</strong></span> <span class='ocrx_word' id='word_1_535' title='bbox 1102 2638 1169 2671; x_wconf 91' lang='lat' dir='ltr'><strong>quo</strong></span> <span class='ocrx_word' id='word_1_536' title='bbox 1185 2626 1321 2659; x_wconf 82' lang='lat' dir='ltr'><strong>deliciae</strong></span> <span class='ocrx_word' id='word_1_537' title='bbox 1344 2627 1420 2668; x_wconf 82' lang='lat' dir='ltr'><strong>ejus</strong></span> <span class='ocrx_word' id='word_1_538' title='bbox 1447 2625 1606 2659; x_wconf 84' lang='lat' dir='ltr'><strong>fereban-</strong></span> 
     </span>
    </p>
   </div>
   <div class='ocr_carea' id='block_1_6' title="bbox 893 2677 1609 2879">
    <p class='ocr_par' dir='ltr' id='par_1_13' title="bbox 893 2677 1609 2879">
     <span class='ocr_line' id='line_1_99' title="bbox 895 2677 1609 2724; baseline -0.008 -9"><span class='ocrx_word' id='word_1_539' title='bbox 895 2686 966 2723; x_wconf 88' lang='lat' dir='ltr'><strong>tur,</strong></span> <span class='ocrx_word' id='word_1_540' title='bbox 999 2690 1086 2724; x_wconf 88' lang='lat' dir='ltr'><strong>puer</strong></span> <span class='ocrx_word' id='word_1_541' title='bbox 1123 2679 1274 2719; x_wconf 84' lang='lat' dir='ltr'><strong>vetulus,</strong></span> <span class='ocrx_word' id='word_1_542' title='bbox 1308 2677 1438 2721; x_wconf 89' lang='lat' dir='ltr'><strong>lippus,</strong></span> <span class='ocrx_word' id='word_1_543' title='bbox 1468 2677 1609 2710; x_wconf 88' lang='lat' dir='ltr'><strong>domino</strong></span> 
     </span>
     <span class='ocr_line' id='line_1_100' title="bbox 893 2728 1609 2766; baseline -0.004 0"><span class='ocrx_word' id='word_1_544' title='bbox 893 2732 1124 2766; x_wconf 86' lang='lat' dir='ltr'><strong>Trimalcione</strong></span> <span class='ocrx_word' id='word_1_545' title='bbox 1141 2728 1354 2763; x_wconf 60' lang='lat' dir='ltr'><strong>deformior!</strong></span> <span class='ocrx_word' id='word_1_546' title='bbox 1399 2728 1609 2764; x_wconf 83' lang='lat' dir='ltr'><strong>Quintilian.</strong></span> 
     </span>
     <span class='ocr_line' id='line_1_101' title="bbox 894 2779 1606 2817; baseline -0.006 0"><span class='ocrx_word' id='word_1_547' title='bbox 894 2784 982 2817; x_wconf 88' lang='lat' dir='ltr'><strong>Inst.</strong></span> <span class='ocrx_word' id='word_1_548' title='bbox 1003 2782 1067 2816; x_wconf 90' lang='lat' dir='ltr'><strong>Or.</strong></span> <span class='ocrx_word' id='word_1_549' title='bbox 1085 2792 1110 2815; x_wconf 86' lang='lat'><strong>1.</strong></span> <span class='ocrx_word' id='word_1_550' title='bbox 1125 2785 1157 2815; x_wconf 87' lang='lat'><strong>2.</strong></span> <span class='ocrx_word' id='word_1_551' title='bbox 1180 2782 1191 2799; x_wconf 82' lang='lat'><strong>⁴</strong></span> <span class='ocrx_word' id='word_1_552' title='bbox 1207 2780 1327 2814; x_wconf 85' lang='lat' dir='ltr'><strong>Verba</strong></span> <span class='ocrx_word' id='word_1_553' title='bbox 1342 2790 1385 2813; x_wconf 91' lang='lat' dir='ltr'><strong>ne</strong></span> <span class='ocrx_word' id='word_1_554' title='bbox 1401 2779 1606 2814; x_wconf 86' lang='lat' dir='ltr'><strong>Alexandri-</strong></span> 
     </span>
     <span class='ocr_line' id='line_1_102' title="bbox 895 2830 1607 2879; baseline -0.006 -9"><span class='ocrx_word' id='word_1_555' title='bbox 895 2835 948 2870; x_wconf 78' lang='lat' dir='ltr'><strong>nis</strong></span> <span class='ocrx_word' id='word_1_556' title='bbox 991 2834 1131 2879; x_wconf 84' lang='lat' dir='ltr'><strong>quidem</strong></span> <span class='ocrx_word' id='word_1_557' title='bbox 1175 2831 1414 2877; x_wconf 82' lang='lat' dir='ltr'><strong>permittenda</strong></span> <span class='ocrx_word' id='word_1_558' title='bbox 1454 2830 1607 2867; x_wconf 67' lang='lat' dir='ltr'><strong>delitiis!</strong></span> 
     </span>
    </p>
   </div>
  </div>
 </body>
</html>
