1806 3236
681 250 825 283 No'rAE
857 224 1126 286 VARIORUM
1159 251 1213 286 IN

773 468 1033 519 FABULA
1081 469 1122 520 1.
1138 512 1141 514 a

250 592 340 629 Anus
366 596 406 629 ad
433 596 630 639 amphoram]
688 597 916 630 Proverbium

205 652 306 682 vetus
322 652 387 688 est,
409 649 419 667 ‘
431 648 528 682 Anus
550 649 592 682 ad
610 649 778 681 armillum
800 650 917 692 redit‚'

204 699 241 731 id
259 703 322 739 est,
335 699 379 731 ad
390 709 448 731 vas
463 699 642 732 vinarium.
663 698 754 730 Vide
766 699 918 733 Festum.

205 749 334 782 Confer
345 760 420 782 cum
434 750 499 782 hac
509 751 662 782 vinosam
673 758 774 781 anum
786 750 919 782 Plauti-

203 811 294 844 nam,
302 812 404 845 quam
416 802 444 834 is
456 801 625 834 describit
634 800 852 844 Curculione,
862 801 919 836 Sc.

205 849 286 885 Flos
300 853 428 886 veteris
443 852 524 885 vini.
559 853 646 884 Ritt.

249 908 266 938 1
294 906 429 946 Epotam
450 903 648 946 amphoram]
685 903 781 937 Suet.
803 903 918 938 Tiber.

203 959 258 990 42.
286 956 296 975 ‘
313 957 567 999 Ignotissimum
595 959 778 998 quaesturae
802 956 918 989 candi-

205 1007 326 1040 datum
342 1006 558 1040 nobilissimis
570 1005 765 1048 anteposuit
776 1005 820 1038 ob
836 1016 918 1047 epo-

205 1060 326 1093 tamin
347 1059 516 1102 convivio,
544 1058 752 1102 propinante
776 1068 827 1104 se,
848 1059 922 1095 viui

207 1109 430 1153 amphoram?

247 1160 455 1204 Amphoram]
508 1161 551 1193 In
593 1161 764 1203 amphoris
800 1161 918 1194 vinum

205 1212 389 1245 Falernum
404 1211 584 1244 conditum
594 1211 808 1244 servabatur.
824 1211 917 1243 Mar-

206 1263 296 1297 tialis
311 1264 431 1306 Epigr.
444 1263 505 1296 lib.
519 1272 543 1296 1.
556 1266 609 1296 19.
632 1263 644 1282 ‘
661 1262 838 1306 Amphora
849 1272 918 1296 non

206 1314 334 1346 meruit
349 1317 419 1345 tam
437 1313 591 1354 pretiosa
605 1311 717 1344 mori!
747 1313 832 1345 Gad.

217 1380 219 1383 -
249 1367 270 1397 2
301 1364 439 1397 Falerna
457 1363 544 1405 fece]
575 1363 721 1395 Falerni
745 1362 815 1395 vini
837 1365 919 1395 nota

206 1414 380 1447 excellens
425 1413 630 1447 aestimatio.>
654 1413 751 1455 Virg.
787 1415 916 1456 Georg.

204 1465 216 1483 ‘
227 1465 274 1498 Et
289 1474 355 1508 quo
369 1468 405 1497 te
419 1464 569 1497 carmine
593 1463 719 1504 dicam,
745 1458 917 1497 Rhetica?

205 1525 270 1548 nec
297 1515 394 1547 cellis
430 1514 510 1547 ideo
541 1514 714 1547 contende
743 1512 919 1545 Falernis?

206 1566 298 1599 Vide
308 1566 401 1599 Flor.
415 1575 441 1598 1.
458 1568 510 1598 16.
533 1565 656 1598 Plin.l.
673 1573 752 1597 xxv.
774 1563 920 1597 Freinsh.

205 1617 345 1649 Falerni
374 1616 446 1648 vini
468 1615 558 1649 fece.
589 1615 671 1649 Abl.
698 1625 823 1648 causae.
860 1615 919 1648 Sic

205 1666 354 1699 Plautus
366 1667 401 1698 in
414 1666 577 1699 Rudente
592 1677 601 1699 z
624 1666 634 1685 ‘
647 1667 693 1699 Se
705 1666 836 1699 scelere
845 1665 919 1698 fieri

206 1717 331 1749 nolunt
364 1716 523 1750 nobiles?
572 1717 689 1750 Livius
724 1717 783 1750 lib.
814 1717 919 1750 xxxn

205 1767 215 1785 ‘
229 1767 330 1799 Bello
340 1767 453 1800 nobile
469 1767 618 1799 nomen!
642 1766 747 1806 Schef.
796 1808 798 1811 ι

251 1817 390 1849 Falerna
416 1816 516 1858 foece]
555 1817 682 1849 Horat.
710 1826 753 1848 ιι.
782 1816 856 1849 Sat.
885 1813 918 1848 2.

207 1866 435 1900 ‘Surrentina
463 1866 560 1899 vafer
590 1867 647 1910 qui
677 1867 800 1899 miscet
831 1865 919 1899 faece

206 1918 356 1951 Falerna
367 1919 468 1960 Vina,
490 1918 686 1951 columbino
699 1918 814 1950 limum
830 1917 919 1951 bene

206 1967 339 2010 colligit
353 1968 439 2001 ovo.’
479 1968 650 2003 Prudent.
676 1969 783 2011 Hym.
803 1977 828 2001 1.
844 1971 918 2002 126.

207 2019 218 2037 ‘
235 2020 391 2052 Mustum
413 2020 623 2053 Falernum:
664 2020 773 2055 Plura
788 2019 920 2052 Grono-

208 2069 284 2102 vius
322 2069 407 2102 talia
443 2070 604 2103 observat
639 2081 720 2112 pag.
743 2073 820 2104 213.
873 2064 920 2104 Et

207 2120 394 2153 Salmasius
408 2121 500 2153 Hist.
516 2119 607 2162 Aug.
626 2124 679 2153 58.
706 2121 793 2152 Gud.

251 2172 299 2203 Et
314 2175 395 2203 testa
411 2170 521 2212 nobili]
554 2171 725 2214 Quicquid
741 2172 920 2214 explicent

208 2221 272 2254 viri
287 2222 394 2262 docti,
407 2232 475 2254 non
487 2225 651 2264 poterunt
663 2221 826 2263 effugere,
838 2223 919 2265 quin

208 2273 349 2313 vulgata
386 2272 446 2304 illa
483 2273 588 2317 lectio
628 2273 918 2305 constructionem

209 2323 340 2364 turbet,
361 2333 437 2364 quae
458 2323 595 2355 omnino
622 2323 701 2354 talis
725 2327 799 2354 est:
829 2323 920 2355 Vidit

208 2376 330 2413 epotam
353 2373 543 2415 amphoram,
559 2374 658 2405 adhuc
673 2374 810 2406 Falerna
823 2373 919 2415 foece,

208 2433 279 2464 quoe
298 2423 472 2462 jucundum
503 2425 625 2456 odorem
658 2425 721 2456 late
745 2427 919 2465 spargeret.

211 2474 309 2506 Odor
334 2475 391 2506 ille
404 2485 424 2506 a
446 2474 589 2507 Falerna
604 2474 706 2516 faece,
721 2484 763 2506 an
779 2475 881 2506 etiam
899 2485 919 2507 a

209 2529 314 2566 testa,
340 2529 379 2557 ut
411 2525 609 2566 copulativa
641 2524 779 2557 videtur
812 2525 918 2562 velle?

209 2575 313 2607 immo
334 2585 417 2607 vero
434 2585 450 2607 e
470 2578 552 2606 testa
574 2574 683 2615 nobili,
699 2573 917 2616 quemadmo-

209 2626 290 2657 dum
306 2625 522 2657 scribendum
538 2629 601 2658 est.
634 2626 726 2658 Testa
739 2625 851 2657 nobilis
868 2625 917 2656 di-

211 2676 304 2708 citur
319 2681 462 2717 propter
474 2677 650 2708 materiam
662 2687 671 2716 ;
693 2675 761 2708 faex
773 2677 918 2709 Falerna

211 2726 349 2758 odorem
359 2736 522 2768 spargens
530 2730 583 2758 est
592 2730 801 2768 contentum,
809 2727 918 2759 altera

210 2785 293 2807 vero
307 2779 388 2808 testa
403 2781 456 2808 est
471 2777 661 2818 continens,
675 2786 717 2809 ex
733 2786 799 2818 quo
820 2787 914 2819 spar-

211 2825 313 2867 gitur.
359 2826 511 2860 Gallicus
528 2826 697 2870 interpres
721 2837 787 2861 non
810 2827 916 2870 cepit,

968 599 1037 632 imo
1050 609 1130 632 vero
1146 598 1229 631 nihil
1243 599 1347 633 habet
1358 600 1400 633 de
1412 601 1493 634 testa
1502 612 1516 641 ‚·
1537 604 1574 634 et
1589 595 1674 635 illud

968 651 1065 683 nobili
1085 660 1269 693 perperam
1294 651 1337 683 ad
1352 651 1530 684 Falernam
1552 651 1674 685 faecem

969 702 1100 741 retulit,
1128 712 1171 734 an
1199 702 1350 734 excellent
1381 702 1435 734 vin
1464 703 1502 735 de
1527 702 1679 743 Falerne.

968 751 1145 784 Facillime
1172 754 1286 784 autem
1315 760 1336 783 a
1354 750 1504 784 librariis
1521 752 1566 792 τῷ
1579 762 1596 784 e
1617 752 1676 785 ad·

968 801 1077 834 ditum
1099 806 1154 834 est
1174 805 1200 843 t,
1220 801 1325 834 litera
1339 801 1493 843 proxime
1517 811 1677 844 sequens,

949 852 1058 896 *quod
1073 862 1164 895 saepe
1180 860 1360 895 perperam
1382 850 1512 885 factum
1532 852 1568 885 in
1586 853 1673 886 Mas.

969 903 1055 936 Gud.
1254 935 1258 939 .

1014 955 1104 988 Testa
1119 955 1231 998 nobili]
1251 955 1479 988 Tertullianus
1502 955 1546 988 de
1562 955 1691 989 Carne'

968 1006 1097 1039 Christi
1124 1016 1202 1048 cap.
1225 1008 1279 1039 14.
1331 1006 1341 1025 ‘
1363 1003 1500 1048 Argilla
1529 1009 1677 1038 excocta

966 1058 1080 1090 'restae
1117 1057 1319 1090 vocabulum
1362 1054 1528 1099 suscipit?
1573 1056 1584 1075 ‘
1610 1056 1676 1089 Pia

968 1107 1078 1141 testa’
1113 1107 1239 1141 Horat.
1273 1101 1341 1141 Od.
1378 1105 1422 1139 ad
1452 1102 1674 1149 Amphoram.

1011 1209 1135 1251 Nobili]
1182 1208 1272 1243 Quia
1297 1208 1499 1251 inscriptum
1524 1207 1676 1242 habebat

968 1259 1106 1303 titulum
1116 1263 1186 1304 tam
1202 1259 1370 1292 celebrati
1385 1259 1466 1292 vini.
1511 1251 1676 1305 Solebant

968 1310 1057 1342 enim
1071 1309 1257 1343 inscribere
1272 1309 1354 1343 istis·
1362 1305 1535 1351 amphoris
1550 1319 1674 1342 nomen

967 1359 1050 1400 vini,
1072 1359 1132 1392 ubi
1152 1362 1190 1392 et
1205 1353 1342 1402 quando
1365 1363 1459 1406 esset
1485 1363 1616 1401 natum,
1639 1360 1676 1392 in

968 1410 1091 1452 quibus
1114 1410 1349 1454 condebatur:
1381 1410 1473 1443 unde
1495 1409 1675 1444 Juvenalis

968 1461 1043 1493 Sat.
1058 1471 1091 1493 v.
1113 1461 1158 1493 de
1173 1461 1233 1493 tali
1252 1460 1350 1492 vino:
1374 1460 1384 1479 ‘
1401 1460 1506 1502 Cujus
1528 1459 1675 1502 patriam

969 1511 1174 1553 titulumque
1203 1515 1360 1543 senectus
1396 1509 1543 1543 Delevit
1569 1509 1678 1543 multa

968 1561 1097 1593 veteris
1111 1560 1256 1602 fuligine
1272 1560 1397 1594 testae?
1427 1559 1533 1600 Schqf.
1675 1595 1678 1598 ,

1012 1615 1031 1644 3
1058 1613 1207 1654 Odorem]
1231 1612 1288 1651 Ita
1302 1610 1392 1644 otras
1405 1609 1504 1652 μέλας
1518 1609 1678 1652 ἂνθόσμιος

969 1662 1191 1705 Aristophani
1205 1662 1301 1696 Plut.
1315 1672 1366 1696 1v.
1379 1665 1409 1695 1.
1421 1664 1453 1695 7.
1475 1662 1590 1696 Bar-m.

1012 1717 1033 1747 4
1056 1715 1177 1756 Avida]
1204 1715 1245 1747 In
1261 1715 1330 1747 Ms.
1345 1719 1398 1747 est
1419 1714 1519 1756 avita,
1534 1713 1627 1757 qnod>
1640 1717 1676 1748 et
1738 1735 1742 1737 —

968 1763 1154 1796 Salmasius
1165 1768 1274 1796 notat.
1300 1764 1386 1796 Gna.

1011 1814 1116 1846 Avida
1130 1813 1248 1855 traxit]
1279 1814 1343 1846 Est
1358 1813 1506 1855 simplex
1522 1823 1601 1855 pro,
1623 1817 1675 1847 at—

969 1865 1090 1897 traxit.
1134 1865 1323 1897 Columella
1335 1873 1405 1898 xn.
1418 1874 1496 1906 cap.
1513 1868 1567 1898 15.
1597 1865 1607 1883 ‘
1619 1865 1675 1899 Ne

967 1917 1157 1958 humorem,
1181 1925 1282 1958 quem
1297 1914 1372 1948 fere
1387 1915 1545 1948 noctibus
1559 1915 1676 1948 remit-

969 1967 1015 1999 tit
1038 1967 1174 2008 humus,
1200 1967 1338 1999 trahere
1364 1965 1520 2007 possint!
1568 1965 1676 2048 Solus).

968 2018 1013 2050 V.
1031 2017 1070 2050 C.
1093 2017 1186 2049 Pith.
1198 2016 1286 2048 avita
1302 2015 1418 2049 traxit.
1454 2015 1561 2059 Lege,
1585 2014 1660 2048 aoid

969 2064 1118 2100 attraxit.
1148 2067 1271 2108 Heius.

1011 2122 1031 2150 5
1059 2118 1088 2149 0
1110 2117 1214 2150 suavis
1236 2117 1356 2159 anima]
1408 2115 1538 2150 Vinosa
1551 2116 1675 2153 mulie:-

969 2169 1086 2201 statim
1101 2168 1264 2200 exanimis
1276 2172 1342 2209 est,
1357 2167 1384 2199 si
1398 2166 1531 2200 desinat
1540 2167 1674 2210 lagenae

971 2219 1083 2252 anima
1108 2219 1259 2252 animari.
1311 2218 1458 2251 Animam
1483 2218 1538 2251 hic
1563 2219 1675 2261 ipsum

969 2270 1040 2302 vini
1054 2270 1220 2312 liquorem
1236 2269 1461 2311 interpretari
1473 2269 1593 2311 possis,
1608 2278 1675 2311 qno

969 2320 1070 2353 modo
1079 2320 1230 2353 Plautus
1237 2329 1358 2362 aquam
1370 2320 1380 2337 ‘
1391 2318 1549 2353 Animam
1560 2319 1675 2361 putei’

970 2371 1070 2405 dixit.
1112 2371 1179 2403 Vel
1205 2371 1321 2412 etiam,
1344 2370 1492 2411 animam,
1524 2370 1675 2403 odorem.

969 2421 1147 2454 videndus
1165 2421 1307 2453 Nonius.
1351 2421 1429 2462 Rig.

1014 2474 1044 2504 0
1057 2473 1161 2505 suavis
1182 2472 1299 2512 anima,
1316 2473 1434 2513 qualem
1455 2474 1488 2502 te
1506 2471 1608 2503 dicam
1623 2471 1674 2503 bo-

967 2523 1055 2564 nam]
1098 2524 1200 2556 Viros
1222 2523 1343 2555 doctos
1367 2522 1493 2553 dudum
1516 2523 1673 2554 exercuit

968 2573 1063 2605 locus
1078 2573 1155 2605 iste.
1201 2572 1342 2604 Scribe:
1369 2572 1469 2608 Quale
1477 2571 1510 2602 in
1524 2574 1556 2602 te
1569 2572 1672 2604 dicam

968 2624 1088 2656 bonum.
1143 2625 1245 2658 Quod
1275 2623 1473 2656 Latinitatis
1509 2624 1598 2656 ratio
1635 2629 1673 2657 et

969 2684 1087 2707 sensus
1102 2675 1177 2717 ipse
1188 2675 1351 2716 postulat.
1381 2674 1475 2706 Nihil
1484 2674 1548 2706 hac
1558 2684 1672 2706 emen-

968 2725 1105 2757 datione
1131 2725 1270 2765 certius,
1301 2724 1384 2756 nibil
1417 2723 1549 2757 faci-lius
1587 2735 1670 2766 esse,

969 2776 1081 2818 quivis
1095 2776 1233 2816 sentiet,
1242 2775 1297 2807 cui
1308 2775 1552 2816 aliquantulum
1566 2776 1671 2808 inter-

969 2827 1074 2860 cessit
1087 2836 1162 2860 cum
1172 2826 1452 2860 veteribuslibris
1463 2826 1670 2860 commercii.
