1806 3236
198 235 284 280 652

197 343 354 375 Falernus
381 344 598 385 cognomen?
640 344 773 378 Ultima
799 344 908 378 verba

195 393 320 426 vitiose
351 394 386 426 in
408 394 542 427 schedis
567 396 731 438 Piccarti,
750 405 907 436 monuo.

198 453 396 482 pnonsvrr.
443 446 539 478 Nihil
575 445 709 480 facilius
749 446 818 480 fuit
854 457 929 489 e0‚‘

196 496 288 538 quod
316 506 360 529 ex
382 496 507 529 Rhedii
530 498 620 530 libro
648 498 829 531 dedimus:
854 508 907 532 m-

198 555 319 583 DEMQ.
344 557 541 581 ΡιιοΒΑνιΤ.
589 549 766 582 Reinesius
791 559 906 582 emen-

195 599 315 639 dabat,
343 600 456 641 Epist.
487 609 586 633 var.
620 600 664 633 ad
694 602 840 643 Rupert.
872 612 906 644 p.

194 653 272 681 401.
295 659 432 684 nmmo.
458 651 468 669 ‘
489 651 671 692 Formulass
694 652 905 695 inquit,‘so-

195 702 306 734 lenuis
336 702 431 735 circa
457 713 598 745 operum
619 703 832 746 publicorum
849 715 905 737 cu-

195 763 280 794 ram,
297 757 335 785 ut
357 753 473 793 iidem,
497 754 555 796 qui
581 755 698 787 facere
714 760 906 797 curassent,

190 804 293 837 etiam
305 805 468 846 probasse
480 805 572 839 facta
582 805 804 839 dicerentur.’
818 807 904 839 Gud.

238 859 279 888 12
306 857 409 894 Quum
433 857 584 899 reliquam
605 857 761 898 posceret]
797 858 905 892 Quasi

193 916 275 939 vero
304 916 398 949 pars,
436 918 536 950 quam
568 913 743 950 posceret,
771 912 904 942 tantum

194 967 263 989 una
281 957 404 991 fuisset
415 959 571 1001 renqua3
595 963 631 991 at
647 959 757 991 bonus
782 959 839 992 ille
854 960 904 992 Si·

193 1009 361 1051 monides,
390 1010 418 1042 si
456 1010 605 1043 Phaedro
642 1010 823 1052 credimus,
859 1021 903 1043 ex

193 1061 354 1093 mercede
372 1065 474 1103 pacta
491 1061 551 1103 nil,
570 1066 802 1104 praeterquam
825 1072 903 1104 par-

192 1115 263 1142 tem
280 1112 430 1153 tertiam,
446 1113 604 1154 accepit3
626 1113 806 1145 restabant
820 1123 903 1156 ergo

194 1162 284 1195 duae.
338 1163 457 1195 Scribe
473 1173 555 1205 ergo
570 1174 646 1197 meo
663 1165 817 1205 periculo
831 1165 904 1198 reli-

192 1223 268 1254 quas
280 1224 292 1251 ‚-
313 1214 380 1245 nisi
397 1214 471 1256 quis
487 1215 595 1256 malit,
608 1216 760 1257 reliquum
770 1226 782 1253 ,-
798 1220 834 1248 ut
851 1219 904 1248 est

192 1263 283 1305 apud
302 1264 529 1305 Ciceronem;
560 1267 614 1298 vel
637 1267 771 1308 reliqua,
797 1271 833 1298 ut
850 1277 904 1299 eo-

194 1314 272 1347 dem
299 1325 398 1347 sensu
430 1317 521 1357 apud
551 1317 708 1349 Tacitum
743 1317 926 1363 dicuntur!

190 1365 343 1397 Caetera.
407 1366 464 1398 Sic
494 1377 587 1408 saepe
613 1369 733 1409 reliqna
763 1368 902 1410 subjici·

192 1419 297 1448 untur
312 1416 386 1449 aliis
410 1418 581 1458 expressis
607 1419 775 1460 partibus.
821 1420 902 1451 Sue-

193 1467 306 1500 tonius
333 1467 406 1501 Jul.
436 1470 491 1500 83.
526 1469 536 1486 ⁴
558 1469 714 1502 Instituit
747 1468 903 1502 haeredes

194 1518 321 1551 sororis
362 1523 519 1561 nepotes,
555 1520 596 1552 C.
634 1519 820 1552 Octavium
858 1530 902 1552 ex

192 1567 376 1609 dodrante,
405 1573 442 1601 et
458 1569 499 1602 L.
515 1569 692 1611 Pinarium
716 1574 753 1603 et
775 1571 820 1604 Q.
837 1571 904 1603 Pe-

193 1617 286 1651 dium
317 1628 360 1651 ex
389 1619 594 1663 quadrante,
618 1620 817 1663 reliquosin
834 1620 904 1653 ima

192 1679 284 1702 cera.
309 1669 349 1701 C.
368 1669 576 1711 Octavium,’
592 1673 659 1703 διο.
687 1670 755 1703 Ubi
772 1672 902 1713 optime

193 1720 331 1762 Lipsius
346 1721 508 1763 conjecit,
533 1731 572 1753 ex
586 1723 758 1765 quadrante
772 1722 902 1763 reliquo.

192 1770 301 1802 Simili
318 1772 442 1804 mendo
464 1771 587 1803 calculi
610 1771 644 1803 in
668 1772 744 1813 ipsa
758 1772 820 1805 hac
836 1772 902 1804 his-

192 1822 281 1854 toria
295 1822 451 1853 laborant
467 1821 536 1854 alii.
581 1822 728 1855 Quintil.
740 1822 827 1855 Inst.
841 1823 901 1856 lib.

194 1881 248 1904 xi.
263 1875 293 1906 2.
315 1873 499 1905 Simonidis
515 1874 524 1890 ‘
541 1873 680 1914 vulgata
694 1871 809 1905 fabula
823 1878 876 1906 est
891 1885 900 1906 :

194 1923 280 1955 Cum
309 1923 424 1964 Pugili
439 1927 604 1956 coronato
626 1933 778 1966 carmen,
801 1925 902 1967 quale

194 1975 355 2016 componi
386 1975 574 2007 victoribus
610 1975 710 2016 solet,
739 1977 902 2009 mercede

192 2031 295 2068 pacta
311 2026 518 2068 scripsisset,
548 2026 721 2068 abnegata
744 2027 776 2059 ei
801 2037 904 2069 pecu-

194 2077 258 2108 niae
277 2087 355 2118 pars
382 2082 446 2118 est,
471 2078 563 2119 quod
590 2087 686 2109 more
701 2078 820 2111 Poetis
835 2079 903 2111 fre-

193 2129 416 2170 quentissimo
441 2129 613 2170 digressus
629 2129 664 2160 in
688 2129 807 2161 laudes
825 2129 904 2162 eas-

195 2178 278 2210 toris
293 2183 328 2210 et
341 2178 494 2210 Pollucis
511 2178 666 2219 exierat;
690 2183 904 2221 quapropter

194 2233 328 2271 partem
355 2230 397 2261 ab
425 2230 466 2261 iis
495 2233 625 2270 petere,
651 2239 793 2271 quorum
809 2229 904 2263 facta

192 2280 416 2321 celebrasset,
440 2280 651 2322 jubebatur;
675 2284 711 2311 et
732 2281 903 2322 persolve-

193 2335 286 2371 runt,
302 2335 339 2363 ut
363 2331 528 2362 traditum
557 2330 634 2363 est:
677 2331 902 2364 Itawircuui-

193 2380 304 2413 fertur
319 2380 421 2413 hodie
435 2392 444 2421 ;
462 2386 498 2413 et
511 2390 591 2413 sane
602 2381 692 2413 haud
706 2381 903 2423 diffitemur,

193 2432 283 2475 quod
318 2432 445 2474 absque
473 2431 646 2464 veteribus
673 2432 771 2464 libris
792 2442 901 2474 prope

194 2484 288 2515 nulla
303 2482 394 2515 foret
410 2482 534 2515 erroris
560 2482 721 2525 suspicio.
766 2483 902 2515 Primus

196 2533 315 2565 Codex
330 2534 512 2565 Mediceus
537 2543 676 2565 summae
696 2532 778 2565 fidei
793 2538 829 2565 et
844 2537 902 2565 ve-

195 2585 345 2625 tustatis,
359 2585 543 2624 abnegatam
553 2584 605 2616 nei
615 2583 756 2626 pecunioe
766 2587 901 2625 partem.

194 2636 319 2677 Neque
348 2635 450 2667 aliter
483 2634 539 2667 aiii
577 2645 620 2667 ex
649 2634 901 2667 vetustioribus.

195 2686 372 2718 Editiones
396 2686 528 2726 primae,
553 2685 738 2725 abnegatam
759 2686 790 2718 ei
809 2696 901 2728 pecu-

194 2736 258 2767 nioe
281 2739 417 2776 partem,
447 2745 627 2777 perperam
658 2737 797 2777 omisso,
826 2740 901 2768 tan·

196 2796 298 2830 quam
322 2785 495 2829 superfluo
511 2791 547 2818 et
562 2785 671 2828 nihili,
687 2790 726 2821 ut
739 2785 825 2820 falso
841 2796 901 2830 pu-

659 248 803 281 NOTAE
837 248 1102 282 vARloRUM
1139 250 1191 282 IN

958 345 1090 387 tabant,
1121 355 1154 379 ιι.
1199 344 1398 388 Legendum
1431 349 1487 380 est
1513 346 1667 390 omnino,

956 396 1126 438 abnegatos
1138 397 1218 429 duas
1231 397 1262 429 ei
1276 399 1393 439 partes.
1435 397 1528 431 Illud
1552 408 1575 432 n
1596 408 1671 433 non

957 450 1012 479 est
1036 447 1151 488 litera,
1173 446 1233 479 sed
1249 457 1408 482 numerus
1423 457 1468 482 ιι.
1481 442 1664 492 seriptum·
1702 492 1705 497 r

958 507 1024 540 que
1040 497 1170 539 fuerat,
1192 501 1232 530 ut
1259 503 1396 531 veteres
1419 499 1590 540 solebant,
1610 499 1666 534 ab·

955 553 1088 589 negatas
1106 549 1147 580 II
1157 549 1196 581 ei.
1239 548 1283 581 Id
1310 549 1510 584 oscitantem
1535 546 1672 585 nbra-'

957 599 1044 632 rium
1062 599 1149 632 adeo
1163 598 1314 642 fugerat,
1337 604 1378 632 ut
1392 604 1489 634 tanto
1503 600 1665 645 Auctori,

954 650 1045 683 haud
1082 655 1263 683 contentus
1292 650 1397 683 semel
1425 650 1665 695 injuriamsso-

955 701 1056 743 cisse,
1083 702 1229 734 alteram
1257 700 1370 734 labem
1393 701 1508 744 statim
1523 695 1665 749 ιςὶἆὶᾲρς

955 754 1015 786 rit.
1071 753 1237 795 Sequitur
1269 752 1359 785 enim
1390 752 1426 784 in
1446 752 1665 799 membranis,
1700 749 1703 752 ’

954 807 1141 846 quapropter
1151 807 1274 845 partem
1285 803 1332 836 bis
1343 803 1383 837 ab
1398 803 1450 837 iis.
1495 803 1580 838 Quin
1594 813 1664 840 non

956 855 1052 888 videt
1078 855 1176 887 initio
1206 853 1311 887 fuisse
1335 858 1444 896 partes
1467 851 1520 896 11',
1535 864 1579 889 ex
1594 864 1663 898 quo

954 910 1075 949 stupor
1089 906 1157 938 iste
1188 916 1285 938 suum
1310 905 1357 937 bis
1382 904 1562 952 formavit3
1584 915 1662 939 cum

953 956 1032 988 duas
1060 956 1211 989 scribere
1240 956 1434 989 debuisset?
1476 956 1546 1006 Sed
1560 966 1663 1000 qum
1690 983 1695 986 ⁴

953 1006 1026 1038 dixi
1056 1011 1207 1039 veterem
1242 1012 1279 1040 et
1313 1017 1431 1040 veram
1462 1007 1664 1053 lectionem,

953 1060 1081 1097 praeter
1091 1057 1365 1090 membranarum
1377 1057 1663 1103 vestigia,quibnq
1712 1096 1714 1098 ,

952 1107 1103 1140 libenter
1135 1108 1353 1150 inhaeremus,
1386 1108 1490 1142 facile
1521 1109 1663 1149 Phaedri
1688 1145 1695 1147 ,

952 1160 1018 1192 hoc
1044 1161 1238 1202 exemplum
1262 1161 1457 1203 praestabit.
1501 1162 1662 1196 Ciceroni

953 1220 1050 1252 vero,
1077 1211 1166 1244 hanc
1192 1212 1408 1244 historiolam
1430 1213 1488 1244 De
1511 1213 1664 1246 Oratore

952 1262 1012 1294 lib.
1029 1271 1070 1294 11.
1098 1263 1265 1304 narranti,
1287 1272 1332 1295 ex
1357 1263 1451 1309 bisce
1466 1263 1550 1296 locis
1565 1267 1662 1296 recte

953 1313 1151 1345 constitutis
1181 1313 1341 1346 adversus
1377 1314 1481 1355 plane
1515 1314 1662 1347 similem

953 1364 1185 1405 corruptelam
1202 1364 1427 1397 certissimum
1447 1370 1502 1398 est
1513 1365 1663 1398 semedi-

953 1423 1023 1446 um.
1068 1415 1199 1447 Narrat
1216 1419 1330 1447 autem
1347 1416 1356 1434 ‘
1369 1415 1468 1448 nimis
1477 1415 1573 1449 illum
1589 1425 1662 1450 sor-

953 1464 1033 1496 dide
1063 1465 1231 1498 Simonidi
1259 1465 1400 1509 dixisse,
1422 1475 1459 1499 se
1483 1462 1663 1501 dimidinm'

953 1515 1024 1556 eJus
1040 1515 1101 1556 rei,
1117 1516 1209 1558 quod
1237 1521 1360 1558 pactus
1388 1521 1494 1560 esset,
1518 1527 1581 1560 pro
1602 1517 1662 1564 illo

953 1566 1103 1598 carmine
1133 1567 1314 1608 daturum3
1345 1567 1512 1611 reliquum
1542 1578 1562 1601 a
1590 1569 1661 1602 suis

951 1617 1168 1659 Tyndaridis,
1191 1628 1274 1660 quos
1289 1629 1387 1662 aeque
1403 1619 1591 1662 laudasset,
1603 1616 1663 1663 pe-

953 1672 1058 1710 teret,
1079 1669 1107 1700 si
1131 1669 1163 1701 ei
1189 1669 1384 1702 videretur!
1427 1670 1522 1703 Nihil
1545 1670 1662 1704 absur-

952 1718 1028 1750 dius
1042 1719 1104 1752 hac
1126 1719 1303 1752 lectione:
1326 1717 1365 1752 si*
1378 1720 1557 1753 dimidium
1583 1719 1665 1764 fuit,

953 1770 1043 1811 quod
1060 1774 1181 1812 pactus
1195 1770 1329 1812 fuisset,
1350 1771 1456 1804 totius
1470 1771 1663 1805 narratiun·
1675 1786 1687 1796 ν

950 1821 1038 1852 culae
1066 1820 1156 1862 finis,
1186 1822 1329 1862 veritas,
1356 1826 1391 1853 et
1417 1823 1530 1864 gratia
1545 1822 1661 1864 perit3

951 1881 1029 1903 nam
1054 1881 1121 1904 non
1146 1872 1284 1904 sordide
1304 1871 1429 1905 fecisse
1445 1873 1514 1906 dici
1532 1878 1661 1915 potest,

953 1922 1011 1965 qui
1027 1918 1156 1955 dat'ex
1181 1927 1300 1965 pacto,
1329 1924 1417 1967 quod
1445 1924 1660 1966 promiserat.

954 1973 1097 2015 Optime
1123 1978 1290 2007 notarunt
1312 1974 1464 2007 editores
1495 1976 1662 2017 postremi

954 2035 1071 2057 vocem
1101 2025 1188 2058 hanc
1210 2026 1399 2060 dimidium:
1445 2026 1562 2060 Quare
1584 2026 1614 2060 si
1641 2037 1662 2061 ι

953 2078 1021 2109 Ms.
1037 2077 1149 2120 aliquo
1174 2077 1334 2110 abessent
1359 2078 1411 2110 hae
1435 2087 1549 2120 voces,
1565 2078 1660 2111 dimi-

952 2128 1039 2160 dium
1054 2133 1090 2161 et
1108 2128 1177 2167 rei,·
1200 2129 1352 2170 legerem
1375 2138 1408 2160 se
1440 2129 1568 2162 tertiam
1582 2129 1660 2172 dus,

953 2181 1033 2221 quod
1053 2183 1164 2221 paetus
1190 2183 1280 2212 esset.
1328 2180 1477 2219 Tertiam,
1501 2181 1661 2222 quemad-

953 2230 1091 2262 modum
1107 2232 1141 2262 in
1158 2231 1234 2263 aliis
1250 2230 1415 2263 similibus
1430 2231 1579 2264 numeris
1594 2231 1663 2264 ele-

929 2323 934 2328 ι
953 2285 1090 2322 gauter,
1101 2286 1140 2313 ut
1156 2285 1293 2323 partem
1308 2281 1561 2324 subintelligas.
1587 2283 1670 2326 No·—

954 2335 1009 2363 tus
1024 2341 1067 2363 ex
1083 2332 1250 2364 Suetonio
1271 2331 1501 2368 facetissimus
1522 2332 1660 2366 Cicero-

951 2383 1003 2414 nis
1022 2382 1125 2424 jocus
1154 2383 1190 2415 in
1214 2384 1386 2416 Caesarem
1412 2384 1554 2427 ejusque
1576 2385 1660 2418 ami-

953 2427 1028 2465 cam
1057 2435 1258 2474 Serviliam;
1282 2436 1292 2453 ‘
1309 2435 1387 2468 Quo
1414 2436 1536 2468 melius
1567 2446 1661 2479 emp-

952 2487 1020 2517 tam
1037 2484 1167 2526 sciatis‚
1181 2485 1298 2518 Tertia
1312 2484 1464 2518 deducta
1479 2486 1556 2519 est.’
1575 2487 1660 2519 Sen-

951 2544 991 2566 su
1021 2534 1132 2575 primo
1164 2539 1200 2567 et
1229 2535 1491 2576 simplicissimo,
1520 2537 1658 2570 tertiam

952 2589 1086 2626 partem
1104 2595 1242 2617 summas
1255 2596 1265 2625 ς
1280 2586 1430 2617 secundo
1443 2590 1478 2618 et
1491 2587 1660 2629 aculeato,
1694 2612 1696 2615 .

951 2635 1054 2667 filiam
1066 2636 1223 2668 Serviliae
1236 2637 1387 2669 Tertiam
1398 2637 1657 2679 intelligi‚haud

952 2686 1134 2729 obscurum
1151 2691 1238 2718 erat.
1284 2687 1342 2719 Ita
1359 2691 1396 2719 et
1411 2688 1578 2721 Phaedrus
1597 2691 1657 2724 lib.

951 2745 978 2768 1.
993 2735 1062 2768 fab.
1079 2740 1111 2769 5.
1134 2736 1245 2769 ‘Tum
1269 2737 1350 2779 quia
1374 2738 1448 2779 plus
1474 2739 1586 2781 valeo,
1601 2751 1657 2774 me

951 2791 1114 2830 sequetur
1142 2786 1269 2822 tertia.'
1312 2787 1456 2822 Tacitus
1481 2788 1571 2826 Anu.
1597 2791 1656 2825 lib.
