1806 3236
233 223 319 266 242
523 232 725 265 mmmm
760 231 1071 265 mauruntum
1106 231 1408 265 AEsorrsnum

293 323 542 371 Simonides
562 327 678 370 idem
696 327 787 378 ille,
811 326 866 370 de
886 341 976 383 quo
995 329 1140 382 retuli,
1183 357 1186 372 2

234 397 408 439 Victori
426 396 604 438 laudem
623 395 802 438 cuidam
825 395 979 450 Pyctae
998 401 1049 439 ut
1068 398 1292 451 scriberet,
1664 396 1694 437 5

235 463 366 507 Certo
388 463 598 506 conduxit
618 463 784 518 pretio:
818 468 1037 506 secretum
1055 465 1182 519 petit.

231 532 412 587 'Exigua
433 544 532 573 cum
551 530 757 574 fraenaret
777 531 961 574 materia
978 530 1208 587 impetum,

235 601 359 643 Usus
380 598 540 655 po'etae,
561 603 611 640 ut
631 598 765 642 moris
786 603 871 650 est,
892 598 1089 651 licentia,

233 733 348 764 tionem
369 731 450 770 feci,
481 734 589 771 pactus
618 734 663 763 est
693 735 779 764 certa
805 733 942 764 mercede
968 742 1077 765 canere
1103 733 1207 765 laudes
1235 732 1394 774 cujusdam
1415 734 1534 776 pugilis
1555 734 1697 767 victoris.

232 775 376 808 Secessit.
423 775 502 805 Cum
518 783 599 807 vero
615 774 664 806 vis
678 774 808 816 ingenii
823 776 1035 816 languesceret
1059 780 1192 816 angusto
1214 779 1411 818 argumento,
1432 786 1504 810 mac
1518 781 1586 820 eet,
1597 777 1697 818 mea

801 868 1084 886 eeeeeeeeeeeee

231 936 446 978 improbante
462 936 585 970 Tollio.
630 938 709 970 Vid.
735 938 776 970 P.
800 947 860 971 ιιι.
887 939 1030 972 Phaedri
1053 949 1087 981 p.
1105 942 1245 973 178.—4
1267 939 1325 972 Ita
1340 938 1426 971 Mss-
1440 938 1534 979 Pith.
1548 938 1646 973 Rem.
1661 942 1700 972 et

234 980 327 1013 Edit.
345 981 433 1013 Vet.
468 980 537 1013 Sed
562 981 631 1013 Ms.
654 981 804 1024 Perotti,
827 992 927 1025 quem
945 993 1126 1025 perperam
1139 987 1278 1016 secutus
1293 987 1347 1015 est
1359 981 1511 1025 Philipp.
1525 981 1700 1024 Βίηωμὶάςε

230 1023 296 1064 ille,
310 1033 405 1064 supra
417 1024 455 1056 de
467 1034 526 1065 quo
539 1025 712 1057 Μίνω-5
741 1025 872 1059 Victori.
915 1026 971 1059 Sic
990 1026 1077 1060 bene
1100 1026 1228 1068 legitur
1251 1026 1287 1058 in
1312 1025 1398 1059 (lod.
1424 1025 1562 1067 Pei-ott.
1585 1029 1624 1059 et
1649 1025 1701 1065 ita

231 1067 312 1099 olim
329 1067 498 1099 Rittersh.
514 1066 688 1106 Sclieffiet
702 1068 856 1101 Gronov.
874 1073 1109 1111 correxerant,
1126 1080 1188 1112 pro
1203 1070 1345 1111 vulgato
1365 1068 1514 1111 Victoris,
1535 1061 1627 1111 quod
1640 1068 1700 1109 ha-

232 1110 334 1142 betur
351 1110 386 1141 in
401 1110 487 1143 Mss.
503 1110 595 1143 Pith.
611 1112 706 1143 Rem.
722 1116 759 1144 et
774 1112 867 1146 Edit.
880 1113 961 1146 Vet.
988 1118 1025 1146 et
1050 1113 1143 1156 quod
1158 1117 1276 1146 tuetur
1300 1112 1455 1145 Richter.
1477 1112 1512 1144 in
1537 1109 1638 1154 praef.
1654 1116 1700 1153 et

230 1162 399 1195 recepere
415 1153 512 1185 Brot.
533 1157 641 1196 atque
665 1154 814 1188 Desbill.
858 1156 926 1188 Sed
954 1156 1178 1198 rejiciendum
1201 1160 1299 1189 recte
1325 1155 1464 1194 videtur
1487 1155 1700 1198 Burmapno,

230 1197 309 1239 quia
324 1206 368 1228 ex
385 1206 426 1228 ea
437 1196 586 1229 lectione
599 1196 628 1229 is
644 1207 763 1230 sensus
775 1197 861 1238 exit,
875 1203 914 1231 ut
927 1199 1121 1242 scripserit,
1147 1209 1168 1232 a
1190 1199 1340 1242 quodam
1363 1197 1525 1234 mercede
1549 1197 1700 1239 conduc-

230 1239 427 1279 tus‚1audes
440 1239 580 1272 victoris
595 1240 861 1282 pyctae,diversi
875 1240 918 1274 ab
935 1242 1006 1283 illo,
1030 1243 1089 1285 qni
1111 1242 1335 1275 conduxerat.
1377 1241 1502 1275 Cicero
1524 1241 1631 1282 etiam
1652 1240 1699 1283 de

232 1283 294 1315 Or.
317 1283 377 1315 lib.
403 1291 444 1314 11.
470 1285 525 1315 86.
551 1282 585 1315 in
611 1283 722 1325 ipsum
747 1283 910 1326 Scopam,
926 1285 1017 1327 apud
1033 1295 1135 1328 quem
1151 1284 1321 1327 coenabat,
1333 1283 1546 1324 Simonidem
1558 1293 1699 1324 ‚carmen

229 1326 409 1367 scripsisse
430 1330 560 1358 narrat.
611 1326 732 1358 Victori
748 1332 968 1369 receperunt,
981 1332 1109 1369 praeter
1123 1327 1373 1368 Burmannum‚
1389 1327 1539 1370 Philipp.
1556 1327 1698 1367 Lallem.

230 1369 372 1411 Bipont.
387 1368 487 1402 Jord.
503 1368 575 1401 alii.
621 1369 752 1402 Contra
764 1370 911 1404 Desbili.
925 1371 1012 1413 legit
1027 1376 1063 1404 et
1078 1371 1317 1414 interpungit:
1337 1370 1475 1404 Victoris
1487 1371 1621 1414 landem,
1631 1370 1698 1404 cui-

229 1413 302 1444 dam
324 1415 427 1454 γραίας
443 1415 477 1443 ut
491 1411 651 1450 scriberet,
669 1413 708 1445 C.
724 1423 753 1445 c.
774 1424 809 1455 p.
834 1413 900 1446 hoc
915 1423 1039 1446 sensu:
1074 1414 1252 1448 Conduxit
1276 1413 1700 1457 laudern„qualisin„vie-

229 1459 323 1487 tores
340 1454 498 1496 componi
512 1454 659 1497 solebat,
682 1459 722 1488 ut
745 1465 820 1488 eam
847 1456 982 1489 cuidam
1009 1462 1123 1499 pyctae
1151 1457 1333 1491 scriberet.
1379 1457 1456 1490 Nec
1481 1455 1618 1498 desunt,
1640 1458 1699 1500 qui

226 1498 388 1539 jungant,
407 1497 545 1530 Victoris
559 1499 679 1531 laudem
692 1498 814 1531 cuidam
826 1503 931 1541 pyctoe
945 1503 980 1532 ut
994 1500 1155 1541 scriberet,
1169 1511 1246 1543 quae
1260 1499 1369 1533 vertit
1381 1499 1480 1532 Brot.
1495 1499 1520 1532 il
1534 1499 1614 1532 etoit
1626 1509 1699 1532 eon-

227 1551 319 1581 venu,
342 1542 380 1572 de
406 1550 561 1582 compo-rer
583 1551 625 1573 un
646 1541 733 1582 §loge
748 1543 787 1574 de
807 1543 977 1584 vainqueur
1005 1553 1084 1584 pour
1109 1553 1150 1576 un
1170 1544 1290 1576 certain
1309 1543 1500 1576 athleta—6
1524 1542 1699 1577 conduxit.

228 1584 286 1616 Sic
301 1584 430 1625 optime
447 1584 573 1625 legitur
589 1585 624 1616 in
641 1585 726 1616 Mss.
745 1585 837 1618 Pith.
854 1586 953 1618 Rem.
970 1585 1115 1619 testibus
1140 1586 1257 1624 Gudio
1284 1591 1321 1619 et
1343 1587 1443 1620 Brot.
1486 1585 1612 1628 Sicque
1625 1585 1699 1619 edi-

228 1627 352 1659 derant
365 1627 458 1659 Pith.
475 1632 511 1659 et
525 1627 649 1668 Rigalt.
665 1628 699 1659 in
716 1627 807 1660 Edit.
826 1631 855 1661 1.
869 1628 960 1672 qnod
975 1629 1126 1671 amplexi
1142 1634 1223 1662 sunt
1238 1629 1447 1663 Ritterslius.
1469 1629 1528 1672 qui
1541 1638 1587 1661 ex
1605 1629 1698 1672 jure,

228 1670 263 1701 in
288 1680 355 1712 quo
377 1671 440 1702 hoc
468 1670 607 1702 verbum
630 1669 806 1713 frequens,
829 1671 1026 1714 illustravit,
1049 1673 1174 1706 Nevel.
1201 1673 1317 1706 Ursin.
1343 1672 1512 1715 multique
1535 1671 1604 1705 alii.
1647 1670 1699 1705 At

228 1713 362 1745 Menrs.
377 1713 525 1745 mutavit
539 1714 575 1745 in
590 1714 732 1746 condixit
756 1714 866 1757 (quod
892 1719 929 1747 et
954 1715 1099 1748 Salmas.
1124 1720 1162 1748 et
1188 1715 1313 1758 Scalig.
1339 1713 1518 1758 probant),
1541 1715 1695 1748 addens:

226 1757 235 1772 ‘
253 1756 442 1788 Simonides
458 1756 548 1788 enim
565 1765 632 1788 non
647 1758 807 1799 conduxit,
824 1756 886 1789 sed
900 1760 1067 1791 conductus
1081 1758 1172 1791 erat?
1218 1759 1265 1792 Et
1280 1759 1358 1791 hinc
1373 1758 1490 1792 Bentl.
1513 1758 1611 1800 legit,
1624 1768 1698 1792 con·

226 1799 336 1831 ductus
346 1799 461 1840 pretio.
506 1799 572 1831 Sed
589 1799 720 1831 erravit
734 1800 865 1833 Meurs.
881 1799 1042 1842 ignorans
1056 1802 1121 1834 vim
1135 1805 1171 1834 et
1185 1812 1281 1834 usum
1295 1801 1391 1834 verbi
1407 1803 1586 1842 conducere,
1595 1812 1698 1845 quem

227 1841 382 1874 vindicat
405 1842 522 1873 Burin.
549 1842 593 1874 ad
620 1842 649 1874 Ιι.
666 1843 689 1874 l.
735 1843 853 1875 Nihilo
869 1843 980 1876 secius
994 1844 1137 1876 condixit
1151 1843 1345 1886 praeferunt
1362 1844 1489 1886 Rigalt.
1506 1845 1540 1877 in
1558 1845 1650 1879 Edit.
1664 1849 1697 1879 2.

230 1884 351 1926 Faber,
370 1885 534 1925 Hoogstr.
550 1885 665 1917 Μαίη.
682 1885 807 1918 Danet.
823 1886 951 1918 Leonh.
969 1887 1082 1920 Richt.
1107 1886 1235 1920 Scheff.
1254 1887 1396 1927 Harius,
1419 1887 1558 1920 Lenem.
1572 1888 1696 1922 Dldot.

227 1928 424 1969 Dispontin.
451 1927 495 1959 de
519 1937 586 1969 quo
613 1928 692 1960 vide
718 1929 963 1971 Burmmmum,
990 1930 1106 1962 multis
1131 1935 1254 1964 contra
1277 1930 1424 1972 Hatiurn
1448 1930 1694 1972 disputantem.

226 1971 361 2012 -petit.
396 1971 543 2003 Manent
558 1970 725 2003 Rittersh.
742 1976 778 2004 ct
792 1971 921 2005 Scheff.
945 1973 1047 2014 petlt,
1074 1978 1112 2006 ut
1137 1972 1208 2006 fab.
1224 1976 1278 2006 21.
1304 1976 1358 2006 25.
1381 1974 1392 1992 ⁴
1410 1972 1532 2016 pei-It?
1573 1973 1696 2007 Secuti

228 2014 396 2055 Hoogstr.
419 2013 551 2046 Walch.
577 2014 900 2048 Maitt.--secretum.
939 2016 1032 2048 Gud.
1059 2017 1227 2057 decretum,
1253 2015 1342 2066 qnod
1366 2016 1491 2049 merito
1517 2012 1695 2059 displicet.

227 2057 305 2089 Vid.
325 2057 408 2089 Not.
425 2056 583 2089 Gud.—s
607 2057 649 2090 In
665 2058 748 2090 Mss.
765 2058 899 2090 Perotti
916 2059 1067 2100 legitur:
1106 2060 1188 2092 Usus
1211 2060 1310 2100 poetae
1331 2068 1416 2091 more
1439 2063 1471 2092 et
1491 2058 1620 2092 licentia
1633 2065 1695 2102 coe,

226 2110 302 2141 pro,
324 2110 398 2132 usus
421 2100 521 2141 poe'tae
548 2110 632 2133 more
659 2104 706 2133 est
735 2104 766 2134 et
791 2101 932 2134 licentia.
968 2102 1026 2135 Sic
1048 2101 1128 2135 olim
1153 2102 1260 2144 edidi,
1296 2102 1514 2145 improbante
1541 2102 1695 2146 censore

226 2143 343 2183 docto,
358 2143 391 2175 in
404 2143 547 2184 Ephem.
566 2143 724 2176 Norimb.
748 2154 826 2176 ann.
851 2147 947 2178 1780.
977 2145 1109 2178 Partic.
1137 2148 1191 2179 99.
1218 2155 1251 2188 p.
1265 2149 1342 2178 806.
1386 2145 1557 2179 Placebat
1572 2150 1695 2180 tamen

225 2187 298 2218 haec
315 2186 420 2218 lectio
437 2186 669 2227 Heusinger-0,
694 2191 731 2219 et
757 2197 923 2229 recepere
950 2189 1094 2222 Lallem.
1123 2188 1222 2221 Brot.
1249 2188 1349 2223 Jord.
1405 2189 1487 2222 Non
1511 2192 1695 2223 contentus

225 2239 308 2261 vero
321 2229 384 2261 hac
395 2229 567 2271 scriptura
581 2230 895 2272 Burm.1egendum
914 2231 1150 2274 proponebat:
1187 2233 1269 2265 Usus
1289 2232 1483 2274 poelavmere
1493 2235 1540 2265 est
1552 2233 1694 2269 «Νίσα-

223 2272 282 2304 tia.
327 2272 370 2304 In
384 2272 467 2304 Mss-
483 2271 577 2305 Pith.
590 2271 691 2304 Rern.
707 2277 746 2305 et
761 2273 854 2306 Edit.
868 2275 948 2307 Vet.
963 2279 1000 2307 et
1024 2274 1254 2316 Rittershnsii,
1277 2279 1342 2313 est,
1373 2275 1456 2308 Usus
1476 2274 1576 2318 poeta
1597 2275 1695 2309 risoris

224 2318 271 2347 est
288 2315 426 2348 licentia.
471 2315 563 2347 Hinc
578 2314 810 2354 emendatum,
829 2317 911 2350 Usus
933 2317 1046 2360 po'e'toe,
1071 2321 1107 2350 ut
1133 2318 1230 2350 moris
1249 2321 1307 2359 est,
1319 2318 1457 2351 licentia.
1501 2319 1558 2351 Ita
1573 2318 1693 2362 legunt

217 2359 412 2399 'permulti3
438 2356 554 2401 sicque
569 2359 679 2390 iocum
696 2360 897 2400 expeditum
923 2365 1025 2402 putat
1046 2361 1233 2395 Tzschnck.
1277 2362 1400 2404 Neque
1413 2363 1598 2404 propterea
1611 2368 1692 2395 cum

224 2401 397 2433 Brotierio
411 2401 486 2434 haec
500 2401 605 2434 lectio
619 2401 806 2443 rejicienda
822 2407 887 2444 est,
909 2403 990 2445 quia
1006 2403 1066 2436 lib·
1088 2413 1124 2436 v.
1139 2403 1209 2437 fab.
1228 2407 1258 2438 1.
1274 2407 1307 2438 8.
1330 2403 1499 2439 Phaedrus
1524 2403 1632 2446 dicat,
1654 2409 1692 2438 ut

224 2454 287 2476 mos
301 2448 359 2486 est,
376 2454 457 2484 non,
472 2448 507 2476 ut
520 2445 625 2477 moris.
670 2445 763 2476 Loco
779 2446 867 2477 enim
885 2446 991 2479 citato
1014 2452 1082 2487 est,
1097 2451 1132 2479 ut
1154 2457 1218 2479 mos
1230 2450 1275 2480 est
1289 2448 1389 2488 magi,
1403 2457 1483 2487 non,
1493 2451 1530 2479 ut
1553 2457 1619 2480 mos
1633 2453 1692 2482 est.

223 2487 411 2529 Vulgatum
427 2496 509 2519 vero
525 2487 818 2529 interpretantur:
857 2489 938 2520 Usus
962 2489 1090 2522 licentia
1113 2490 1226 2531 poetae,
1246 2494 1282 2522 ut
1306 2491 1401 2522 moris
1424 2493 1494 2528 ert,-
1526 2491 1594 2523 etsi
1607 2500 1690 2523 non-

223 2531 319 2570 nulli,
332 2535 371 2563 ut
387 2530 502 2570 Ursin.
515 2534 551 2562 et
567 2530 753 2572 Onvering.
771 2533 818 2562 est
841 2530 993 2564 referant
1008 2533 1050 2564 ad
1066 2543 1153 2573 usus,
1168 2533 1260 2576 quod
1275 2542 1342 2565 non
1357 2538 1412 2565 est
1426 2542 1588 2574 necessc3
1612 2543 1690 2566 cum

223 2573 285 2605 sub
301 2584 373 2606 usus
387 2572 490 2606 facile
505 2573 713 2616 subintelligi
731 2574 849 2616 possit.
894 2574 1009 2607 Bentl.
1027 2580 1106 2618 post
1125 2576 1290 2609 Rittersh.
1322 2576 1405 2608 Usus
1426 2575 1518 2618 poeta
1532 2576 1630 2609 „toris
1644 2581 1689 2610 ese

889 2688 1029 2721 NOTAE

266 2778 282 2805 5
310 2774 436 2815 Pyctoe]
459 2774 580 2812 Πυκτὴς
607 2774 789 2816 significat,
815 2774 927 2816 pugil:
983 2773 1052 2808 Sed
1068 2774 1186 2807 melius
1201 2774 1396 2807 restitutum
1408 2778 1523 2818 pycta:-

223 2824 404 2865 legebatur
430 2829 531 2858 antea
551 2826 645 2869 pide,
669 2826 704 2859 id
720 2830 783 2870 est,
798 2831 928 2860 ornate.
