1806 3236
237 205 324 249 386

239 324 350 347 meam
368 324 437 347 rem
454 313 721 356 postillalucro!
766 314 835 349 Qui
851 315 942 348 iocus

239 367 378 408 egregie
394 367 459 399 huc
481 366 578 406 facit,
592 370 629 398 et
644 365 725 408 quid
748 366 794 398 sit
807 375 874 398 rem
887 376 942 399 ex-

237 418 344 458 pedire
378 417 543 449 declarat.
600 416 700 449 Suet.
740 416 854 449 Tiber.
887 419 942 450 48.

239 471 249 487 ‘
269 470 344 502 Nec
366 478 421 500 res
445 467 689 510 expediretur:
726 470 736 486 ‘
754 468 941 510 Explicare

240 518 422 560 pecunias’
448 519 558 552 Jctus
582 518 604 551 1.
621 526 728 551 xxxi.
753 516 792 551 ff.
818 519 862 551 de
891 519 942 551 Re

238 570 390 603 Judicat.
416 569 532 602 Burm.

288 620 464 652 Fraudator
484 629 592 652 nomen
614 629 706 661 quum
731 620 812 652 locat
831 629 943 661 sponsu

239 670 390 711 improbo,
421 671 495 702 Non
515 680 581 703 rem
600 670 760 712 expedire,
783 671 838 702 ned
860 671 944 703 mala

239 721 357 760 videre,
384 720 519 763 expetit]
562 720 809 760 Vexatissimus
839 722 943 754 locus.

238 772 360 804 Varias
371 773 519 805 virorum
531 772 711 805 doctorum
723 773 942 814 conjecturas

241 823 396 857 recenset
432 823 637 857 Schefferus.
696 824 781 856 Mas.
807 823 945 856 homines

240 886 309 908 cum
334 879 442 908 avocat
468 886 623 917 sponsore.
674 875 771 918 Lego
799 885 843 907 ex
877 876 943 909 Ms.

242 928 421 960 Fraudator
433 938 542 960 nomen
554 938 648 970 quum
661 928 742 960 locat
758 937 866 969 sponso
885 928 944 960 im-

238 978 346 1019 probo,
379 979 452 1011 Non
484 988 550 1011 rem
585 979 743 1020 expedire,
773 980 827 1011 sed
862 980 946 1011 mala

239 1030 357 1071 videre,
373 1031 509 1072 expedit.
555 1030 619 1062 Vel
630 1031 743 1071 vitare,
755 1030 811 1063 vel
821 1029 946 1067 videri‚·

242 1080 275 1112 id
304 1084 377 1113 est:
418 1081 544 1113 Melius
564 1080 766 1124 'utiliusque
793 1085 858 1122 est,
887 1082 946 1113 ha-

242 1130 316 1162 beri
336 1135 520 1173 utrumque
540 1141 603 1173 pro
627 1131 818 1164 nominibus
836 1132 945 1164 malis.

243 1181 379 1223 Sponsus
390 1182 482 1214 idem
491 1187 544 1214 est
556 1183 659 1225 quod,
670 1192 831 1224 sponsal-3
847 1188 883 1216 et
895 1183 945 1215 sic

243 1237 362 1274 posset
380 1242 500 1265 sensus
523 1233 577 1265 hic
597 1233 640 1266 ab
656 1234 813 1275 exemplo
829 1234 946 1276 patris,

242 1290 301 1332 qui
332 1289 437 1322 filiam
467 1291 632 1332 virginem
662 1300 788 1333 sponso
817 1291 945 1333 nuptiis

242 1340 335 1373 locat
368 1340 480 1382 pretio
515 1342 567 1373 vel
594 1342 766 1381 mercede,
803 1351 947 1383 sponsus

241 1400 325 1423 vero
357 1391 522 1433 virginem
560 1402 622 1433 pro
653 1403 714 1425 sna
749 1392 863 1425 ducit:
897 1392 946 1425 sic

241 1441 420 1475 fraudator
434 1453 557 1476 nomen
573 1445 667 1476 locat
678 1443 836 1486 improbo
846 1453 946 1486 spon-

243 1492 324 1534 ιοιί,
339 1493 371 1524 id
386 1498 452 1532 est,
470 1494 678 1527 conducenti
694 1494 798 1527 tradit
813 1505 823 1534 ;
845 1503 947 1536 spon-

244 1553 311 1584 sor,
327 1544 397 1576 sive
412 1554 567 1586 sponsus,
581 1546 729 1577 iocatum
746 1554 868 1577 nomen
884 1555 947 1587 pro

246 1603 307 1625 suo
331 1593 440 1634 ducit,
464 1594 499 1626 id
522 1601 587 1636 est,
609 1595 764 1628 debitum
786 1600 947 1638 tanquam

244 1654 339 1676 suum
354 1645 522 1687 agnoscit,
537 1646 678 1688 ideoque
687 1645 866 1679 fraudator
880 1655 948 1678 non

244 1695 388 1736 expedit
415 1704 500 1727 rem.
548 1697 708 1738 Expedire
731 1700 845 1728 autem
870 1706 948 1735 rem,

243 1754 311 1776 non
334 1749 399 1785 est,
425 1749 463 1777 ut
488 1746 656 1785 Pithoeus,
680 1746 886 1785 Gronovius,
911 1751 948 1779 et

244 1795 302 1826 alii
318 1795 380 1827 viri
396 1795 489 1828 docti
501 1801 677 1838 putarunt,
687 1797 865 1838 pecuniam
875 1806 949 1828 mu-

245 1850 304 1878 tuo
341 1851 518 1888 acceptam
555 1848 688 1879 solvere
717 1851 755 1878 et
788 1846 947 1888 reddere,

245 1897 333 1938 quod
349 1901 403 1929 est
416 1897 600 1937 debitoris;
622 1898 686 1929 hoc
700 1906 780 1929 vero
792 1901 845 1929 est
858 1902 948 1929 vete·

245 1947 339 1979 ribus
366 1948 377 1966 ‘
395 1948 530 1980 Nomen
558 1947 724 1990 expedire
737 1947 758 1979 τ’
789 1952 829 1980 ut
857 1948 948 1989 apud

244 1998 356 2031 Cicer.
379 1999 389 2016 ‘
409 1998 556 2031 Nomina
584 2007 661 2030 mea
688 2006 752 2038 per
778 1997 871 2029 Deos
893 2006 950 2030 ex-

244 2049 339 2091 pedi,
353 2050 516 2090 exsolve3’
533 2054 568 2081 et
580 2049 670 2091 apud
682 2049 824 2082 sueton.
847 2049 856 2066 ‘
867 2048 949 2081 Οιιι-

246 2109 306 2131 nes
322 2100 454 2132 solvere
479 2109 581 2141 posse
604 2099 811 2142 quaestiones
834 2099 949 2131 Unum

246 2147 386 2181 difficile
399 2149 566 2191 expedire
578 2148 726 2182 nomen.’
767 2149 836 2181 Sed
847 2149 948 2190 longe

245 2199 337 2231 aliud
363 2203 416 2232 est
439 2209 506 2231 rem
527 2200 582 2231 vel
606 2199 770 2241 pecuniam
792 2200 950 2241 expedire,

246 2250 336 2291 quod
370 2249 552 2292 significat,
581 2250 760 2292 pecuniam
795 2260 948 2292 erogare,

248 2310 485 2341 annumerare,
527 2300 733 2343 appendere,
769 2301 948 2334 collocare.

246 2351 302 2383 Sic
318 2352 435 2383 Valer.
451 2353 550 2385 Max.
568 2361 619 2384 ιν.
642 2362 671 2385 c.
686 2355 718 2384 4.
744 2352 786 2383 de
803 2361 949 2393 pauper-

248 2406 320 2434 tate
336 2402 503 2443 Scipionis
519 2414 527 2434 :
552 2403 562 2420 ‘
581 2402 710 2434 Petens
731 2406 770 2434 ut
789 2402 852 2434 sibi
874 2412 949 2434 snc-

248 2461 365 2484 cessor
391 2453 601 2492 mitteretur,
624 2452 704 2495 quia
725 2452 828 2484 filiam
845 2452 949 2494 virgi-

248 2512 324 2534 nem
342 2503 468 2535 adultae
487 2503 561 2544 jam
585 2502 699 2535 aetatis
721 2503 876 2543 haberet,
889 2512 948 2534 ne

249 2562 315 2594 que
330 2553 363 2584 ei
388 2553 459 2585 sine
486 2563 522 2585 se
547 2553 609 2585 dos
631 2553 785 2594 expediri
810 2553 950 2594 posset!

246 2602 316 2635 Ubi
332 2605 434 2635 dotem
445 2604 591 2644 expedire
602 2608 669 2643 est,
683 2603 773 2635 dotis
786 2613 948 2635 summam

250 2663 404 2694 erogare,
419 2659 457 2685 ut
473 2654 629 2685 Valerius
642 2663 683 2686 eo
696 2653 770 2686 ioco
783 2653 900 2684 statim
912 2662 948 2685 se

248 2706 321 2746 ipse
340 2705 503 2747 explicat.
544 2706 700 2746 Plautus,
714 2705 890 2737 Musarum
908 2714 948 2736 ac

248 2764 408 2787 venerum
424 2755 620 2787 Latinarum
634 2754 949 2796 parens‚Amphitr.

250 2805 390 2847 Prolog.
428 2808 437 2823 ‘
457 2806 502 2838 Et
518 2809 556 2838 ut
571 2815 625 2838 res
641 2806 858 2848 rationesque
875 2815 949 2837 ves-

697 220 841 252 No‘rAE
873 220 1142 253 VARIORUM
1176 221 1229 252 IN

993 318 1124 348 trorum
1139 315 1286 348 omnium
1303 316 1399 348 Bene
1412 314 1579 358 expedire
1594 317 1696 350 voltis

993 375 1138 409 peregre
1165 371 1201 399 et
1225 366 1342 400 domi.’
1390 366 1457 400 Ubi
1479 376 1532 400 m
1549 367 1698 410 emin

994 417 1083 450 idem
1119 421 1186 459 est,
1210 418 1301 460 quod
1339 417 1520 451 Germanis
1555 417 1698 459 dieitur,

995 476 1103 519 ebrit
1119 477 1200 518 mol
1228 481 1307 520 nnn
1337 475 1469 528 githa
1493 476 1696 534 aussthun,

995 543 1240 598 unnetaehtt
1267 549 1347 589 uun
1380 544 1555 597 nutzbat
1590 545 1698 594 {1212-

994 614 1084 656 fltn.
1127 617 1243 650 Cicer.
1260 618 1283 650 1.
1297 626 1322 651 ι.
1338 617 1450 660 Epist.
1461 618 1507 651 ed
1517 618 1698 653 cndu.

994 675 1086 708 inter
1111 675 1231 718 fragm.
1261 686 1282 709 a
1310 675 1450 718 sigonio
1476 680 1514 710 et
1541 676 1698 711 Patricio

994 728 1160 760 collecta:
1193 728 1204 745 ‘
1219 728 1274 760 Ex
1289 727 1424 761 caeteris
1438 728 1622 770 generibus
1638 737 1699 771 pe-

994 778 1095 811 cunia
1132 778 1350 821 expedietur,
1387 787 1465 812 eum
1503 779 1697 822 'legionibus

994 829 1193 862 victricibus
1235 833 1351 869 erunt,
1381 838 1460 872 quae
1499 829 1701 872 spospondi-

996 890 1082 922 mus,
1112 880 1365 923 persolvenda!
1411 881 1536 914 Cicero
1561 881 1631 923 Epa
1653 881 1700 913 ed

996 930 1072 964 Att.
1086 931 1147 964 lib.
1163 940 1240 965 xvl.
1256 935 1307 964 16.
1337 932 1348 951 ‘
1365 931 1452 965 Cum
1462 931 1702 974 tantu-nuqua

997 984 1079 1024 sint,
1099 993 1144 1016 ne
1154 984 1325 1017 Terentia!
1336 983 1476 1027 quidem
1488 982 1600 1016 adhue
1609 983 1701 1026 quod

997 1035 1138 1076 solvam,
1152 1035 1354 1077 expeditum
1365 1031 1457 1068 est!
1480 1035 1702 1076 uenoegre-

996 1087 1084 1129 gius,
1098 1097 1142 1119 ex
1157 1097 1237 1130 quo,
1254 1087 1336 1130 quid
1362 1086 1503 1120 differat
1527 1087 1645 1119 solvan
1663 1090 1701 1120 et

996 1138 1156 1179 expedire,
1170 1142 1328 1181 apparet.
1349 1138 1497 1170 Videtur
1507 1145 1590 1179 ergo
1602 1137 1703 1170 Phe·

996 1189 1078 1221 drus
1109 1189 1232 1222 lusisse
1259 1190 1293 1222 in
1319 1189 1435 1222 nativa
1456 1188 1552 1222 vocis
1576 1187 1702 1230 ἀραιὴ

996 1239 1256 1282 significatione.
1312 1241 1386 1273 Non
1407 1237 1613 1282 expeditfid
1636 1244 1703 1280 est,

996 1300 1064 1323 non
1082 1290 1165 1322 utile
1181 1289 1250 1333 est)
1273 1299 1338 1323 rem
1351 1290 1404 1333 (id
1418 1295 1486 1331 est,
1502 1287 1702 1332 pecuniam)

995 1341 1075 1373 male
1084 1340 1242 1383 expedire,
1251 1340 1332 1383 (hoc
1343 1345 1411 1381 est,
1418 1341 1588 1373 coilocare
1595 1346 1701 1381 pecu-

996 1392 1087 1424 niam
1113 1396 1208 1424 tuam
1233 1391 1438 1431 fraudatori,
1463 1391 1526 1424 sub
1549 1390 1618 1425 fide
1636 1391 1701 1425 im-

996 1442 1094 1484 probi
1122 1441 1312 1485 sponsoris)
1339 1442 1400 1475 ned
1431 1442 1575 1485 expedit
1610 1443 1701 1505 bene

998 1496 1070 1526 re'm
1087 1493 1267 1535 expedire.
1291 1493 1377 1525 Gna.

1042 1543 1197 1585 sponsore
1210 1542 1364 1585 improbo]
1383 1541 1425 1574 F.
1439 1540 1576 1584 legend.
1591 1546 1704 1584 φησει

997 1594 1148 1636 imm-‚obn
1184 1593 1280 1627 Alias
1294 1593 1383 1627 enim
1406 1591 1616 1626 claudicabit
1630 1602 1706 1626 ver-

1000 1655 1065 1678 sus.
1105 1646 1190 1679 Riet.

1042 1696 1134 1728 Mala
1158 1695 1277 1737 videre]
1317 1694 1410 1730 Quid
1440 1695 1469 1727 ιί
1491 1695 1575 1728 mala
1602 1694 1706 1727 rufam

992 1747 1189 1788 .1egas?hoc
1202 1755 1323 1779 sensu.
1336 1746 1371 1778 Ῑι
1377 1744 1570 1787 hujusmodi
1578 1743 1705 1777 deinde

998 1797 1113 1829 ridere
1139 1801 1271 1829 tantum
1294 1795 1339 1828 ob
1365 1805 1407 1827 ea
1431 1795 1520 1827 mala
1544 1794 1654 1836 eupit,
1671 1794 1704 1827 in

999 1858 1075 1890 quae
1108 1846 1230 1880 fraude
1267 1857 1329 1879 sna
1357 1846 1509 1879 homines
1545 1845 1704 1878 credulos

999 1897 1208 1939 praecipitat.
1252 1895 1353 1938 Legit
1379 1899 1495 1928 tamen
1518 1894 1704 1934 Gruterus,

1000 1946 1172 1980 Neveleto
1193 1951 1281 1979 teste
1295 1957 1304 1979 :
1326 1947 1381 1979 sed
1394 1947 1509 1978 mlum
1523 1946 1600 1978 dare
1611 1954 1704 1986 expe-

998 1998 1041 2030 tie
1052 2008 1064 2036 ,·
1084 1998 1150 2030 hoc
1160 2001 1226 2039 est,
1237 1995 1387 2038 efficere,
1396 1999 1436 2028 ut
1445 2005 1498 2027 res
1509 1995 1567 2027 ma
1578 1995 1705 2028 evadat
1757 2015 1763 2021 -

1000 2057 1065 2080 non
1079 2047 1254 2090 expedita,
1268 2047 1329 2079 sed
1343 2046 1443 2078 mala.
1465 2044 1572 2084 Schefi
1606 2052 1608 2054 ·
1660 2049 1664 2053 ’

1043 2101 1063 2130 3
1089 2098 1188 2130 Ovem
1216 2096 1348 2138 rogabat
1375 2094 1529 2136 modium]
1579 2094 1704 2128 Pauiio

1001 2149 1101 2181 aliter
1115 2152 1234 2181 narrat
1257 2149 1369 2181 Anon.
1397 2146 1467 2179 fab.
1481 2149 1534 2178 81.
1569 2146 1704 2194 Praxh.

1001 2199 1114 2232 Livius
1135 2199 1195 2232 lib.
1212 2207 1271 2231 111.
1304 2198 1316 2216 ‘
1337 2198 1407 2232 Qui
1423 2197 1559 2239 piebem
1582 2197 1704 2229 Rom-

1000 2259 1077 2281 nam
1101 2250 1255 2281 tribunos
1266 2247 1429 2290 rogaret?
1470 2247 1552 2279 Duo
1567 2256 1707 2279 accuso-

999 2300 1074 2332 tivi.
1117 2300 1225 2334 ovid.
1253 2300 1343 2332 Met.
1364 2307 1442 2331 xlv.
1472 2300 1549 2331 787.
1594 2299 1605 2317 ⁸
1628 2298 1705 2331 Hoc

1000 2355 1101 2393 rogat
1127 2349 1316 2383 auxilium!
1375 2349 1434 2382 Ita
1461 2349 1566 2381 etiam
1597 2351 1705 2390 petere

1000 2410 1103 2443 supra
1122 2400 1193 2434 fab.
1209 2404 1240 2434 2.
1275 2400 1286 2418 ‘
1301 2401 1431 2442 Regem
1452 2399 1627 2442 petierunt
1642 2398 1703 2432 Jo-

999 2453 1098 2494 vem,'
1114 2458 1154 2485 ut
1171 2452 1339 2494 Scoppius
1354 2450 1450 2492 legit
1493 2448 1598 2482 Ovid.
1613 2448 1703 2480 Met.

999 2512 1066 2535 vm
1081 2506 1156 2537 296.
1180 2505 1190 2522 ⁴
1207 2502 1305 2535 Petit
1315 2502 1379 2534 hoc
1395 2499 1531 2534 AEe'tida
1545 2508 1687 2532 ιιιιιιιιιι.

1000 2554 1058 2586 ubi
1073 2555 1180 2596 plura.
1204 2554 1320 2586 Bur-m.

1044 2604 1176 2645 Cervus]
1202 2605 1307 2636 Forte
1325 2605 1452 2635 cor-vus.
1483 2595 1604 2635 Heius.

1040 2658 1062 2687 4
1089 2656 1303 2686 Praemetuens
1323 2652 1442 2694 dolum]
1474 2653 1598 2685 Statim
1615 2654 1701 2687 etin

998 2709 1212 2737 antecessum
1229 2709 1395 2736 metuens.
1439 2704 1496 2735 Sic
1514 2704 1651 2737 Lucret.
1665 2708 1702 2737 et

998 2755 1207 2795 Jul.Caesar,
1221 2754 1262 2785 Β.
1273 2753 1317 2786 G.
1330 2762 1398 2786 vu.
1421 2763 1497 2794 cap.
1509 2756 1563 2786 49.
1588 2754 1698 2786 Caete-

1000 2816 1074 2838 rum
1101 2806 1156 2838 hic
1180 2804 1316 2837 verbum
1340 2803 1441 2845 inquit
1465 2804 1647 2847 omittitur,
1662 2807 1700 2837 ut
