1806 3236
194 176 196 178 ’
243 198 301 243 14
940 210 1063 246 'vn-A
1083 220 1103 225 ⁷·

243 304 526 357 Geburtnort,
538 305 620 353 ’ein
636 300 907 363 poetisches,
922 309 1060 352 durch
1080 309 1152 358 die
1167 309 1435 365 Gegenwart
1451 309 1529 355 dei·
1547 309 1721 357 ΠΜ

241 373 542 428 begiinstigtcs
561 374 706 426 Land,
721 377 846 419 stellt
861 390 910 419 er
931 391 987 419 an
1008 379 1077 420 die
1096 379 1261 433 Spitze.
1298 376 1527 422 Zunfichst
1542 377 1723 427 kiim'mt

244 454 293 485 er
327 442 409 484 auf
431 443 552 485 seine
586 443 839 497 Erziehung‚
862 448 875 466 ‘
896 447 939 486 in
973 446 1071 500 ipsa
1094 452 1221 487 natus
1259 460 1385 500 paene
1407 446 1566 488 schola
1579 445 1607 500 ς’
1624 446 1722 491 -auf

243 510 392 552 seinen
415 510 667 562 Charakter,
689 512 764 553 der
784 511 940 554 keinen
962 526 1051 555 von
1073 514 1158 555 den
1186 513 1378 555 Flecken
1409 514 1504 564 hat,
1533 513 1608 557 die
1632 515 1722 559 mit·

243 577 330 620 den
371 577 731 621 Musenkiinsten
763 578 1086 634 unvertraglich
1129 582 1240 622 sind.
1320 581 1429 623 Man
1467 582 1594 635 gebe-
1608 581 1723 625 dom

243 649 391 689 ersten
413 646 545 688 Satze
567 648 666 688 eine
688 648 1041 701 metaphorische
1063 649 1335 704 Bedeutung,
1357 649 1448 691 und
1469 649 1542 692 die
1573 661 1711 704 ganzo

243 711 519 767 Anordnung
541 714 616 755 der
636 714 888 756 Gedanken
910 716 970 757 ist
990 715 1200 758 zerstort?

302 781 410 833 Quo
432 795 564 830 anno,
584 784 744 836 quibus
765 784 1023 837 parentibus
1042 789 1177 825 natus
1202 784 1261 827 sit
1290 783 1534 837 Phaedrus3
1563 788 1718 829 utrum

242 861 370 900 casu,
409 863 466 891 an
503 855 620 892 sorte
660 852 877 893 nascendi
919 852 1066 894 factus
1085 852 1157 893 -sit
1197 864 1366 902 servus,
1405 850 1589 894 definire
1611 864 1726 902 wem

242 915 415 963 audeo:
447 924 746 960 verumtamen
781 919 1085 974 conjecturam
1119 921 1311 962 virorum
1352 919 1726 969 doctissimam—

244 983 420 1026 silentio
462 988 796 1039 praetermittere
834 1000 927 1029 non
967 988 1087 1031 licet.
1152 986 1264 1030 Cum
1304 984 1715 1033 enim-Suetoniusq

240 1056 400 1103 narret,
430 1052 481 1094 C.
502 1053 754 1105 Octavium,
785 1053 976 1109 Augusti
1008 1059 1194 1110 patrem,
1226 1055 1508 1099 Macedoniae
1540 1056 1714 1100 Praeto-

244 1132 356 1171 rem,
378 1113 549 1162 Bessos
570 1135 622 1163 ac
643 1122 844 1164 Thraces
862 1136 1022 1175 magno
1051 1123 1222 1165 fudisse
1251 1124 1438 1178 praelio:
1469 1123 1717 1180 conjiciunt

241 1187 585 1243 hinc,-potuisse
607 1190 801 1240 evenire,
822 1193 868 1231 ut
888 1190 1107 1232 Phaedrus
1134 1204 1233 1233 cum
1263 1192 1366 1234 aliis
1381 1191 1588 1246 captivis
1614 1189 1728 1248 Ro-

241 1268 358 1298 mam
391 1257 653 1298 duceretur-¹
714 1257 858 1299 Hisce
890 1262 1037 1300 autem
1075 1259 1251 1314 positis,
1281 1260 1521 1303 Phaedrum
1553 1261 1733 1315 putant·

241 1325 405 1378 paucis
446 1329 544 1366 ante
576 1325 702 1367 annis
738 1330 884 1369 natum
915 1340 1030 1379 esse,
1065 1340 1197 1382 quam
1231 1327 1322 1371 Jul.
1353 1327 1509 1386 Caesur
1537 1339 1714 1370 summa

242 1392 457 1446 potiretur
492 1393 695 1448 imperii.⁵
739 1393 928 1437 *Eodem
949 1395 1068 1437 enim
1105 1408 1236 1447 anno,
1259 1408 1349 1450 quo
1383 1393 1712 1438 Thraces-fusi

242 1463 361 1511 sunt,
383 1458 442 1511 Q.
465 1460 623 1502 Cicero
652 1460 735 1503 fuit
767 1461 1012 1505 Proconsul
1042 1461 1185 1514 Asiae,
1209 1462 1364 1506 Caesar
1382 1466 1528 1505 autem
1548 1461 1710 1506 Romae

240 1527 376 1579 gessit
396 1516 704 1570 consulatum}
762 1528 879 1581 Quae
911 1530 1090 1585 quidem
1119 1531 1380 1587 conjectura
1397 1530 1493 1574 veri
1524 1543 1617 1573 non
1643 1532 1715 1573 est

241 1595 416 1646 similis,
437 1601 559 1637 recte
581 1598 841 1639 observante
863 1596 1073 1640 Fabricio
1088 1603 1121 1652 ;“ι
1140 1598 1347 1653 quoniam
1363 1599 1477 1640 inter
1492 1596 1710 1653 Caligulae
1727 1624 1734 1632 .

239 1662 474 1718 imperium
491 1668 534 1706 et
555 1664 666 1706 illud
686 1670 878 1720 tempuS,
910 1679 1001 1720 quo
1033 1666 1087 1709 C.
1105 1665 1321 1709 Octavius
1351 1666 1547 1708 Thraces
1574 1665 1709 1717 fudit,

241 1730 519 1773 intercedunt
539 1733 658 1786 plus,
681 1746 812 1787 quam
835 1744 964 1777 Lxx.
985 1735 1104 1776 anni.
1165 1733 1288 1786 Quid
1304 1735 1324 1776 ’1
1349 1733 1468 1789 quod
1490 1731 1710 1777 Phaedrus

239 1803 447 1852 regnante
467 1797 658 1842 Claudio
679 1799 826 1842 adhuc
848 1801 1032 1852 vixisse,
1050 1805 1094 1843 et
1115 1802 1286 1857 aliquot
1306 1801 1551 1844 fabularum
1570 1800 1710 1844 libros

241 1867 549 1920 composuisse
578 1868 764 1919 videtur,
794 1873 845 1911 ut
873 1882 898 1910 e
929 1869 1216 1924 sequentibus
1252 1869 1485 1911 constabit.
1544 1867 1709 1924 Neque

241 1932 449 1976 dissentit
478 1947 507 1975 a
535 1936 666 1977 nobis
698 1936 1017 1988 Desbillonius,
1051 1937 1180 1992 cujus
1213 1937 1383 1992 placita
1407 1949 1496 1978 non
1514 1936 1706 1979 alienum
1727 1963 1729 1965 ·

241 1994 413 2044 videtur
446 2003 532 2046 hoc
569 2003 673 2046 loco
713 2017 1057 2048 commemorare
1073 2011 1104 2048 :¹
1165 2006 1180 2027 ‘
1201 2005 1375 2049 Etenim
1414 2005 1500 2048 hoo
1537 2004 1707 2062 pacto,’

903 2137 1049 2182 ''No'rAE

289 2236 305 2260 ε
328 2229 417 2273 Aug.
435 2241 513 2274 cap.
526 2235 559 2266 3.
1045 2236 1057 2258 ⁸
1076 2235 1217 2269 etunius
1231 2235 1254 2268 1.
1271 2245 1303 2268 c.
1318 2245 1354 2277 p.
1369 2237 1445 2268 348.
1461 2228 1606 2267 sueton.
1622 2227 1733 2268 Oet-⁴*

285 2286 299 2303 ¹'
319 2283 366 2316 V.
390 2283 587 2317 Schefferus
623 2284 659 2317 in
686 2284 756 2317 vit.
783 2285 946 2319 Phaedri·
1000 2296 1079 2329 cap.
1096 2289 1129 2319 3.

240 2331 946 2377 SchumannusinDiss.deVit.etScript.
1043 2335 1173 2369 uBibl.
1202 2337 1278 2370 Lat.
1295 2338 1322 2369 t.
1338 2343 1381 2368 ιι.
1406 2345 1442 2377 p.
1459 2337 1514 2368 25.
1531 2333 1628 2368 Edit.
1643 2334 1707 2368 ΕΙ·-

239 2381 396 2424 Phaedri,
415 2385 498 2417 edit.
524 2386 557 2416 in
585 2386 673 2418 Nov.
692 2386 814 2418 Acerr.
831 2387 946 2418 Philo·
1000 2391 1088 2419 nest.

242 2434 312 2476 log.
328 2434 411 2467 Hal.
429 2438 525 2468 1715.
542 2439 574 2468 8.
603 2448 636 2476 p.
653 2440 726 2469 170.
754 2447 804 2478 sq.
822 2437 945 2469 Miille-
1043 2442 1061 2459 ¹
1085 2438 1186 2480 Disp.
1200 2447 1225 2471 1.
1241 2438 1285 2470 de
1297 2437 1370 2470 Vit.
1384 2436 1592 2470 Phaedricit.
1605 2447 1640 2479 p.
1651 2446 1703 2471 v1.

239 2494 297 2518 rus
311 2485 346 2518 in
362 2488 500 2519 Einleit.
527 2498 586 2520 zur
612 2489 800 2521 Konntniss
815 2489 878 2521 der
899 2490 946 2521 ai·
999 2488 1080 2520 Mea
1105 2488 1241 2528 quidem
1267 2487 1440 2520 sententia
1468 2488 1574 2529 locus,
1601 2496 1703 2531 quem

238 2536 299 2566 ten
316 2537 390 2568 Lat.
417 2536 635 2570 Schriftstell.
650 2543 674 2570 t.
692 2547 726 2571 v.
751 2549 784 2579 p.
805 2541 836 2571 8.
861 2540 945 2571 Cru-
999 2548 1077 2571 mox
1093 2538 1193 2571 affert
1210 2539 1454 2579 Dmbillonins,
1467 2548 1535 2571 nou
1549 2542 1705 2581 tempore

238 2584 305 2617 sius
319 2587 342 2619 1.
352 2597 382 2619 c.
402 2587 579 2627 p.343..10
607 2588 783 2620 Fabricius
799 2589 834 2620 in
851 2589 943 2621 Hist.
998 2589 1113 2630 sejani
1154 2589 1213 2621 sed
1252 2590 1420 2631 Calignlae
1457 2590 1604 2631 scriptus
1639 2593 1703 2623 ent.

240 2634 330 2667 Bibl.
347 2637 484 2669 Fabric.
501 2637 541 2670 P.
554 2647 606 2670 v1.
624 2649 657 2678 μ.
674 2641 749 2671 319.
999 2641 1091 2672 Nam
1134 2641 1218 2673 Fab.
1246 2641 1329 2672 alias
1356 2643 1410 2673 25.
1451 2640 1508 2672 lib.
1535 2648 1587 2672 xv.
1624 2649 1703 2673 cum

281 2690 294 2706 ⁸
315 2686 458 2720 Crusius
474 2688 510 2720 in
523 2688 595 2720 Vit.
620 2688 774 2731 Phaedri,
793 2699 871 2732 quae
888 2700 945 2722 ex·
998 2690 1174 2722 Brotierio
1199 2696 1234 2723 et
1260 2690 1456 2732 Bipontinis
1470 2689 1605 2723 Editor.
1629 2691 1702 2733 epi-

239 2738 303 2768 tat.
327 2737 351 2769 l.
366 2747 397 2771 c.
420 2747 456 2780 p.
481 2740 559 2772 342.
583 2738 750 2772 Miillerus
764 2740 789 2773 1.
805 2749 838 2773 c.
863 2743 889 2774 t.
909 2750 943 2774 v.
996 2740 1112 2782 logum
1127 2740 1202 2773 fieri
1208 2741 1298 2784 jussi
1308 2741 1368 2774 lib.
1385 2740 1547 2783 ancujus
1559 2739 1700 2787 prologo

238 2796 273 2828 p.
288 2790 320 2819 6.
996 2789 1041 2823 ad
1054 2791 1248 2833 Eutychum
1262 2790 1351 2824 bene
1365 2789 1562 2834 respondet.
