1806 3236
212 209 298 252 298
471 221 727 253 Appstx
767 223 1076 256 naumann
1111 227 1425 260 AEsopmnrm.

751 578 961 619 FABULA
1019 579 1134 621 xxi.

712 763 875 808 OVES
907 762 988 810 ET
1017 763 1186 809 LUPI.

214 943 349 986 Ovns
371 942 572 998 Lupique
595 955 694 985 cum
715 946 963 986 cenassent
980 941 1156 1000 praelio,

213 1010 311 1053 Illae
331 1011 540 1062 vicerunt,
559 1014 664 1053 tutae
684 1010 898 1066 praesidio
919 1024 1094 1054 canum.

214 1077 332 1133 Lupi
351 1078 517 1133 legatos
532 1079 721 1131 mittunt,
736 1083 787 1122 et
799 1079 970 1135 justam
991 1082 1153 1135 petunt

214 1145 320 1188 Hac
337 1145 434 1200 lege
455 1158 627 1201 pacem,
646 1149 697 1189 ut
715 1146 921 1190 dederent
938 1145 1060 1190 Oves
1078 1158 1228 1197 canes,

213 1212 271 1255 Et
289 1213 470 1256 obsides
486 1213 715 1270 Luporum
735 1214 911 1257 catulos
930 1213 1187 1269 reeipexent.

214 1280 350 1331 Oves,
373 1284 583 1324 aeternam
605 1281 671 1324 sic
692 1286 920 1337 sperantes
939 1280 1122 1336 gratiam

213 1347 339 1399 Iniri,
359 1347 546 1400 faciunt,
567 1348 689 1404 quod
709 1351 1005 1404 poposcerunt
1024 1348 1159 1404 Lupi.

214 1415 327 1458 Post
346 1416 483 1471 paulo
504 1429 607 1459 cum
627 1417 874 1472 coepissent
891 1415 1065 1460 ululare
1082 1416 1236 1468 catuli,

213 1482 346 1538 Lupi,
365 1484 515 1526 necari
535 1488 775 1528 causantes
794 1488 923 1527 natos
944 1497 1070 1536 suos,

214 1550 464 1607 Pacemque
482 1556 656 1608 ruptam
676 1553 733 1595 ab
750 1551 940 1605 Ovibus,
960 1552 1155 1608 undique
1175 1552 1347 1609 impetu

214 1618 436 1662 Invadunt
453 1619 576 1663 facto
594 1619 736 1663 nudas
757 1619 1063 1663 defensoribus
1079 1633 1091 1673 3

215 1687 373 1729 Fidem
391 1701 492 1742 quae
512 1689 664 1732 stultae
685 1689 806 1744 quod
823 1689 1070 1732 habuerant
1087 1688 1310 1740 hostibus,

215 1754 462 1798 Consilium
484 1769 583 1800 sera
601 1756 783 1800 damnat
800 1757 1075 1812 poenitentia.

272 1821 556 1875 Praesidium,
578 1837 667 1879 quo
688 1824 788 1879 quis
808 1823 918 1867 olim
936 1827 1059 1867 tutus
1079 1823 1270 1876 vixerat,

215 1889 265 1932 Si
283 1890 439 1945 prodat
459 1891 577 1943 aliis,
597 1891 761 1934 frustra
780 1895 887 1946 post
907 1891 1146 1934 desiderat.

875 2032 1020 2066 NOTAE

258 2117 346 2150 Haec
383 2116 500 2150 fabula
541 2118 669 2161 legitur
704 2128 761 2162 ap.
795 2118 920 2152 Rimic.
975 2123 1011 2152 et
1026 2119 1118 2152 Uim.
1139 2119 1197 2153 lib.
1212 2128 1268 2153 111.
1282 2119 1352 2154 fab.
1369 2122 1422 2154 13.
1445 2119 1549 2154 Schw.

1622 1552 1679 1595 10

215 2168 274 2202 lib.
289 2177 346 2201 111.
361 2167 431 2202 fab.
449 2170 501 2202 18.
523 2169 719 2204 Anon.fab.
734 2173 789 2204 43.
807 2175 844 2204 et
855 2171 921 2205 Ro·
1016 2173 1040 2203 6
1060 2168 1228 2204 AEtermm
1254 2172 1409 2214 gratiam]
1453 2173 1507 2206 Ex
1537 2172 1677 2205 Terent.

215 2220 298 2253 mul.
311 2219 379 2253 fab.
395 2222 448 2252 82.
466 2223 502 2252 et
520 2219 771 2254 Demosthenes
785 2221 851 2255 hac
868 2221 921 2255 vel
974 2221 1060 2254 Eun.
1078 2229 1114 2255 v.
1128 2224 1161 2255 2.
1174 2223 1229 2255 33.

216 2271 315 2303 simili
330 2276 470 2303 narrata
484 2270 600 2304 fabula
615 2271 778 2314 obtinuit,
792 2281 836 2306 ne
848 2282 920 2305 orn·
1017 2275 1058 2306 12
1081 2273 1208 2318 Fidem]
1230 2274 1287 2308 Ita
1297 2285 1341 2308 ex
1353 2274 1523 2318 Anonymi
1537 2282 1678 2317 eorrup-

214 2326 309 2354 tores
335 2322 545 2355 dederentur
572 2323 782 2357 Alexandro.
839 2324 919 2357 Vid.
974 2323 1018 2357 tis
1034 2325 1158 2368 verbis,
1176 2327 1337 2359 consilium
1357 2327 1438 2369 quod
1457 2327 1571 2360 dudum
1585 2325 1679 2358 habuc-

216 2372 395 2405 Plutarch.
418 2372 607 2407 Aiexandr.
628 2378 666 2407 et
688 2374 780 2407 alios.
806 2375 917 2408 Burm.
972 2378 1062 2407 erant
1076 2376 1274 2419 accusabant,
1299 2386 1375 2420 pro,
1394 2377 1555 2411 consitium
1567 2375 1676 2418 quost-

218 2422 379 2457 Oecurrit
402 2424 476 2458 haec
496 2423 612 2458 fabula
634 2434 689 2468 ap.
713 2425 811 2460 Rom.
836 2426 920 2460 Div.
972 2427 1043 2460 dem
1055 2427 1087 2460 Ιι.
1103 2438 1133 2461 α.
1148 2426 1228 2462 feci.
