1806 3236
413 187 618 222 rumoni
650 184 760 220 us.
793 180 1098 220 insomnium
1133 184 1232 218 mn.
1265 185 1296 216 1.
1327 174 1400 218 12.

169 294 266 320 crem
293 283 450 319 cursum'
473 284 566 318 dixit
592 283 684 318 Stat.
713 283 824 318 Theb.
845 294 882 318 v.

170 339 249 372 107.
268 344 388 380 >quam
423 335 435 356 ‘
463 337 640 370 volucrem
678 336 881 370 levitatem'

167 387 259 422 dixit
283 388 424 422 Luci-et.
436 397 486 422 xv»
506 391 585 422 204.
609 392 659 430 et,
685 389 777 432 quod
803 398 883 432 pro-

166 439 247 483 pius
268 439 416 483 accedit,
430 440 536 474 Silius
562 450 630 476 vn.
645 444 723 475 646.
746 442 756 460 ‘
776 442 881 475 Nunc

166 490 442 525 dextaerlevibus
455 490 549 525 flexo
574 502 637 535 per
661 492 765 525 devia
787 493 881 535 gyris

165 541 382 576 ludificatur
403 542 526 586 equo?
549 543 610 575 ubi
632 542 761 576 frustra
781 543 883 577 brevi-

166 593 226 628 bus
238 597 414 636 reponunt
426 593 492 626 viri
505 593 623 628 docti:
641 594 703 627 sed
718 604 883 637 quocum-

165 654 234 691 que
247 645 350 680 modo
367 646 518 689 legatur,
539 647 617 680 levis
638 647 694 681 hic
715 657 782 691 pro
799 648 882 691 agili

165 698 324 742 sumitur,
337 702 373 732 et
388 699 517 733 Graeco
532 699 667 743 ἐλαφρὸς
681 700 883 743 respondet.

119 760 122 763 ·
165 751 284 785 Bura.

162 812 166 816 ’
209 805 234 834 9
266 801 391 845 Euenit]
425 802 703 846 Elegantissime,
742 801 786 835 de
815 802 883 835 illis

162 851 314 887 flexibus
335 853 609 897 circuitibusque
635 853 823 896 implicitis,
844 858 883 887 et

166 904 255 938 inse
277 903 518 946 redeuntibus,
540 905 661 948 quales
687 903 820 938 faciunt
845 905 881 938 in

160 954 262 999 fuga,
274 959 313 990 et
326 955 377 989 sic
392 955 615 999 insequentes
630 966 732 990 canes
743 954 879 990 fallunt.

162 1007 333 1050 Virgilius
357 1007 480 1041 eodem
504 1007 608 1040 modo
630 1008 708 1040 AEn.
739 1007 802 1040 lib.
825 1015 879 1041 xx.

164 1058 180 1079 ‘
202 1058 440 1100 Orsilochum,
467 1058 606 1101 fugiens
646 1067 880 1102 magnumque

163 1109 300 1153 agitata
312 1119 379 1153 per
393 1110 526 1153 orbem,
547 1110 670 1144 Eludit
685 1121 770 1154 gyro
792 1111 881 1143 inte-

160 1162 250 1203 rior,
271 1161 501 1205 sequiturque
523 1161 753 1205 sequentem!
773 1160 880 1201 Sches.

161 1213 178 1235 ⁸
199 1211 371 1247 Deludit’
393 1213 431 1246 in
457 1222 496 1246 re
525 1212 628 1248 simili
659 1212 772 1246 utitur
799 1212 881 1246 Val.

159 1263 282 1298 Phoc.
293 1272 343 1297 vr.
358 1266 438 1297 229.
451 1264 463 1283 ‘
474 1263 645 1307 Mollique
658 1273 724 1307 per
738 1273 881 1307 aequora

163 1315 290 1350 castor
303 1314 478 1349 Anfractu
491 1315 632 1350 levioris
647 1315 728 1359 equi
743 1315 880 1349 deludit

158 1367 338 1402 ‘anhelent'
360 1377 429 1412 quo
442 1367 520 1401 loco
546 1371 584 1401 et
608 1366 780 1401 Schefferi
802 1378 879 1402 cor-

162 1419 276 1454 rectio
287 1423 404 1463 posset
413 1418 564 1454 firmari:
582 1419 644 1452 sed
656 1420 757 1452 eludit
771 1419 880 1452 etiam

122 1482 126 1485 ·
165 1475 279 1515 reete,
300 1481 370 1516 quo
399 1478 438 1506 et
464 1471 572 1506 Ovid.
598 1472 690 1506 Met.
706 1481 788 1506 vni.
803 1474 879 1506 687.

161 1523 287 1558 utitur.
308 1523 425 1558 Bm

209 1574 344 1617 Fer-vn]
368 1575 530 1610 cervum.
575 1575 635 1609 Ita
649 1575 742 1609 infra
761 1574 821 1608 lib.
839 1583 880 1608 11.

160 1625 234 1660 sab.
246 1627 289 1659 8.-
300 1625 467 1659 Imitatur
475 1626 602 1660 iterum
611 1626 759 1660 Poetam
772 1636 882 1667 suum,

163 1676 225 1720 qui
250 1676 304 1711 sic
332 1677 410 1710 AEn.
436 1686 504 1710 vn.
541 1677 734 1719 usurpavit.
770 1677 880 1718 Schef.

164 1728 250 1762 Non
271 1732 407 1762 temere
433 1728 681 1771 praetereunda
707 1738 775 1762 vox
803 1732 879 1762 est:

163 1781 217 1814 ita
230 1779 322 1814 euim
337 1779 470 1813 dicitur
483 1779 578 1821 ferus
591 1778 712 1823 ἅπλῶς,
734 1785 774 1813 ut
787 1780 878 1821 fera.

160 1830 224 1866 sic
250 1832 345 1877 apud
373 1832 558 1875 Virgilium
586 1842 650 1875 pro
676 1842 788 1875 equot
810 1833 822 1851 ‘
838 1832 881 1866 In

163 1885 271 1927 latus,
292 1883 399 1928 inque
413 1882 481 1916 feri
495 1892 636 1917 curvam
656 1884 881 1927 compagibus

165 1935 309 1970 alvum!
352 1934 413 1969 Ita
433 1935 526 1978 apud
549 1936 725 1968 Catullum
747 1935 783 1968 in
799 1935 881 1968 Gal-

164 1985 294 2020 limbo
309 1986 405 2027 ferus
429 1986 578 2020 sumitur
593 1996 656 2029 pro
671 1987 793 2027 leone;
816 1987 882 2020 ite-

166 2049 242 2072 rum
269 2047 334 2082 pro
361 2048 466 2072 cervo
490 2039 584 2082 apud
607 2040 705 2082 Virg.
729 2039 740 2058 ‘
757 2040 883 2073 Pecte-

115 2123 121 2130 ,
165 2091 297 2134 batque
326 2087 464 2124 serum-³
510 2091 570 2124 Ita
596 2091 690 2133 apud
715 2092 882 2124 Nostrum

166 2141 281 2174 hune:
317 2141 329 2160 ‘
354 2141 441 2174 Tum
465 2141 620 2184 gaudens
644 2141 738 2175 ferus
762 2143 881 2176 Bobus

164 2192 296 2236 quietis
330 2202 437 2236 agere
470 2194 579 2236 coepit
608 2193 763 2236 gratias-³
799 2195 880 2228 Fab.

167 2245 258 2279 Hoec
279 2243 354 2278 fere
380 2245 612 2279 Rittershusio
633 2245 815 2279 debentur.
837 2247 880 2280 V.

163 2301 207 2330 et.
229 2295 375 2330 Herald.
403 2296 447 2329 ad
472 2295 606 2330 Arnob.
634 2307 714 2339 pag.
743 2300 817 2330 144.
844 2302 882 2331 et

167 2347 314 2382 Erlnrd.
329 2348 372 2381 ad
390 2347 532 2382 Petron.
547 2359 626 2391 cap.
643 2358 805 2383 nxxxrx.

212 2400 347 2444 Fer-um]
370 2401 473 2434 Ferus
486 2411 550 2444 pro
565 2400 642 2434 fera
661 2401 845 2444 aliquoties
861 2412 883 2435 a

167 2452 317 2486 Phaedro
346 2457 536 2496 usurpatur
562 2453 799 2487 substantive:
823 2455 882 2487 hic

168 2508 207 2537 et
235 2502 326 2537 iufra
352 2504 412 2538 lib.
437 2514 482 2539 11.
515 2503 587 2538 fab.
611 2508 644 2538 8.
677 2506 722 2538 de
752 2515 880 2539 cervo:

165 2563 250 2590 mox
265 2554 328 2589 lib.
343 2563 370 2588 ι.
395 2554 470 2588 fab.
484 2558 541 2589 21.
564 2560 602 2589 et
616 2556 678 2589 lib.
693 2565 735 2589 11.
762 2555 833 2590 fab.
849 2560 881 2590 l.

169 2606 352 2641 ‹le-leone:
376 2613 414 2641 et
436 2608 496 2642 lib.
511 2617 563 2642 ιν.
583 2607 652 2642 fab.
667 2611 701 2642 3.
723 2608 768 2641 de
784 2618 881 2651 apro.

171 2657 399 2703 Atvirgilius
424 2660 469 2692 de
491 2670 583 2704 equo
610 2661 721 2693 utitur
748 2660 826 2694 AEn.
842 2669 883 2694 ιι.

168 2711 374 2754 Quanquam
388 2710 480 2744 idem
494 2716 531 2744 et
542 2712 586 2744 de
601 2721 717 2745 cervo.
742 2712 828 2745 Ritt.

216 2763 259 2795 10
274 2761 421 2796 Retentis
434 2763 606 2805 impeditus
619 2763 787 2804 cornubus]
812 2763 883 2796 Ne-

169 2813 258 2854 scio,
273 2822 318 2846 an
339 2814 470 2849 rectius
481 2819 587 2857 esset,
597 2818 738 2848 retentus
751 2814 881 2857 impedi-

258 2868 375 2911 Delph.
388 2872 420 2902 et
439 2870 513 2903 ναν.
527 2871 615 2904 Clas.

842 2869 972 2903 Phaedr.

1559 174 1647 222 369

931 284 997 317 tis.-
1019 293 1098 317 nam
1113 282 1160 317 de
1181 281 1343 316 cornibus
1364 279 1422 314 hie
1446 278 1647 323 potissimus

932 339 988 368 est
1002 344 1127 368 sermo.
1160 335 1208 367 Et
1222 332 1374 376 impedita
1388 341 1503 366 somna
1517 335 1648 371 essent,

931 387 1036 420 ramis
1059 385 1244 429 implicatis
1271 384 1454 424 devincta3
1476 380 1648 426 quomodo

933 439 1058 472 Cicero
1073 438 1116 472 de
1129 438 1248 471 Divin.
1264 446 1291 471 1.
1315 437 1326 455 ⁴
1344 434 1506 478 impediri
1527 433 1649 468 viucu-

932 492 985 525 lis'
1008 492 1110 525 dixit.
1154 491 1279 523 Potest
1302 493 1418 522 tamen
1440 486 1534 520 idem
1548 490 1587 519 et
1602 495 1648 518 ex

933 547 1079 586 recepta
1091 542 1242 575 lectione
1255 539 1394 573 hauriri.
1418 538 1526 577 Βαλᾶ.
1571 538 1647 579 Ego

932 595 1111 638 vulgatam
1140 593 1358 627 retinendam
1395 600 1470 624 esse
1507 599 1648 623 censeo.

933 647 1025 680 Nam
1040 655 1170 679 cornua
1193 644 1260 678 feri
1285 644 1380 677 inter
1405 642 1531 676 densos
1547 641 1649 675 arbo·

933 708 1008 731 rum
1035 708 1148 733 ramos
1177 698 1364 738 baeserunt,
1396 700 1434 729 et
1464 695 1518 733 his
1549 695 1650 738 quasi

932 749 1078 782 vinculis
1094 748 1282 792 impeditus
1307 746 1374 780 fuit
1399 747 1542 779 Cervus.
1587 746 1647 778 Sic

932 801 1061 844 Veget.
1089 799 1168 833 Art.
1194 800 1316 832 Veter.
1341 808 1368 833 r.
1395 807 1427 832 c.
1455 799 1509 831 10.
1543 796 1648 838 dixit,

930 851 1166 894 ‘impeditum
1191 851 1317 883 animal
1331 849 1355 883 :’
1378 854 1415 883 et
1440 849 1574 883 Colum.
1596 858 1646 882 vr.

932 906 965 937 2.
988 903 999 921 ‘
1017 904 1073 936 Ne
1085 902 1265 936 arboribus
1280 906 1341 935 aut
1356 901 1531 944 objacenti
1552 901 1648 934 cnili·

932 955 994 988 bet
1010 955 1061 987 rei
1088 964 1126 987 se
1148 952 1354 996 implicent!
1385 953 1463 985 Val.
1479 952 1577 984 Flac.
1593 961 1646 985 vr.

930 1008 1007 1039 421.
1029 1005 1040 1024 ‘
1060 1005 1250 1038 Haerentes
1265 1003 1425 1037 cornibus
1440 1003 1521 1035 altis
1545 1003 1648 1036 Inve-

930 1056 1004 1090 nit!
1033 1057 1163 1090 Salust.
1178 1057 1261 1098 Jug.
1277 1058 1332 1088 ⁵3.
1355 1055 1366 1073 ‘
1382 1055 1571 1097 Elephanti
1586 1054 1648 1087 im-

930 1107 1043 1153 pediti
1070 1107 1171 1140 ramis
1198 1105 1384 1139 arborum?
1429 1105 1536 1148 Apud
1564 1104 1648 1138 Ovi-

930 1159 1025 1192 dium
1040 1158 1075 1190 in
1091 1168 1129 1191 re
1144 1157 1213 1191 alia
1236 1158 1332 1190 Fast.
1347 1156 1409 1189 lib.
1424 1166 1460 1189 v.
1485 1159 1540 1190 15.
1561 1157 1647 1190 Mss-

929 1211 939 1231 ‘
954 1212 1014 1245 Sol
1029 1221 1166 1255 quoque
1181 1220 1262 1243 oum
1285 1210 1395 1243 stellis
1417 1209 1512 1242 nulla
1534 1209 1646 1251 gravi-

930 1269 1005 1297 tate
1017 1263 1179 1306 retentis,
1192 1263 1240 1296 Et
1251 1272 1313 1295 vos
1325 1262 1479 1295 Lunares
1493 1261 1648 1293 exsiluis-

929 1317 975 1350 tis
991 1315 1106 1359 equi?
1128 1316 1232 1358 vulgo
1254 1317 1406 1348 retentus.
1429 1313 1550 1346 Burm.

974 1367 1140 1410 Retentis]
1172 1367 1281 1400 Forte
1306 1365 1478 1405 retensis;
1513 1364 1551 1397 id
1581 1369 1650 1407 est,

930 1420 1107 1465 repandis.
1151 1420 1211 1454 Sic
1237 1430 1343 1462 supra
1367 1418 1459 1452 dixit
1479 1418 1490 1437 ‘
1511 1427 1649 1451 ramosa

931 1471 1085 1506 cornua?
1123 1471 1229 1505 Ovid.
1244 1472 1392 1504 Metam.
1409 1478 1448 1503 x.
1466 1473 1540 1503 110.
1562 1470 1573 1489 ‘
1588 1470 1647 1502 In-

930 1535 1015 1567 gens
1045 1535 1168 1558 cervus
1202 1528 1291 1564 erat,
1320 1525 1461 1567 lateque
1498 1523 1649 1566 patenti-

930 1577 994 1610 bus
1022 1577 1109 1608 altas
1133 1576 1215 1618 Ipse
1242 1586 1304 1608 suo
1330 1575 1439 1618 capiti
1464 1575 1647 1619 praebebat

931 1628 1094 1661 cornibus
1111 1627 1274 1660 umbras!
1298 1627 1386 1661 Gud.

976 1682 1018 1711 12
1046 1679 1157 1712 Vocem
1172 1679 1252 1711 hanc
1267 1677 1418 1720 edidisse]
1442 1679 1531 1714 Quae
1546 1677 1648 1712 abest

930 1730 974 1763 ab
989 1729 1102 1763 Anon.
1130 1730 1214 1764 Fab.
1235 1733 1290 1763 47.
1312 1734 1350 1763 et
1373 1729 1548 1773 Aphthon.
1564 1730 1648 1764 Fab.

931 1785 986 1816 18.
994 1783 1129 1816 Prosch.
1154 1783 1267 1815 Cicer.
1278 1782 1462 1815 Tusculan.
1474 1791 1515 1816 11.
1528 1782 1539 1800 ‘
1550 1783 1647 1817 Quas

931 1835 986 1867 hic
1002 1844 1106 1868 voces
1122 1834 1215 1877 apud
1231 1834 1438 1877 Sophoclem
1453 1834 1488 1866 in
1504 1833 1649 1867 Trachi-

931 1886 997 1918 niis
1014 1885 1109 1919 edit.'
1154 1886 1273 1919 Valer.
1289 1886 1386 1918 Max.
1411 1885 1471 1918 lib.
1488 1894 1538 1918 vx.
1565 1887 1598 1918 4.
1614 1887 1647 1918 3.

932 1941 1065 1971 extem.
1087 1938 1098 1955 ‘
1115 1937 1319 1970 Alexander
1335 1937 1428 1969 illam
1445 1946 1566 1969 vocem
1586 1945 1647 1968 no·

931 1989 1049 2022 biliter
1064 1988 1198 2022 edidit?
1243 1988 1335 2021 Vide
1349 1998 1454 2030 supra
1471 1987 1513 2020 ad
1528 1987 1599 2020 fab.
1613 1990 1648 2021 9.

981 2041 1094 2074 Vocem
1108 2041 1189 2073 hanc
1204 2040 1338 2072 edidisse
1352 2039 1487 2081 dicitur]
1510 2039 1555 2071 V.
1573 2038 1648 2071 Da-

931 2092 1052 2126 nielis:
1076 2102 1180 2125 vocem
1202 2091 1284 2123 hanc
1297 2091 1418 2123 dedisse
1432 2092 1466 2123 d.
1503 2090 1563 2123 Sic
1578 2090 1647 2124 Pe-

931 2147 1023 2176 tron.
1038 2143 1154 2187 satyr.
1173 2143 1183 2161 ‘
1196 2141 1346 2175 Reddidi
1361 2142 1412 2174 illi
1428 2151 1531 2175 voces
1547 2141 1648 2175 suas!

976 2249 1019 2280 14
1046 2246 1090 2280 Ut
1107 2246 1181 2290 illa]
1207 2247 1251 2279 Ut
1268 2250 1335 2289 est,
1358 2248 1538 2289 quantum.
1577 2246 1647 2279 Ita-

933 2308 1000 2341 que
1028 2308 1110 2331 mox
1140 2299 1310 2342 sequitur,
1344 2302 1496 2340 quantum
1533 2298 1647 2331 luctus.

932 2350 1016 2383 Non
1043 2349 1328 2384 dissimulandum
1355 2354 1421 2390 est,
1445 2349 1482 2382 in
1511 2349 1647 2382 schedis

932 2400 1037 2443 regiis
1053 2401 1127 2434 haec
1149 2401 1200 2434 ita
1225 2401 1316 2443 legi:
1346 2401 1448 2433 Utilia
1463 2400 1541 2433 mihi
1555 2410 1647 2442 quam

924 2452 1063 2493 fuerint.
1109 2452 1225 2495 Atque
1242 2453 1291 2485 sic
1304 2457 1340 2485 et
1353 2452 1512 2484 Danielis
1527 2450 1649 2483 habuit

932 2505 1126 2547 exemplar,
1163 2509 1253 2537 teste
1289 2503 1456 2546 Rigaltio.
1515 2503 1648 2552 Yerum

933 2556 1029 2599 prius
1048 2557 1171 2598 probo.
1193 2556 1298 2596 Schef.

981 2609 1027 2641 Ut
1049 2609 1106 2642 illa
1134 2608 1214 2640 mihi
1233 2605 1428 2650 profuerint]
1458 2606 1526 2639 Ms.
1555 2615 1649 2647 quam

930 2660 1129 2703 profuerint:
1152 2660 1233 2692 hinc
1257 2659 1396 2691 Daniel.
1425 2657 1511 2690 Cod.
1545 2656 1649 2689 Utilia

933 2711 1011 2744 mihi
1025 2711 1251 2754 quamsuerint
1262 2721 1275 2748 ,·
1292 2709 1384 2753 quod
1401 2719 1469 2742 nou
1485 2707 1649 2751 displicet

934 2763 1125 2803 Salmasi03
1158 2771 1271 2804 neque
1299 2761 1390 2794 mihi.
1442 2760 1532 2794 Nam
1563 2765 1646 2793 tunc

933 2814 1126 2858 respondet
1152 2813 1323 2857 principio
1348 2812 1498 2851 fabulae;
1521 2811 1648 2844 deinde
