1806 3236
231 214 317 259 366

274 327 316 358 12
337 324 489 368 Jubetque
503 335 604 359 vocem
617 325 770 368 premere]
805 324 863 359 An
877 326 936 360 Ju-

232 375 341 418 betque
364 387 435 410 voce
468 387 592 410 cervum
614 388 752 419 premere
774 378 834 412 Ille
853 379 934 412 imo-

229 425 321 460 lens?
343 428 394 461 Ut
411 429 502 470 apud
516 429 714 471 Virgilium,
728 429 825 472 cujus
840 430 934 463 locos

229 487 334 519 supra
348 478 563 522 adduximus,
585 479 596 498 ‘
612 480 763 514 clamore
778 490 933 524 premere

230 528 392 561 cervum?
416 529 502 562 Gud.

271 579 436 622 Premere]
472 581 717 625 comprimere,
741 583 776 616 id
802 587 932 624 est‚ta·

229 638 328 668 cere;
351 631 520 672 quomodo
536 633 629 674 apud
642 634 857 679 Virgil.‚AEn.
873 635 932 668 lib.

226 689 280 713 1x.
297 681 342 714 de
357 682 538 717 Mnesteo:
575 684 585 702 ‘
599 685 656 718 Sic
676 690 855 728 memorat,
877 696 933 719 vo-

227 741 372 774 cemque
388 734 539 775 premit?
582 735 734 771 Pulchre
761 742 876 770 autem
892 748 933 771 ac

224 783 472 817 convenienter
496 786 551 818 leo
571 785 637 829 ita,
649 791 809 830 tanquam
832 798 932 830 supe-

222 834 306 875 rior,
322 840 358 867 et
380 845 442 876 pro
466 838 673 870 auctoritate
699 848 760 871 sua
774 842 811 871 et
825 838 932 881 impe-

224 884 288 917 rio.
335 886 425 920 Nam
439 890 565 931 premit,
585 889 642 931 qui
657 890 722 922 hoc
738 888 836 932 facit,
850 900 931 933 qno-

225 945 292 978 quo
306 937 407 969 modo
424 943 576 972 coactus.
599 939 705 980 Sches.

269 988 354 1022 Tunc
365 990 418 1023 ille
432 991 582 1033 insolens]
607 992 651 1025 In
673 993 742 1026 hoc-
764 1003 867 1027 versu
882 994 930 1026 vi·

221 1039 308 1072 tium
334 1045 399 1075 est.
443 1041 560 1076 AMs.
586 1044 685 1076 abest
715 1044 812 1086 Tunc,
836 1045 928 1088 quod

221 1093 353 1133 primus
381 1093 494 1126 editor
530 1094 691 1127 Pithoeus
715 1096 928 1137 excogitavit

220 1142 264 1174 ad
300 1142 510 1177 fulciendum
540 1154 688 1187 versum,
718 1145 785 1178 imo
817 1146 926 1188 ipsam

220 1193 432 1227 orationem:
469 1194 529 1226 sed
558 1195 723 1229 audacter
748 1196 860 1237 nimis,
887 1201 926 1229 ut

220 1246 324 1286 put03
341 1254 416 1276 nam
429 1244 550 1277 eadem
562 1246 703 1278 licentia
713 1250 828 1288 posset
840 1247 926 1279 alius

220 1294 320 1326 aliam
336 1295 489 1336 ejusdem
505 1305 623 1328 sensus
646 1297 850 1338 particulam
867 1298 927 1331 ob-

222 1345 376 1378 trudere.
420 1346 557 1388 Itaque,
579 1346 744 1379 librorum
770 1351 926 1380 veterum

221 1394 375 1437 vestigiis
390 1396 612 1438 inhaerentes,
625 1407 669 1430 ex
684 1398 929 1439 compendiosa

219 1441 392 1482 scribendi
428 1448 574 1490 ratione,
611 1457 680 1480 nou
718 1447 928 1491 dubitamus,

220 1496 300 1540 quin
329 1501 473 1538 propter
504 1502 573 1530 tres
607 1498 746 1534 ultimas
774 1499 928 1532 literulas

220 1546 318 1579 verbi
343 1556 480 1587 premere
505 1546 678 1581 exciderit
701 1552 738 1581 et
765 1558 929 1582 revocan-

221 1595 302 1629 dum
317 1597 363 1629 sit
387 1597 449 1629 EA
479 1598 555 1631 RE.
599 1598 656 1631 Sic
671 1599 761 1631 enim
784 1600 928 1642 pulchre

220 1645 363 1679 habebit
391 1656 427 1679 se
464 1657 595 1688 versus,
633 1649 787 1691 Jubetque
825 1661 929 1683 vocem

216 1697 407 1738 premERE
415 1709 426 1729 .·
450 1698 512 1730 ΕΑ
527 1699 594 1731 RE
605 1699 658 1731 ille
673 1699 819 1733 insolens.
849 1701 928 1735 Ele-

220 1757 302 1789 gaus
326 1752 361 1780 et
378 1752 545 1790 vetustus,
560 1749 621 1781 sed
641 1759 749 1791 prope
764 1750 927 1784 oblitera-

221 1803 290 1839 tus,
318 1808 400 1830 usus
427 1798 562 1830 illarum
589 1799 796 1840 vocularum,
820 1810 857 1832 ea
879 1811 927 1842 re,

220 1857 297 1889 pro,
313 1847 406 1888 ideo,
419 1857 461 1879 ea
476 1847 519 1880 de
532 1857 646 1881 causa.
681 1849 848 1883 Veterum
860 1851 925 1883 ele-

221 1899 415 1940 gantiarum
443 1898 637 1931 amantibus
666 1899 826 1932 lectionis
850 1909 926 1934 nos-

220 1954 284 1981 trae
310 1949 493 1982 veritatem
517 1948 617 1983 facile
636 1950 803 1992 probabo.
842 1952 926 1985 Cur-

221 2000 289 2032 tius
305 2000 366 2032 lib.
383 2010 418 2033 v.
442 2010 472 2032 c.
488 2002 521 2033 9.
544 2000 554 2017 ‘
570 2000 620 2033 Ea
637 2010 674 2032 re
690 2001 807 2043 paruit
822 2001 926 2036 Arta-

219 2049 328 2083 bazo!
371 2050 515 2083 Mutant
537 2050 615 2092 boc,
642 2051 704 2083 sed
730 2051 859 2095 absque
874 2063 926 2086 ra-

220 2101 325 2135 tione.
363 2102 465 2134 Corn.
476 2102 569 2144 Nep.
584 2102 735 2136 Miltiad.
751 2112 781 2136 c.
797 2107 829 2136 4.
847 2104 857 2122 ‘
868 2105 927 2138 Vi-

221 2151 273 2183 dit
298 2151 412 2184 bostes
427 2152 547 2184 eadem
574 2161 610 2184 re
632 2150 708 2185 fore
733 2153 925 2188 tardiores!

219 2201 316 2234 Idem
333 2202 471 2236 Datam.
487 2212 517 2236 c.
533 2206 567 2235 2.
601 2204 610 2221 ‘
624 2203 702 2237 Qua
714 2213 756 2236 ex
770 2214 806 2236 re
821 2207 926 2248 maj0-

219 2253 311 2297 ribus
324 2253 431 2294 copiis
455 2262 601 2295 praeesse
616 2255 792 2295 coeperat!
829 2256 924 2290 Quos

219 2304 314 2335 locos
339 2303 483 2336 adduxit
506 2302 700 2336 Schefferus
726 2304 770 2336 ad
790 2305 850 2338 lib.
873 2315 922 2339 ιν.

220 2352 292 2387 fab.
306 2357 338 2386 9.
361 2354 418 2386 Sic
433 2354 551 2387 Plaut.
567 2355 577 2373 ‘
594 2364 668 2388 eam
680 2355 776 2395 rem,'
789 2366 864 2398 pro,
879 2358 922 2390 ob

220 2413 295 2435 eam
309 2414 393 2436 rem.
438 2403 481 2436 A.
510 2405 640 2439 Gellius
654 2405 760 2440 Noct.
775 2406 852 2438 Att.
870 2417 921 2441 ιν.

221 2458 252 2487 1.
292 2455 302 2472 ‘
318 2455 394 2487 Etsi
419 2454 552 2496 ignoro,
570 2465 612 2488 an
633 2455 795 2488 hordeum
811 2457 856 2489 sit
877 2468 921 2490 ex

221 2514 323 2547 penu,
340 2509 400 2538 aut
415 2506 536 2548 quibus
558 2506 668 2539 verbis
679 2516 786 2548 penus
802 2507 921 2543 defini-

220 2560 310 2597 atur,
324 2566 391 2588 non
415 2566 457 2588 ea
482 2566 520 2588 re
547 2557 664 2590 literas
687 2567 820 2600 quoque
837 2559 921 2591 alias

219 2606 356 2639 nescio.²
390 2607 516 2640 Petrus
533 2607 732 2640 Lambecius
747 2608 922 2649 injuveni-

219 2657 308 2689 libus
324 2658 394 2689 suis
409 2657 719 2691 Lucubrationibus
744 2657 922 2700 Gellianis,

221 2707 300 2748 quid
314 2717 414 2740 voces
439 2708 528 2749 istae,
542 2719 577 2740 eu
598 2718 644 2748 re,
664 2708 727 2740 sibi
742 2708 863 2750 velint,
882 2720 920 2742 se

220 2767 286 2789 non
304 2758 433 2799 videre,
447 2758 570 2801 inquit,
586 2763 623 2791 et
637 2759 715 2791 ideo
738 2759 918 2801 legendum

220 2807 331 2840 credit
341 2812 529 2857 propterea‚·
551 2810 611 2844 sed
623 2808 763 2849 fallitur.
798 2810 919 2848 Utitur

695 228 838 262 No'rAE
869 228 1139 263 VARIORUM
1172 231 1226 263 IN

983 329 1114 370 praeter
1127 327 1252 362 citatos
1266 331 1426 363 auctores
1440 337 1484 362 ea
1496 323 1690 371 saepi-nine

983 375 1182 412 Ammianus
1206 378 1268 412 lib.
1283 388 1360 421 xvr,
1383 388 1476 422 xvn,
1490 388 1603 413 xxm.
1618 381 1685 413 dre.

983 427 1081 460 Nihil
1094 428 1201 470 igitur
1214 429 1428 463 mutandum.
1455 429 1572 465 Aliter
1581 424 1689 467 etiam'

981 482 1097 519 posset
1122 479 1157 512 in
1181 479 1332 513 Phaedro
1345 480 1428 524 legi,
1443 479 1502 514 Ille
1514 481 1588 513 exin
1602 481 1687 514 im-

982 528 1063 561 lens:
1096 539 1176 562 nam
1212 530 1375 573 ejusmodi
1408 531 1584 574 particulis
1617 531 1686 567 fre,-

981 584 1127 622 quenter
1140 585 1258 614 noster
1272 581 1380 615 utitur
1397 582 1433 616 iu
1454 582 1524 616 auis
1538 583 1686 616 nar-rati-

981 631 1132 672 uneulis3
1156 632 1206 665 sie
1221 632 1232 651 ‘
1248 632 1339 665 dein’
1363 637 1401 667 et
1422 633 1433 652 ‘
1448 632 1596 675 dehine,’
1619 635 1684 673 &e-

982 687 1019 715 et
1039 682 1275 726 interpretari,
1300 683 1432 723 asinum
1456 687 1538 726 post
1551 685 1687 727 prasti-

982 738 1053 765 tam
1069 743 1207 776 operam
1228 733 1430 767 insolentem
1450 739 1488 777 et
1501 736 1603 777 paulo
1628 746 1685 782 sug

981 783 1177 825 perbiorem
1193 783 1347 824 factnm;
1369 784 1495 828 alioqui
1514 785 1604 820 haud
1617 786 1685 821 diei

981 837 1098 875 potest
1111 833 1247 867 insolens
1262 834 1436 876 abjectum
1451 839 1489 868 et
1508 835 1686 873 vilantiae

981 894 1029 919 tae
1046 885 1208 927 dedecus,
1222 886 1363 928 ignavus
1374 886 1517 928 sanguis.
1541 887 1627 933 (ἑκά.

1024 939 1064 969 13
1091 937 1203 974 Qualis
1211 938 1336 970 videtur
1345 937 1406 970 tibi
1419 947 1512 980 opera
1526 938 1592 973 11aeae
1603 940 1686 975 vocis

979 987 1072 1030 meae]
1109 988 1153 1020 In
1167 988 1254 1022 Mss.
1269 988 1369 1022 abest
1382 989 1512 1022 *vocula
1526 989 1593 1023 koec
1604 1000 1618 1029 ,·
1638 991 1691 1024 10·ss

978 1037 1127 1080 gendum
1154 1039 1283 1081 itaque,
1305 1039 1416 1077 Qualis
1440 1039 1565 1072 videtur
1590 1038 1690 1083 opera*

977 1089 1039 1122 tihi
1052 1090 1135 1123 vocis
1148 1100 1224 1126 maeoe
1234 1089 1252 1125 2
1287 1090 1346 1124 Ita
1360 1100 1403 1123 ex
1417 1091 1575 1124 Danielis
1589 1092 1686 1126 char·

978 1141 1058 1173 tulis
1083 1141 1128 1174 ad
1151 1141 1342 1184 marginem
1366 1141 1446 1176 libri
1475 1142 1529 1176 sui
1553 1142 1684 1177 Salma'·

973 1190 1054 1224 sius.
1081 1192 1168 1225 Gud.
1675 1214 1677 1217 ·

1022 1242 1127 1283 Opera
1149 1243 1214 1276 hoec
1227 1243 1324 1285 vocis]
1345 1244 1500 1285 Propter
1514 1254 1619 1287 qnam
1632 1247 1685 1278 tu-

977 1292 1078 1325 bicen
1114 1297 1252 1326 creatur
1285 1295 1320 1326 in
1343 1294 1465 1336 proelio
1488 1295 1682 1338 quadrupe-

977 1342 1071 1384 dum,
1101 1344 1191 1386 apud
1220 1345 1319 1377 Laur.
1353 1344 1510 1378 Abstem.
1535 1343 1606 1378 fab.
1627 1348 1681 1380 95.

977 1394 1109 1427 Praecla.
1141 1394 1277 1428 Labore
1301 1398 1338 1428 ‘et
1357 1395 1497 1436 auxilio,
1510 1395 1681 1438 quomodo

978 1445 1115 1477 Cornel.
1127 1445 1170 1478 de
1187 1445 1370 1478 Alcibiade
1387 1456 1418 1478 c.
1429 1449 1462 1479 4.
1492 1446 1502 1464 ‘
1517 1446 1680 1488 Ejusdem

978 1503 1085 1536 opera
1097 1494 1230 1528 Ioniam
1253 1505 1273 1527 a
1299 1496 1467 1529 societate
1482 1499 1682 1530 averterunt

977 1546 1261 1580 Atheniensium!
1283 1547 1387 1587 Schet‘.

1021 1600 1063 1631 14
1074 1598 1149 1631 Nisi
1161 1608 1280 1631 nouem
1287 1601 1375 1632 tuum
1384 1597 1549 1641 Animum]
1558 1597 1682 1632 Avien.

976 1647 986 1665 ‘
1004 1648 1160 1682 Forsitan
1190 1650 1325 1691 ignotos
1349 1649 1484 1682 imitato
1509 1659 1681 1683 murmure

976 1698 1101 1734 fallas:
1136 1700 1200 1734 Ast
1215 1700 1308 1741 mihi,
1322 1700 1382 1743 qui
1396 1700 1580 1743 quondam,
1593 1709 1680 1734 sem-

976 1760 1039 1793 per
1055 1751 1180 1783 asellus
1195 1751 1285 1784 eris?
1301 1751 1380 1792 Rig.

1019 1803 1058 1832 15
1086 1801 1263 1843 Genusque]
1296 1801 1354 1834 Sic
1376 1801 1431 1834 bic
1457 1805 1614 1844 usurpat,
1640 1806 1679 1836 ut

973 1851 1139 1892 Virgilius
1156 1851 1285 1893 Georg.
1301 1859 1344 1883 11.
1377 1852 1387 1869 ⁴
1404 1851 1523 1884 Genus
1534 1860 1616 1894 acre
1630 1852 1680 1885 vi·

973 1901 1073 1941 rum,’
1089 1900 1132 1934 de
1143 1901 1269 1934 Marsis
1282 1901 1503 1944 Sabellisque,
1514 1901 1573 1935 ubi
1589 1902 1680 1944 pari-

974 1955 1029 1986 ter
1045 1952 1244 1995 qualitatem
1259 1956 1370 1985 notat.
1398 1952 1505 1992 Scires.

1018 2002 1176 2044 Fuissem]
1200 2003 1280 2036 Vet.
1296 2002 1381 2036 cod.
1401 2002 1500 2036 Petr.
1516 2003 1606 2037 Dan.
1620 2003 1678 2044 su·

970 2054 1088 2095 gissem
1098 2066 1113 2094 ,·
1135 2054 1253 2098 idque,
1267 2058 1304 2088 et
1322 2054 1366 2087 ad
1386 2054 1574 2097 marginem
1588 2053 1678 2102 libri,

973 2106 1099 2147 probat
1112 2105 1308 2139 Salmasius.
1333 2105 1418 2138 Gud.
1668 2141 1671 2146 ,

1018 2157 1160 2189 Fuissem
1180 2157 1215 2189 in
1229 2155 1326 2197 metu]
1357 2155 1466 2189 Metti
1486 2155 1575 2188 ratio
1599 2165 1678 2198 pos-

974 2207 1076 2249 tulat,
1092 2214 1131 2251 ut
1145 2208 1252 2249 legas,
1267 2206 1364 2239 simili
1370 2205 1524 2246 favissem
1534 2206 1568 2239 in
1582 2209 1680 2239 metu.

973 2257 1034 2300 At,
1056 2258 1201 2300 inquies,
1230 2256 1274 2290 ad
1304 2257 1524 2290 Carmentam
1548 2266 1610 2290 nos
1639 2261 1676 2290 et

972 2308 1167 2341 Evandrum
1183 2307 1346 2341 remittis:
1371 2308 1381 2326 ‘
1397 2307 1467 2340 Sed
1483 2317 1551 2349 pax
1564 2307 1608 2340 sit
1623 2315 1674 2340 re·

971 2358 1059 2400 bus‚’
1082 2359 1133 2391 ait
1159 2359 1245 2399 111e;
1279 2359 1330 2392 ita
1354 2357 1444 2391 enim
1470 2358 1613 2391 Plautus
1638 2357 1672 2390 iu

971 2409 1116 2442 Poenulo
1140 2409 1229 2442 dixit
1247 2410 1257 2427 ‘
1273 2408 1455 2442 fuverimt'
1485 2409 1496 2427 ‘
1511 2409 1589 2443 Quo
1613 2418 1672 2451 ge·

969 2469 1052 2493 nere
1082 2465 1199 2502 gnata,
1230 2460 1287 2503 qui
1318 2464 1476 2501 parentes
1502 2458 1677 2494 faverint:

971 2511 1034 2543 Est
1048 2511 1213 2544 iambicus
1236 2510 1402 2544 trimeter.
1438 2510 1495 2543 Ita
1509 2515 1547 2543 et
1571 2511 1673 2544 Luci-

970 2560 1035 2592 lius
1061 2560 1153 2602 apud
1179 2569 1205 2594 1.
1243 2559 1459 2593 Rufinianum
1499 2559 1588 2593 dixit
1627 2571 1670 2594 ex

971 2610 1209 2643 emendatione
1243 2611 1389 2644 Douzae:
1438 2612 1448 2629 ‘
1464 2611 1596 2644 Vellem
1636 2613 1670 2645 in

970 2660 1114 2693 concilio
1141 2666 1269 2703 vestro,
1296 2660 1387 2703 quod
1416 2660 1544 2703 dicitis,
1574 2662 1668 2704 olim,

969 2710 1155 2752 Caelicolae,
1170 2712 1306 2751 vellem,
1321 2711 1470 2754 inquam,
1484 2711 1672 2746 adfuvisse-

968 2760 1038 2794 mu'
1054 2761 1189 2803 priore.’
1229 2761 1336 2803 quue
1350 2771 1370 2793 a
1381 2761 1486 2793 verbo
1491 2762 1565 2803 suo,
1575 2764 1667 2805 quod

967 2821 1031 2846 nec
1059 2811 1218 2856 Virgilius
1246 2812 1320 2857 ipse
1346 2812 1386 2850 in>
1412 2812 1486 2851 AEu.
1521 2812 1667 2857 refugit.-
