1806 3236
211 258 297 300 502

212 366 345 404 praeter
369 365 496 395 caetera
522 361 557 393 id
579 371 714 405 quoque
739 360 921 403 significat,

212 412 304 454 quod
319 412 383 444 hoc
398 412 474 444 loco
483 411 707 453 corpusfacere
720 411 808 444 dixit
820 411 921 444 Phae-

214 462 309 497 drus.
356 462 528 494 Caeterum
559 463 808 504 exemplorum,
844 473 921 506 quae

214 513 312 555 quasi
326 513 448 545 similia
462 511 566 545 affert
577 513 840 555 Rittersbusius‚
848 515 922 546 nul-

211 567 281 598 lum
297 570 362 608 est,
382 566 475 609 quod
499 567 542 599 ad
567 576 639 599 rem
653 565 784 607 faciat;
809 566 922 598 sedin

211 617 403 650 refellendo
419 621 555 659 tempus
574 618 664 650 male
679 617 831 659 positum
860 626 922 659 pn-

213 672 295 700 tem.
322 668 439 700 Faber.
483 668 612 701 Graeca
625 667 834 709 imitatione,
848 676 923 709 pro,

211 718 353 751 obesum
368 717 563 751 reddidisti.
608 719 728 760 Corpus
751 717 922 750 habitudi-

212 778 291 802 nem
305 769 428 801 bonam
443 772 480 801 et
495 769 647 811 saginam
663 767 844 810 significat.
872 768 922 800 Ut

213 818 305 861 apud
322 819 524 852 Ciceronem
540 820 607 861 Ep.
623 819 718 851 Fam.
734 827 801 851 vu.
817 820 871 851 26.
885 822 922 851 et

211 870 247 902 in
269 870 329 903 illo
349 871 523 903 Martialis
548 871 650 912 Epig.
666 869 729 904 lib.
743 879 769 903 1.
779 872 813 902 7.
843 872 853 889 ‘
867 869 923 902 In-

212 924 280 964 que'
308 922 401 955 omni
427 932 592 965 nusquam
621 930 767 964 corpore
797 930 922 964 eorpus

213 973 311 1006 erat!
356 974 475 1007 Facere
496 978 611 1006 autem
625 983 746 1016 corpus,
768 973 923 1013 utfacere

211 1024 307 1057 vires.
351 1023 478 1056 Fabius
501 1024 560 1056 lib.
576 1032 612 1057 x.
626 1034 657 1056 c.
673 1026 707 1057 3.
728 1025 738 1043 ⁸
754 1023 855 1056 Vires
871 1023 922 1056 fa·

212 1074 340 1106 ciamus
353 1078 433 1107 ante
449 1072 576 1116 omnia,
598 1084 676 1117 quae
692 1064 864 1107 sufficiant
875 1075 922 1107 la·

214 1128 287 1160 bori
303 1128 540 1170 certaminum,
566 1132 603 1161 et
627 1138 692 1160 usn
714 1138 781 1160 non
796 1128 923 1161 exhau-

215 1178 368 1211 riantur!
390 1178 496 1218 Schef.
542 1179 621 1211 Huc
648 1179 755 1211 trahit
778 1179 923 1212 locutio·

213 1238 292 1261 nem
323 1229 480 1270 similem,
508 1229 519 1247 ⁴
536 1229 666 1261 Facere
703 1229 923 1271 sangninem'

213 1279 304 1321 apud
322 1279 428 1312 Ovid.
455 1279 601 1312 Heroid.
618 1288 696 1312 xiv.
714 1289 761 1312 vs.
785 1283 838 1312 82.
863 1289 922 1312 no-

213 1330 395 1363 bilissimus
409 1330 586 1364 Heinsius.
620 1331 770 1372 Propius
785 1330 924 1363 accedit

212 1383 356 1415 Senecae
375 1383 470 1415 loeus
496 1381 539 1414 de
564 1382 717 1415 Benefic.
743 1383 802 1416 lib.
818 1393 854 1417 v.
868 1386 922 1416 18.

216 1443 318 1476 quem
338 1434 389 1466 ita
415 1433 600 1475 legendum
627 1437 733 1476 puto:
762 1434 856 1467 Vobis
870 1445 924 1466 vo-

215 1485 320 1525 luptas
334 1488 391 1525 est,
405 1484 503 1516 inerti
516 1484 690 1523 otiosacere
703 1486 924 1527 corpusculum.

214 1535 329 1577 Vulgo
352 1535 555 1576 legebatur:
578 1536 677 1568 inem·
702 1537 766 1568 otio
786 1536 925 1577 assuefa-

214 1596 282 1618 cere
296 1586 522 1628 corpusculum.
566 1586 666 1619 Idem
683 1586 773 1619 dixit
794 1587 927 1620 Seneca

214 1647 256 1670 ac
272 1638 405 1670 Noster
420 1637 538 1670 statim
553 1648 562 1669 ε
585 1638 596 1656 ‘
613 1638 661 1670 Et
672 1638 818 1671 otiosum
829 1639 926 1682 largo

216 1687 335 1719 satiari
374 1686 475 1719 cibo!
518 1687 576 1720 Sic
602 1688 613 1706 ‘
625 1687 817 1721 Abundans
852 1699 926 1722 cor-

215 1737 330 1779 poris,’
356 1746 419 1779 pro
437 1737 566 1779 pingui,
590 1738 711 1770 Claud.
727 1739 762 1770 in
778 1740 925 1781 Eutrop.

215 1797 257 1820 ιι.
271 1791 346 1820 380.
365 1791 402 1820 et
423 1793 544 1820 contra
571 1789 581 1808 ‘
595 1788 767 1821 Amittere
784 1790 926 1832 corpns’

216 1839 416 1872 Lucretium
442 1844 478 1871 et
505 1839 708 1872 Ciceronem
723 1840 852 1872 dixisse
866 1850 926 1872 no-

218 1896 272 1924 tat
290 1891 445 1923 Lambin.
471 1890 514 1923 ad
529 1891 667 1923 Lucret.
683 1900 708 1924 1.
724 1894 798 1924 810.
821 1891 926 1925 Ovid.

218 1942 330 1984 Epist.
346 1951 403 1974 111.
421 1944 496 1975 141.
519 1943 529 1960 ‘
543 1941 640 1974 Abiit
662 1952 854 1986 corpusque
869 1952 925 1975 co-

217 1993 373 2035 lorque?
396 1997 432 2025 et
456 1991 576 2024 Amor.
607 2001 632 2025 1.
653 1995 686 2024 6.
702 1996 734 2025 6.
763 1996 802 2025 ut
829 1993 926 2026 multi

217 2046 353 2087 legunt,
375 2043 386 2062 ‘
401 2043 562 2086 Aptaque
584 2043 755 2076 subducto
781 2053 927 2086 corpore

217 2094 372 2133 membra
387 2093 508 2126 dedit!
530 2094 675 2127 Quinct.
691 2094 791 2127 Decl.
807 2103 842 2127 v.
853 2103 884 2127 c.
894 2097 926 2127 9.

217 2148 227 2165 ‘
243 2148 368 2180 Haeret
383 2145 553 2178 adstricta
571 2144 708 2178 nudatis
723 2145 854 2178 ossibus
871 2155 926 2178 cu-

221 2199 278 2239 tis,
295 2203 345 2239 et,
359 2197 392 2228 in
409 2196 501 2229 fame
514 2206 575 2228 sua
588 2196 724 2228 homine
737 2192 929 2238 consumto,

213 2250 284 2291 =jam
301 2247 454 2280 membra
469 2247 541 2279 sine
561 2246 731 2288 corpore.'
754 2247 867 2279 Burm.

263 2299 384 2333 Fecisti
402 2301 525 2331 tantum
546 2296 698 2338 corporis]
731 2297 854 2339 Corpus
873 2297 928 2337 fa-

219 2360 287 2383 cere
301 2349 410 2393 (qnod
426 2348 516 2381 haud
533 2347 603 2380 scio
618 2357 661 2379 an
677 2357 778 2380 nemo
802 2353 929 2389 praeter

219 2403 309 2433 bunc
326 2404 501 2433 auctorem
517 2399 601 2431 alius
611 2398 659 2431 ita
668 2398 859 2441 usurparit)
874 2404 928 2432 est

220 2453 457 2495 pinguescere,
485 2455 519 2482 et
538 2447 684 2482 nitidum
700 2449 856 2492 beneque
872 2461 929 2483 cu-

220 2508 296 2535 rata
322 2506 401 2535 cute
429 2500 517 2541 fieri,
543 2505 583 2533 ut
612 2499 740 2532 Horat.
764 2502 926 2543 loquitur.

222 2554 315 2586 Huic
332 2552 538 2585 contrarium
555 2555 607 2584 est
623 2551 712 2594 apud
729 2552 927 2584 Lucretium

221 2605 281 2637 lib.
309 2614 335 2636 1.
374 2609 410 2636 et
441 2603 647 2636 Ciceronem
683 2602 795 2643 Epist.
833 2604 927 2636 Fam.

223 2656 281 2688 lib.
307 2665 373 2688 vn.
403 2658 458 2687 27.
491 2655 652 2697 ‘Corpus
678 2653 860 2695 amittere,’
893 2655 928 2686 id

223 2710 289 2745 est,
305 2715 457 2738 macrum
473 2705 561 2746 fieri,
576 2709 613 2737 et
625 2705 741 2737 morbo
757 2704 929 2737 exhaustis

223 2756 351 2787 viribus
368 2760 478 2788 totum
498 2756 670 2797 languere,
686 2754 854 2797 valdeque
867 2755 928 2786 im-

223 2806 382 2838 becillum
412 2816 497 2845 esse,
531 2806 686 2848 adeoque
716 2815 792 2838 ossa
824 2810 928 2848 atque

224 2858 361 2897 pellem,
388 2857 477 2900 quod
504 2856 629 2889 dicitur
646 2855 736 2898 apud
752 2856 926 2888 Plautum.

677 269 819 299 NOTAE
853 269 1076 302 VAIUORU
1086 271 1118 301 M
1153 271 1204 301 ΙΝ

971 362 1043 405 Περὶ
1068 363 1093 395 δ’
1119 363 1214 396 ὀστέα
1235 366 1344 405 μοῦνον
1368 365 1460 399 Ῥινὺς
1475 365 1538 406 ἔην,
1562 366 1673 409 inquit

970 413 1015 446 de
1041 415 1104 447 tali
1129 416 1265 448 homine
1296 417 1490 458 Smyrnaeus
1519 417 1672 459 Paralip.

969 464 1031 497 lib.
1046 473 1097 497 ix.
1133 466 1264 498 Plinius
1279 477 1347 499 non
1363 467 1565 499 absimiliter
1573 467 1673 499 1²1·ae-

971 513 1034 546 dro
1050 514 1151 556 dixit,
1165 514 1246 547 folia
1268 518 1278 535 ‘
1291 521 1398 558 capnt
1409 516 1549 558 facere‚'
1574 527 1676 560 qnan-

971 565 1016 599 do
1025 566 1100 609 jam
1115 567 1150 599 in
1166 577 1281 600 semen
1296 573 1515 611 excrescunt,
1529 570 1552 602 l.
1569 578 1675 604 xxvi.

970 627 1001 650 c.
1014 619 1067 649 12.
1110 617 1169 649 Sic
1194 618 1205 636 ‘
1219 619 1406 651 Numerum
1428 618 1561 652 facere'
1585 620 1677 653 dixit

972 668 1162 711 Cyprianus
1187 672 1224 701 et
1252 668 1429 702 Paulinus.
1473 669 1572 702 Illius
1601 669 1676 703 hoec

971 722 1052 750 suut
1094 717 1215 758 verba,
1261 719 1318 751 De
1354 718 1530 752 Idolorum
1564 721 1675 755 venit.

970 770 1085 802 Tract.
1105 772 1137 802 4.
1159 770 1169 787 ‘
1183 769 1337 811 Populus
1362 768 1407 801 de
1431 769 1612 803 sceleratis
1637 773 1676 803 et

971 820 1174 853 nocentibus
1189 824 1434 862 congregatur,
1442 823 1479 853 et
1488 819 1584 862 asylo
1591 829 1676 854 eon-

970 871 1094 903 stituto
1106 869 1191 903 facit
1210 881 1397 904 numerum.
1412 872 1597 913 impunius
1611 871 1678 905 eri—

971 922 1124 956 minum.’
1146 923 1284 955 Paulini
1299 923 1368 956 ista
1381 923 1493 966 Epist.
1502 926 1537 956 4.
1559 925 1571 943 ‘
1584 923 1678 960 Qua-

973 974 1001 1006 si
1025 983 1108 1006 vero
1133 983 1311 1006 numerum
1338 974 1546 1017 loquacitate
1567 975 1679 1009 faetu-

969 1024 1052 1057 rus.'
1076 1024 1161 1057 Βία.

1016 1077 1136 1109 Fecisti
1169 1079 1293 1109 tantum
1328 1077 1480 1120 corporis]
1519 1079 1677 1121 Corporis,

971 1126 1096 1165 earnis,
1117 1127 1346 1170 pinguedinis.
1390 1128 1506 1161 Vetus⁴
1523 1127 1680 1163 Glossar.

973 1177 983 1196 ‘
1001 1177 1245 1219 Corpodieim,
1266 1177 1487 1220 Maesulus!
1528 1179 1588 1212 Sic
1610 1189 1678 1212 eor-

971 1230 1141 1271 pulentiw,
1166 1230 1330 1272 habitior,
1359 1231 1517 1265 crassior.
1561 1231 1677 1266 Plaut.

973 1280 1075 1322 Epid.
1097 1281 1108 1298 ‘
1121 1280 1366 1322 Corpuleutior
1382 1281 1500 1315 videre
1510 1283 1679 1326 atqueha-

973 1330 1099 1365 bitior!
1141 1330 1310 1372 Apuleius
1332 1332 1446 1366 Miles.
1468 1341 1536 1366 vu.
1568 1334 1579 1351 ‘
1593 1334 1678 1367 Cum

973 1381 1137 1424 alioquin,
1153 1382 1303 1414 exsectis
1329 1382 1546 1425 genitalibus,
1569 1386 1681 1426 possit

974 1442 1085 1475 neque
1101 1432 1133 1464 in
1147 1434 1318 1465 Venerem
1333 1434 1403 1467 ullo
1416 1434 1518 1468 modo
1528 1444 1686 1479 surgere,

970 1493 1104 1526 nosque
1129 1483 1220 1515 omni
1240 1488 1336 1516 metu
1357 1484 1503 1526 periculi
1517 1485 1680 1528 liberare,

975 1534 1114 1576 insuper
1141 1534 1246 1566 etiam
1273 1534 1374 1576 longe
1403 1535 1550 1575 crassior
1574 1538 1681 1581 utque

976 1585 1211 1626 corpulentior
1239 1583 1354 1617 efficL'
1395 1585 1540 1620 Festus:
1575 1589 1587 1607 ⁸
1605 1587 1682 1620 Cor-

975 1634 1112 1677 pulentis
1135 1634 1278 1675 Ennius,
1309 1644 1382 1678 pro,
1410 1636 1543 1679 magnis
1572 1636 1682 1679 dixin

978 1697 1038 1720 nos
1047 1688 1258 1729 corpulentum
1267 1686 1412 1720 dicimus
1423 1689 1576 1732 corporis
1586 1689 1683 1723 obesi

977 1738 1171 1770 hominem!
1212 1738 1336 1770 Isidor.
1352 1738 1466 1771 Gloss.
1487 1739 1556 1772 Mn.
1577 1741 1589 1759 ‘
1604 1741 1683 1773 Gor-

976 1790 1131 1829 puhmtus,
1148 1788 1238 1830 quod
1255 1789 1301 1820 sit
1315 1797 1460 1830 corpore
1475 1789 1620 1832 validus,
1645 1796 1683 1823 et

979 1840 1080 1871 lentis
1110 1839 1292 1872 carnibus?
1335 1840 1394 1873 Sic
1419 1841 1532 1874 Varro
1557 1841 1600 1874 de
1629 1842 1681 1875 Re

980 1890 1078 1923 Rust.
1093 1899 1159 1922 vu.
1174 1899 1252 1931 cap.
1263 1892 1296 1922 6.
1313 1890 1544 1924 admissarium
1556 1901 1680 1935 equum

977 1942 988 1959 ‘
1009 1949 1153 1983 corpore
1181 1940 1309 1973 multo’
1345 1951 1420 1974 esse
1457 1941 1584 1976 debere
1620 1943 1682 1976 ait.

1022 2045 1043 2073 7
1068 2041 1273 2084 Simpliciter]
1298 2042 1444 2085 Aperte,
1467 2042 1596 2086 absque
1614 2043 1682 2076 dis-

981 2093 1209 2140 simulatione.
1253 2093 1385 2125 Auctor
1405 2094 1448 2126 de
1473 2094 1576 2127 Caus.
1600 2094 1681 2127 Cor.

981 2147 1034 2177 21.
1068 2144 1079 2162 ‘
1094 2143 1239 2176 Fatebor
1261 2143 1359 2176 vobis
1383 2144 1599 2188 simpliciter,
1623 2155 1679 2178 me

981 2197 1016 2228 in
1040 2195 1242 2239 quibusdam
1266 2196 1484 2239 antiquorum
1504 2196 1562 2230 vix
1579 2198 1682 2230 risum

980 2246 1124 2279 tenere!
1165 2247 1304 2279 Curtius
1333 2256 1384 2279 xv.
1402 2256 1434 2280 c.
1452 2248 1504 2280 11.
1536 2249 1547 2266 ‘
1561 2246 1682 2290 Legati

982 2297 1207 2340 respondent,
1228 2307 1330 2340 quum
1352 2297 1480 2330 bellurn
1508 2298 1544 2330 in
1570 2298 1682 2331 animo

981 2350 1038 2391 sit,
1052 2348 1169 2382 facere
1192 2358 1268 2380 eum
1285 2348 1498 2390 simpliciter,
1515 2349 1604 2392 quod
1620 2358 1682 2391 spe

981 2400 1074 2442 pacis
1092 2409 1158 2433 non
1174 2398 1386 2432 frustretur.'
1407 2399 1601 2442 Simpliciter·
1615 2404 1682 2440 est,

981 2450 1140 2491 candide,
1158 2450 1285 2492 absque
1301 2450 1390 2483 dolo.
1434 2450 1556 2484 Cicero
1572 2449 1681 2482 Acad.

980 2511 1031 2535 ιν.
1055 2502 1161 2534 ‘Cum
1178 2501 1322 2543 simplici
1335 2501 1468 2533 homine
1481 2500 1682 2543 simpliciter

980 2552 1142 2595 agerem.'
1165 2552 1271 2591 Schef.

1024 2604 1085 2636 Est
1099 2601 1249 2643 conditio]
1271 2601 1583 2644 Lego,enconditio.
1606 2602 1684 2634 Ma·

981 2654 1014 2686 lo
1041 2657 1169 2692 tamen,
1194 2654 1299 2684 eadem
1322 2650 1456 2683 conditio
1482 2654 1514 2682 et
1538 2651 1600 2683 tibi
1623 2655 1680 2685 est.

980 2703 1104 2736 Heius.

1023 2756 1043 2785 8
1066 2752 1178 2794 Pot'es]
1212 2751 1294 2784 Non
1318 2750 1533 2792 simpliciter,
1559 2751 1619 2784 sed
1646 2752 1680 2784 in

981 2808 1141 2847 respectu
1157 2803 1201 2835 ad
1223 2802 1373 2834 animum
1397 2807 1432 2834 et
1457 2803 1682 2843 voluntatem,

981 2864 1023 2887 ex
1047 2853 1204 2896 Virgilio,
1226 2853 1284 2896 qui
1311 2853 1441 2894 Ecloga
1465 2862 1533 2886 vn.
1557 2853 1627 2886 ‘Et
1652 2855 1682 2886 si
