1806 3236
395 229 596 264 PHAEDRI
632 228 743 262 ΕΑΒ.
778 228 1080 263 AESOPIARUM
1115 230 1212 262 1013.
1244 230 1297 261 11.
1328 221 1371 263 5.

151 329 318 368 culum
341 325 551 370 exprimunt.
587 325 721 359 Pru-sch.
780 325 859 358 Ele-

148 380 276 424 ganter
287 377 333 411 de
346 376 515 426 aedificiis,
524 386 602 410 cum
615 378 683 410 huc
699 379 760 409 aut
775 377 859 410 illuc

147 427 311 465 ἠθικαί
328 432 477 462 vertunt.
515 428 724 461 >Columella
748 428 807 460 lib.
833 437 859 462 ι.

83 520 85 522 ,
149 478 185 520 c.
197 482 231 516 0.
250 479 412 513 ι’ὢιῑίνα
426 479 556 512 cubilia
571 482 735 522 spectent
759 478 858 511 meri-

147 530 238 565 &on
253 529 547 574 equinoctialem,
569 530 630 562 sed
647 529 858 562 coenationes

145 578 301 625 dudem
314 581 481 623 temporis
491 584 718 623 prospectent
733 580 858 622 hyber-

144 631 435 665 morientem!
449 631 555 671 Sckefi
600 631 725 673 Virgil.
740 631 817 664 AEn.
829 640 856 663 1.

143 684 226 716 m.
241 681 253 701 ‘
268 683 413 725 collem,
434 683 494 726 qui
517 681 683 724 plurimus
698 681 772 715 urbi
788 682 858 714 Im-

141 731 264 774 minet,
286 733 520 775 advenasque
548 732 734 776 adspectat
757 733 858 766 desu-

144 792 211 826 per
236 783 359 816 arces!
401 783 471 816 Ubi
493 783 654 816 Servius:
678 784 690 803 ‘
714 784 781 817 Rei
806 784 857 816 in-

143 833 298 867 sensibili
316 834 386 874 ⁴dat
411 844 559 867 sensum.
603 834 704 867 Unde
719 834 804 867 illud
821 835 856 867 in

142 888 267 928 quarto
282 885 326 918 de
341 884 499 918 Atlante.
526 885 618 917 Item
632 885 757 918 Salust.
769 885 857 927 ‘Ly-

72 975 77 978 ,
143 935 208 969 cin
222 936 430 979 Pisidiaeque
453 945 554 978 agros
569 935 855 978 despectantem!

145 987 328 1030 Pmptcere
342 988 457 1020 autem
479 991 533 1020 est
547 986 592 1019 de
607 996 738 1019 summo
754 987 854 1019 desu-

142 1045 209 1078 per
232 1037 417 1080 inspicere.
461 1035 607 1070 Petron.
623 1037 667 1069 de
683 1037 771 1069 Bell.
786 1037 853 1070 civ.

141 1087 154 1106 ‘
169 1086 310 1120 Summo
333 1087 380 1119 de
403 1087 536 1120 vertice
559 1089 688 1120 montis
716 1088 854 1130 Hespe-

139 1138 202 1171 τίω
217 1147 359 1181 campos
371 1138 442 1171 iate
458 1138 661 1183 prospexit-²
691 1139 783 1171 Flor.
795 1148 853 1172 ιιι.

138 1191 173 1222 8.
195 1188 207 1208 ‘
222 1188 392 1222 Homines
414 1187 508 1221 feros
580 1188 770 1235 ,silvestres
790 1190 851 1221 mi-

139 1237 229 1271 reris
243 1247 342 1272 ausos
358 1249 379 1272 a
392 1239 626 1282 scopulis‘s'uis
639 1241 764 1273 saltem
781 1250 851 1274 ma-

136 1287 190 1322 ri·
202 1289 427 1332 prospicere)
456 1290 562 1324 Ovid.
577 1291 668 1323 Met.
681 1300 764 1324 vm.
775 1294 850 1325 330.

138 1342 149 1359 ‘
168 1339 384 1383 Devexaque
413 1341 584 1384 prospicit
609 1342 714 1376 arva!
770 1344 849 1376 Ele-

137 1393 262 1434 ganter
277 1391 409 1424 Statius
424 1391 508 1425 Silv.
518 1400 560 1425 11.
574 1396 627 1426 11.
642 1396 676 1426 3.
699 1393 709 1412 ‘
722 1394 848 1427 Villam

136 1441 404 1483 speculatricem
433 1442 599 1484 profundi
637 1444 849 1487 Dicarchei:

134 1496 238 1525 vocnt
244 1493 486 1526 Surrentinum
494 1494 610 1527 Pollii.
628 1494 719 1528 Vide
728 1495 848 1529 Heius.

135 1542 319 1577 sd'clauu.
334 1543 378 1576 de
393 1544 504 1576 Laud.
523 1544 637 1577 stilic.
654 1554 696 1578 ιι.
711 1549 788 1579 255.
811 1551 849 1580 et

134 1593 178 1626 ad
192 1601 244 1626 vr.
259 1593 361 1627 Oons.
376 1595 511 1629 Honor.
527 1597 602 1629 178.
624 1595 740 1629 Burm.

178 1643 383 1687 Prospectat]
415 1645 470 1678 Ex
497 1646 569 1678 alto
599 1646 752 1679 eminens
781 1656 848 1681 nec

135 1697 249 1728 totum
263 1699 421 1738 spectat3
443 1696 602 1738 quaedam
622 1696 848 1740 frequentati-

132 1754 178 1778 va
191 1745 243 1778 rei
256 1745 503 1781 difficultatem
525 1747 739 1789 exprimunt.
786 1749 846 1781 Sic

129 1796 268 1830 Solinus
289 1797 301 1815 ‘
316 1798 509 1840 Respectat
523 1798 642 1831 mare!
665 1798 752 1831 Gna.

140 1864 145 1866 ν
174 1845 354 1890 ann‘cit]
378 1847 434 1881 An
449 1849 595 1891 despicit,
615 1849 652 1881 id
679 1854 745 1892 est,
766 1850 845 1883 sub-

122 1898 273 1941 jectum,
293 1899 476 1942 subjacens
498 1901 661 1942 spectat?
696 1912 740 1934 an
761 1912 844 1944 proe-

128 1948 237 1991 spicit,
254 1958 326 1991 prae
349 1959 382 1982 se
405 1949 512 1992 spicit,
532 1950 569 1982 id
591 1954 659 1992 est,
682 1961 790 1994 prope
805 1962 843 1985 se

129 2000 293 2042 spectat?
312 2004 352 2032 ut
373 2001 384 2019 ‘
399 2001 481 2034 Prae
497 2001 631 2043 oculis:
650 2003 660 2020 ‘
674 2002 756 2036 Prae
771 2014 843 2036 ma-

129 2047 232 2081 nibus
260 2049 413 2092 habere?
443 2051 454 2069 ‘
478 2052 616 2084 Praesto
641 2053 741 2096 esse,'
774 2056 842 2088 &c.

127 2098 172 2131 Τὸ
180 2100 351 2142 respicio
361 2101 596 2144 quaerendum.
614 2099 724 2138 Guiee.
755 2105 844 2139 Gro-

130 2149 249 2183 novius
271 2150 307 2182 in
330 2150 457 2184 litteris
477 2153 570 2186 suis:
593 2153 603 2171 ‘
620 2155 716 2197 Lego
741 2156 842 2198 respi-

129 2200 174 2233 cit
182 2211 197 2240 ‚-
221 2201 297 2234 vult
311 2200 464 2235 frontem
479 2203 555 2245 ejus
570 2204 604 2236 in
619 2203 760 2248 fretum,
773 2210 842 2239 ter-

129 2260 211 2293 gum
219 2251 256 2284 in
266 2252 452 2285 Etruscum
464 2262 558 2286 mare
570 2263 703 2288 versum
716 2254 842 2290 fuisse?

127 2300 230 2334 Idem
241 2302 372 2345 placuit
381 2303 547 2338 Nobiliss.
562 2305 721 2340 Heinsio.
733 2307 839 2348 Schef.

125 2352 283 2386 Siculum
298 2363 319 2386 a
331 2354 430 2396 leva,
442 2355 593 2388 Tuscum
608 2357 653 2389 ad
669 2358 839 2393 dextram.

125 2401 242 2437 Faber.
295 2404 511 2439 Clarissimus
539 2406 702 2441 Graevius
732 2409 838 2451 legit:

126 2452 291 2496 Prospicit
325 2454 499 2497 infernum,
535 2457 665 2499 respicit
706 2458 862 2492 Tuscum-

126 2512 227 2537 aare.
271 2504 395 2538 Heius.
410 2505 595 2548 legendum
611 2513 753 2542 censet:
773 2510 837 2543 Re-

124 2557 249 2597 qectot
261 2554 416 2598 Siculum,
436 2558 563 2601 respicit
586 2559 719 2592 fiscum
741 2571 837 2595 mare.

125 2604 174 2648 Si,
191 2606 346 2648 prospicit
367 2607 538 2649 infernum,
558 2611 688 2652 respicit
706 2611 838 2645 Tuscum

126 2663 234 2695 narn
255 2656 420 2699 fingenda
441 2663 497 2691 est
519 2660 609 2693 villae
631 2661 770 2704 positio,
797 2668 837 2696 ut

127 2702 245 2742 frome
271 2711 411 2748 spectet
436 2719 529 2743 mare
553 2711 714 2755 inferum,
736 2718 836 2757 tergo

128 2753 294 2798 Tuscum,
322 2761 362 2789 nt
389 2758 586 2794 Gronovius
611 2767 733 2805 pater:
757 2774 835 2798 nam

127 2804 283 2847 mpii-ere
295 2811 362 2850 est,
382 2814 462 2851 post
478 2815 614 2854 tergum
630 2813 771 2850 videre:
795 2819 835 2848 ut

1530 222 1620 266 445

911 324 1017 358 Ovid.
1045 325 1135 359 Met.
1150 335 1192 360 ιι.
1208 329 1284 360 190.
1304 326 1315 345 ‘
1333 326 1507 370 Prospicit
1520 338 1619 363 occs-

910 387 981 418 sus,
1011 376 1183 410 interdum
1211 378 1358 421 respicit
1382 383 1478 413 ortus
1492 380 1515 413 :'
1537 391 1620 414 con-

908 438 1010 460 verso
1025 437 1150 471 nempe
1165 439 1311 472 corpore
1325 430 1360 462 in
1381 434 1506 464 ortum.
1551 431 1619 464 Sed

907 478 1066 519 infernum
1079 489 1172 513 mare
1188 480 1360 513 diversum
1383 491 1404 514 a
1429 481 1527 515 'flasco
1541 492 1619 516 esse

907 539 975 561 uon
991 534 1077 571 puto
1090 541 1100 570 ;
1117 530 1258 563 Siculum
1269 541 1350 564 vero
1362 531 1527 575 distingui
1542 542 1619 575 pos-

907 589 944 612 se
959 590 979 612 a
997 580 1104 622 Tusco,
1126 581 1217 624 quod
1229 583 1296 614 hoc
1314 583 1463 615 Etruriae
1479 587 1516 616 et
1526 584 1620 617 Latii

906 629 1013 663 litora
1028 632 1161 664 alluens
1181 632 1336 665 strictius
1359 633 1411 665 ita
1430 633 1618 676 diceretur,
1682 666 1687 670 .

907 691 1008 724 quam
1023 683 1127 724 vulgo
1142 683 1244 724 solet,
1268 687 1305 715 et
1326 687 1450 726 postea
1473 689 1620 718 extensa

906 730 1014 765 fuerit
1028 733 1230 775 appellatio.
1261 733 1402 766 Siculum
1416 745 1512 777 vero,
1525 736 1619 778 quud

907 792 927 814 a
940 783 1079 815 Miseno
1095 785 1332 826 promontorio
1344 795 1463 818 versus
1472 786 1620 819 insulam

904 832 1058 866 Siciliam
1087 838 1196 876 patet.
1249 835 1340 868 Nam
1365 836 1509 869 Siculum
1530 848 1619 871 mare

906 893 998 926 saepe
1022 885 1217 918 Historicos
1240 889 1277 918 et
1306 886 1391 919 alios
1422 889 1617 930 appellasse

905 944 1017 977 omne,
1040 936 1132 978 quod
1147 936 1182 967 in
1196 936 1342 969 insulam
1358 937 1484 979 vergit,
1509 938 1616 972 etiam

905 995 926 1016 a
941 985 1090 1027 diversa,
1112 995 1213 1028 quam
1235 986 1303 1027 hic,
1328 991 1442 1029 parte,
1466 993 1616 1030 apparet

903 1045 948 1068 ex
962 1036 1038 1068 Liv.
1055 1039 1256 1070 xxx111.1'7.
1278 1037 1337 1069 nbi
1359 1036 1619 1073 ‘Acarnaniam'

902 1088 1010 1119 solem
1035 1087 1251 1120 occidentem
1278 1091 1316 1120 et
1343 1097 1437 1121 mare
1462 1088 1616 1122 Siculum

902 1138 1084 1180 spectare,'
1108 1138 1206 1170 dicit.
1251 1138 1417 1171 Subtilius
1433 1149 1516 1172 vero
1531 1140 1616 1173 illud

896 1188 1049 1230 perspicit
1062 1188 1232 1230 explicari
1253 1193 1339 1231 puto
1359 1199 1380 1221 a
1402 1189 1456 1223 Cl.
1480 1189 1616 1223 Grono-

900 1238 970 1280 vio,
992 1249 1095 1282 qnam
1108 1239 1243 1280 verius3
1265 1250 1344 1272 nam
1370 1250 1469 1282 aeque
1492 1250 1615 1282 parum

899 1291 1048 1323 Tuscum
1059 1301 1152 1324 mare
1163 1291 1399 1334 perspiciebat
1409 1292 1613 1335 villa‚quam

899 1342 1078 1384 Siculum;
1101 1344 1169 1384 cui,
1195 1335 1235 1376 u't
1258 1353 1323 1385 ego
1351 1346 1449 1385 puto,
1471 1343 1614 1386 propior

900 1397 997 1427 erat:
1021 1395 1149 1436 etipse
1175 1394 1241 1427 sibi
1269 1393 1409 1436 diffidit,
1433 1403 1510 1427 cum
1539 1404 1613 1437 pro-

897 1449 1039 1487 spectare
1068 1446 1185 1486 etiam,
1213 1447 1409 1490 propinqua
1436 1450 1472 1479 et
1497 1446 1614 1479 vicina

900 1501 1076 1539 spectare,
1091 1507 1165 1529 esse
1174 1496 1339 1530 fateatur.
1384 1498 1501 1532 Quare
1516 1497 1614 1530 nobis

899 1546 1043 1588 vulgata
1070 1547 1154 1579 satis
1197 1548 1327 1589 placet,
1362 1551 1400 1579 ut
1429 1547 1611 1579 credamus

899 1596 1016 1629 villam
1039 1597 1089 1629 ita
1111 1597 1271 1639 positam,
1295 1601 1335 1630 nt
1348 1598 1448 1630 simul
1461 1598 1612 1630 Tuscum

900 1652 936 1680 et
951 1648 1105 1681 Siculum
1121 1658 1213 1681 mare
1228 1659 1272 1681 ex
1285 1652 1403 1681 monte
1419 1652 1612 1690 spectaret.

898 1698 1044 1739 Despicit
1074 1699 1133 1741 qui
1165 1699 1270 1740 volet,
1296 1699 1463 1741 reperiet,
1484 1699 1610 1741 quibus
1645 1719 1650 1724 -

897 1757 974 1780 eam
1009 1748 1136 1791 firmet,
1174 1750 1267 1791 apud
1298 1750 1350 1782 Cl.
1389 1749 1610 1782 Drakenbor-

897 1800 1010 1832 chium
1028 1801 1071 1832 ad
1086 1801 1147 1833 Sil.
1164 1810 1216 1834 vl.
1233 1804 1309 1833 185.
1333 1802 1448 1834 Burm.
1532 1796 1536 1802 ’

939 1851 1116 1893 Prospicit]
1134 1852 1288 1885 Gronov.
1303 1852 1444 1893 respicit.
1456 1852 1525 1885 Ms.
1536 1862 1611 1895 per-

894 1901 1000 1943 spicit.
1058 1902 1186 1944 Guyet.
1221 1904 1291 1945 leg.
1327 1903 1512 1944 proespicit:
1545 1904 1608 1937 sed

892 1954 1045 1994 prospicit
1071 1963 1116 1986 ex
1145 1953 1271 1986 Tacito
1301 1953 1442 1986 defendi
1480 1958 1610 1998 potest,

893 2003 958 2035 lib.
975 2012 1055 2037 x1v.
1078 2004 1089 2023 ‘
1104 2004 1207 2036 Viam
1235 2005 1364 2037 Miseni
1394 2009 1541 2047 propter
1569 2010 1609 2040 et

894 2052 1011 2084 villam
1021 2053 1167 2086 Caesaris
1175 2054 1463 2096 Dictatoris,quae
1471 2055 1608 2097 subjec-

893 2106 949 2135 tos
962 2103 1055 2136 sinus
1067 2104 1258 2136 editissima
1274 2105 1499 2147 prospectat!
1517 2107 1604 2140 Gud-

938 2156 977 2185 11
1003 2154 1060 2185 Ex
1074 2154 1262 2195 alticinctis]
1279 2155 1431 2188 Paratis.
1452 2155 1604 2189 Servius

892 2203 968 2236 AEu.
984 2213 1009 2237 1.
1033 2205 1075 2237 ad
1091 2204 1201 2238 illud:
1224 2206 1234 2224 ‘
1252 2206 1308 2238 Illi
1334 2216 1371 2238 se
1399 2207 1528 2248 praedae
1544 2217 1603 2241 ac-

893 2253 1039 2296 cingunt
1051 2254 1073 2287 :'
1094 2255 1105 2274 ‘
1120 2255 1334 2299 Accingunt,
1364 2258 1518 2292 studiose
1542 2269 1602 2302 pa-

892 2308 994 2336 rant:
1023 2308 1062 2338 ut
1089 2306 1190 2338 alibi:
1226 2307 1235 2325 ‘
1253 2306 1453 2350 Accingunt
1479 2309 1602 2351 operi.'

890 2355 1054 2388 Accinctos
1068 2361 1182 2390 autem
1195 2357 1379 2391 industrios
1393 2359 1550 2401 dicimus,
1562 2364 1602 2394 nt

890 2405 1018 2440 Horat.
1040 2407 1050 2425 ‘
1068 2407 1182 2440 Altius
1206 2418 1247 2440 ac
1272 2418 1334 2441 nos
1349 2410 1530 2451 praecincti
1545 2421 1601 2444 su-

889 2456 990 2490 mus!
1034 2458 1130 2491 Sicut
1153 2463 1275 2492 contra
1298 2461 1516 2502 negligentes
1536 2463 1601 2495 dis-

888 2509 1005 2542 cinctos
1015 2520 1187 2554 vocamus,
1200 2516 1258 2545 ut:
1276 2513 1286 2530 ‘
1300 2512 1498 2546 Discinctos
1509 2515 1602 2548 Mul-

888 2561 982 2594 ciber
993 2560 1138 2595 Afros.”
1156 2563 1284 2595 Petrus
1296 2564 1475 2596 Ravenuas
1488 2565 1605 2600 Serm.'

888 2619 993 2645 xxiv.
1009 2612 1054 2644 ad
1069 2613 1128 2644 illa
1142 2613 1268 2645 verba:
1286 2614 1295 2631 ‘
1313 2613 1389 2645 Sint
1403 2614 1511 2647 lumbi
1525 2625 1600 2648 ves-

887 2662 933 2694 tri
961 2663 1143 2705 praecincti
1157 2674 1165 2695 ε
1179 2663 1188 2677 ’
1209 2663 1220 2681 ‘
1244 2664 1451 2706 Cingulum,'
1474 2665 1600 2709 iuquit,

886 2712 896 2730 ‘
912 2717 965 2746 est
981 2715 1119 2756 proprie
1132 2714 1294 2747 indicium
1303 2715 1492 2757 servitutis,
1506 2717 1599 2758 quod

887 2766 924 2796 et
939 2763 1110 2797 discursus
1127 2765 1308 2807 expeditos
1322 2765 1460 2808 reddat,
1485 2770 1523 2799 et
1546 2766 1598 2800 fa-

885 2814 957 2849 ciat
972 2814 1222 2860 obsequentcs,'
1246 2818 1311 2850 διο.
1355 2816 1475 2852 Idem:
1500 2818 1510 2837 ‘
1528 2817 1596 2851 Pa-
