1806 3236
199 250 288 295 396

244 360 266 390 6
287 357 433 399 Periere]
456 358 525 390 Ms.
551 362 587 391 et
615 358 721 400 prior.
745 358 829 392 edit.
852 359 904 392 Ibi

197 408 343 450 μνία-ω
367 408 429 440 sed
453 408 506 441 Ibi
531 412 629 441 recte
655 409 752 442 delet
779 409 904 442 Salma-

200 459 281 491 sius.
306 459 392 490 Gud.

245 509 486 551 Contingerent]
519 510 727 552 Tangerent,
754 511 904 553 attinge-

200 564 291 603 rent,
300 563 462 592 manente
476 560 610 594 scilicet
622 562 742 602 eadem
754 560 902 595 fluminis

659 264 803 296 NOTAE
834 265 1104 298 VARIORUM
1138 267 1190 297 IN

956 360 1148 394 altitudine.
1193 360 1358 404 Virgilius
1378 371 1509 395 rursum
1524 358 1601 396 AEn2
1613 370 1658 397 ιι.

956 412 967 430 ‘
995 412 1194 455 Funemque
1219 422 1321 445 manu
1347 413 1548 456 contingere
1576 422 1658 456 gan-

956 461 1066 495 dent!
1098 461 1204 506 Saites.
1247 463 1357 505 Supra
1385 462 1456 496 fab.
1483 466 1516 498 4.
1545 465 1557 483 ‘
1581 465 1658 498 Nec

957 521 1057 554 quem
1073 513 1219 555 petebat
1233 512 1320 546 adeo
1334 514 1449 556 potuit
1465 513 1659 556 attingere!

956 562 1060 597 Axen-

705 825 962 870 FABULA
1012 826 1162 870 XXI.

243 966 308 998 Leo
322 976 429 1009 senex,
450 968 520 1010 ξω]
543 969 757 1002 Camerarius
779 980 814 1013 p.
829 973 903 1003 179.

200 1017 280 1058 Rig.

244 1071 266 1100 2
302 1070 448 1111 Ignavis]
483 1071 632 1114 Ignavus,
679 1083 742 1115 pro
772 1073 904 1105 timido.

201 1120 370 1161 Congruit
395 1126 510 1154 autem
537 1132 613 1155 cum
640 1123 704 1156 hac
733 1124 905 1156 sententia

200 1169 298 1208 illud,
328 1172 419 1213 quod
459 1177 512 1205 est
551 1174 640 1215 apud
680 1175 901 1208 Ciceronem:

201 1221 211 1238 ‘
237 1221 306 1253 Ubi
331 1232 399 1254 non
424 1224 482 1265 sis,
510 1225 569 1266 qui
594 1224 714 1267 fueris,
744 1235 814 1258 non
838 1230 902 1265 est,

199 1280 260 1304 cur
271 1273 356 1304 velis
371 1273 514 1306 vivere!
537 1275 622 1308 Rite.

242 1323 355 1366 Jocus]
368 1324 558 1366 Eleganter
572 1326 636 1358 boc
649 1325 799 1367 dictum3
813 1336 903 1366 nam,

199 1374 309 1416 Jonas,
330 1379 370 1407 ut
390 1380 425 1408 et
439 1376 559 1417 Ludus,
580 1387 644 1418 pro
660 1387 697 1410 re
712 1378 852 1420 abjecta
866 1383 904 1411 et

198 1424 280 1467 levi,
299 1435 376 1468 quae
392 1428 516 1460 merito
532 1428 679 1461 ludibrio
692 1428 810 1461 haberi
825 1438 903 1471 pos-

199 1475 257 1509 sit.
302 1476 376 1509 Cic.
393 1487 456 1518 pro
474 1478 611 1520 Flacco,
632 1479 676 1511 de
699 1479 903 1512 Graecorum

197 1526 363 1559 levitate:
388 1527 398 1545 ‘
415 1527 509 1560 Num
532 1528 607 1561 illos
630 1529 721 1561 idem
746 1530 902 1571 putatis?

200 1575 323 1618 quibus
346 1576 589 1618 jusjurandum
609 1578 708 1620 jocus
724 1584 788 1619 est,
805 1580 903 1613 testi-

198 1625 348 1658 monium
363 1626 562 1668 ludus,'&c.
607 1629 734 1662 Catull.
755 1630 766 1648 ⁴
779 1630 902 1663 Jocum

198 1685 254 1708 me
268 1680 370 1718 putat
396 1687 471 1709 esse
492 1679 625 1711 moecha
640 1680 772 1722 turpis!
817 1681 903 1714 Pro-

199 1730 291 1768 pert.
310 1728 320 1744 ‘
333 1728 360 1758 F
362 1727 462 1760 allaci
476 1728 623 1762 dominae
638 1739 693 1762 me
708 1730 815 1772 pudet
830 1740 903 1763 esse

192 1777 335 1819 jocum!
348 1778 472 1820 Schiop.
507 1780 651 1813 Petron.
664 1791 753 1815 1.v11.
775 1783 786 1800 ‘
798 1783 833 1814 N
836 1792 903 1815 unc

199 1838 314 1872 spero,
325 1839 381 1861 me
394 1830 445 1861 sic
461 1829 591 1872 vivere,
613 1835 653 1863 ut
667 1832 793 1864 nemini
802 1832 904 1874 jocus

196 1879 283 1912 sim!
324 1880 463 1912 Fabulae
478 1881 578 1922 hujus
591 1882 773 1915 veritatem
787 1882 902 1915 firmat

199 1930 337 1963 Xerxes
352 1931 443 1973 apud
458 1931 584 1964 Justin.
599 1941 655 1966 m.
670 1936 702 1966 1.
725 1932 783 1975 qui
804 1934 815 1951 ‘
831 1938 902 1966 ter-

198 1990 256 2013 ror
270 1986 374 2014 antea
388 1982 553 2023 gentium,
568 1983 662 2015 bello
676 1983 711 2015 in
726 1983 900 2016 Graeciam

197 2031 386 2065 infeliciter
400 2037 509 2074 gesto,
522 2034 627 2066 etiam
643 2034 712 2066 suis
727 2039 902 2077 contemp-

197 2083 250 2117 tui
277 2093 350 2116 esse
376 2084 515 2126 coepit?
547 2091 584 2117 et
610 2086 676 2117 hoe
711 2090 779 2126 est,
807 2085 900 2128 quod

197 2133 284 2167 dicit
308 2135 404 2167 Nero
427 2135 518 2176 apud
538 2134 726 2168 Auctorem
741 2136 902 2169 Octaviae

197 2188 342 2218 vs.455.
374 2185 384 2203 ‘
403 2186 524 2218 Calcat
547 2186 725 2227 jacentem
756 2186 900 2229 vulgus?

197 2236 312 2269 ,Bm-m.

241 2288 261 2318 3
284 2285 450 2327 Defectus]
475 2287 564 2319 Nam
579 2296 640 2319 cur
655 2286 828 2320 defectum
845 2297 903 2320 an-

197 2336 250 2370 nis
266 2336 352 2369 dicit
365 2339 502 2370 senem?
524 2348 566 2370 an
589 2339 669 2381 quia
694 2339 766 2371 vita
789 2339 900 2381 ipsum

197 2386 337 2420 deficit?
359 2397 479 2429 gerrae.
523 2389 574 2421 Tu
599 2389 688 2421 bono
713 2399 790 2422 meo
812 2391 901 2432 peri·

198 2438 278 2469 culo
320 2438 432 2471 scribe
478 2439 642 2479 Defessus.
711 2441 767 2472 Sic
806 2442 899 2483 apud

196 2486 383 2529 Apuleium
416 2489 460 2520 de
485 2489 592 2521 Asino
615 2490 671 2523 lib.
693 2499 744 2523 1v.
767 2491 898 2525 scribo:

196 2538 206 2555 ‘
222 2538 371 2580 Jamque
396 2537 556 2571 confecta
582 2539 670 2572 bona
685 2544 785 2581 parte
800 2541 901 2573 itine-

198 2588 245 2619 ris
259 2592 296 2620 et
312 2588 376 2620 viae
391 2589 503 2630 spatio
519 2589 672 2622 defessus
697 2595 734 2622 et
756 2591 898 2624 sarcinae

197 2640 351 2681 pondere
382 2640 577 2681 depressus,
607 2641 800 2683 ictibusque
830 2641 900 2674 fus-

197 2691 282 2724 tium
296 2689 486 2732 fatigatus:
501 2693 565 2724 διο.
599 2692 669 2724 Sed
684 2691 733 2724 ibi
745 2692 780 2723 in
793 2693 899 2724 omni·

199 2740 261 2773 bus
275 2741 365 2774 cusis
381 2746 419 2774 et
433 2741 573 2783 scriptis
587 2742 684 2775 libris
699 2746 764 2784 est,
783 2742 898 2782 Defec-

197 2795 269 2825 tus.-
291 2792 383 2835 quod
404 2802 551 2834 nequam
573 2796 611 2825 et
630 2793 727 2826 nihili
742 2802 817 2826 esse
832 2794 898 2827 aio.

197 2841 322 2885 Schiop.
366 2843 556 2887 Schoppius
582 2844 625 2878 ad
648 2844 739 2878 hunc
759 2844 896 2878 locum:
917 2859 921 2865 -

958 971 969 989 ‘
985 970 1075 1003 Nam
1100 979 1162 1003 cm·
1183 968 1357 1002 defectum
1379 967 1476 1001 annis
1498 967 1586 1000 dicit
1606 975 1659 1000 se-

957 1021 1055 1053 nem?
1073 1031 1115 1053 an
1131 1020 1212 1063 quia
1223 1020 1296 1052 vita
1310 1020 1421 1062 ipsum
1434 1018 1572 1052 deficit?
1585 1027 1660 1062 ger-

958 1081 1017 1104 rae.
1044 1070 1118 1111 Tu‚'
1129 1070 1253 1113 inquit,
1266 1071 1276 1088 ‘
1290 1079 1364 1102 meo
1378 1069 1533 1111 periculo
1547 1069 1659 1102 scribe

958 1122 1110 1162 Defessus
1123 1121 1236 1154 amiel
1267 1121 1356 1153 Haec
1371 1121 1430 1152 ille
1442 1130 1551 1152 novus
1565 1119 1663 1153 Aris-

957 1173 1114 1213 tarchus;
1139 1172 1199 1205 sed
1225 1176 1330 1214 errat,
1359 1175 1396 1203 et
1420 1171 1463 1203 ad
1489 1170 1659 1204 Orbilium

958 1223 1184 1256 remittendus
1210 1227 1272 1255 est.
1325 1222 1417 1256 Quid
1443 1221 1557 1254 enim?
1579 1222 1660 1264 quia

957 1283 1026 1306 non
1039 1274 1204 1315 intelligit
1218 1273 1423 1314 Seboppius,
1439 1271 1660 1308 ideomuturi

956 1325 1072 1365 debet,
1096 1325 1185 1367 quod
1207 1335 1227 1356 a
1253 1323 1402 1356 Phaedro
1427 1323 1556 1356 dictum
1581 1323 1658 1355 est?

955 1385 1044 1408 nova
1056 1385 1137 1407 sane
1149 1376 1284 1417 κριτικῆς
1295 1373 1418 1407 ἐπίνοια.
1449 1373 1567 1416 Atque
1580 1372 1659 1405 huic

955 1426 1031 1459 loeo
1058 1426 1333 1468 germanissimus
1361 1429 1416 1458 est
1440 1424 1532 1466 apud
1559 1423 1662 1458 oola·

955 1477 1106 1517 mellum,
1115 1486 1216 1518 quem
1226 1475 1343 1508 videre
1354 1475 1523 1508 debuerat
1531 1474 1660 1516 Sebop-

956 1527 1043 1569 pius,
1064 1535 1124 1559 eor
1148 1525 1331 1567 Zenodoti,
1357 1525 1460 1567 jecur
1485 1524 1658 1557 Cratetist

957 1577 1150 1619 exemplum
1165 1576 1261 1618 illud,
1274 1577 1396 1617 lector,
1417 1575 1501 1608 sein'
1517 1581 1556 1608 tu
1566 1574 1659 1618 quod

956 1629 1023 1661 sit?
1067 1629 1078 1647 ‘
1093 1627 1240 1661 Defecta
1265 1628 1360 1660 senio
1385 1627 1509 1660 arbos!
1550 1626 1658 1659 Vides

956 1689 1031 1711 esse
1044 1679 1215 1720 geminum
1237 1687 1445 1719 germanum,
1466 1686 1545 1710 nam
1559 1676 1660 1716 defoc-

957 1734 1010 1763 tus
1023 1731 1125 1771 annis,
1148 1734 1184 1762 et
1199 1728 1340 1769 defectus
1351 1728 1437 1760 senio
1449 1727 1541 1760 idem
1555 1727 1660 1769 signi-

956 1781 1076 1813 ficant.
1134 1779 1259 1821 Neque
1297 1788 1380 1811 vero
1418 1778 1500 1810 sati·
1538 1778 1660 1811 habuit

957 1831 1148 1872 Schoppius
1154 1828 1578 1872 ‚rapasmpoamphaedmm
1586 1837 1660 1861 eor-

954 1889 1134 1922 rumpere3
1157 1879 1340 1924 Apuleium
1368 1889 1517 1922 quoqne,
1537 1883 1578 1912 nt
1603 1884 1657 1912 eat

953 1941 1096 1974 magnus
1126 1931 1268 1971 ardelio,
1298 1931 1488 1974 inquinavit
1515 1930 1576 1964 lib.
1605 1937 1657 1964 lv.

955 1982 1103 2016 Fabella»,
1119 1981 1288 2013 Milesiae:
1312 1983 1322 2000 ‘
1335 1981 1480 2023 Jamque
1497 1977 1659 2014 confecta

954 2032 1044 2065 bona
1058 2036 1158 2074 parte
1173 2031 1319 2073 itineris,
1339 2036 1377 2064 et
1390 2031 1460 2064 viaer
1471 2029 1584 2072 spatio
1597 2030 1658 2066 de-

955 2082 1083 2123 fectus,
1105 2085 1142 2114 et
1168 2082 1312 2115 sarcinae
1338 2081 1491 2123 pondere
1517 2080 1657 2123 depres-

956 2133 1037 2174 sus‚'
1054 2136 1119 2167 sce.
1163 2133 1256 2167 Quid
1279 2132 1323 2165 ad
1346 2133 1421 2165 hoee
1443 2131 1659 2174 Sehoppius2

955 2185 1034 2217 Hoc
1055 2185 1066 2203 ‘
1092 2194 1238 2227 nequam
1262 2183 1338 2224 est,’
1360 2183 1486 2225 inquit,
1512 2183 1523 2201 ‘
1549 2187 1586 2216 et
1606 2183 1659 2219 ni-

953 2235 1037 2276 hili3
1058 2236 1149 2280 ¹8⁶2
1174 2233 1350 2275 Defessus?
1392 2233 1463 2266 Sed
1489 2233 1660 2275 ignoravit

954 2287 1026 2328 ille,
1047 2282 1112 2329 quii
1131 2286 1276 2319 taudem
1298 2288 1401 2328 pacto
1415 2283 1659 2326 intelligendus

953 2336 1009 2369 hic
1026 2337 1165 2369 Phaedri
1179 2337 1288 2377 locus,
1309 2345 1463 2369 necnon
1485 2335 1544 2368 ille
1568 2335 1658 2368 alter

953 2388 1103 2431 Apuleii.
1146 2388 1321 2421 Videlicet
1345 2387 1397 2419 ita
1425 2385 1657 2426 existimabat,

952 2439 1105 2478 defectum
1124 2438 1216 2470 annis
1239 2447 1319 2469 eum
1340 2446 1414 2468 esse
1438 2435 1576 2476 debere,
1599 2434 1657 2467 cui

954 2490 1034 2522 anni
1057 2490 1230 2530 deessent,
1254 2492 1356 2530 atque
1377 2487 1462 2520 adeo
1477 2486 1523 2519 ad
1544 2490 1656 2518 muta-

953 2541 1081 2573 tionem
1097 2540 1130 2572 ei
1145 2537 1410 2580 confugiendum
1424 2535 1502 2569 fuit.
1525 2535 1656 2568 Verum

952 2591 1091 2631 defectus
1111 2590 1201 2622 annis
1225 2593 1292 2629 est,
1313 2587 1370 2630 qui
1386 2596 1458 2628 proe
1474 2585 1570 2618 annis
1594 2595 1656 2618 seu

952 2641 1046 2673 senio
1060 2639 1219 2671 defectus
1235 2642 1306 2669 est:
1322 2636 1444 2676 defecta
1457 2635 1548 2668 urbes
1559 2636 1658 2678 senio,

952 2699 1031 2732 quae
1058 2698 1129 2730 prae
1155 2687 1250 2720 senio
1277 2685 1406 2718 deficit.
1459 2685 1538 2719 Hoc
1564 2685 1657 2721 enim

951 2739 1122 2783 significat
1148 2739 1298 2779 desectus,
1330 2741 1371 2769 ut
1409 2745 1454 2769 ex
1495 2736 1657 2780 Phaedro,

951 2790 1153 2832 Columella,
1180 2787 1339 2831 Apuleio,
1360 2797 1426 2820 nec
1445 2796 1516 2820 non
1528 2786 1655 2821 Tacito

951 2846 1100 2877 constat.
1126 2882 1131 2887 ,
1153 2841 1244 2875 Nam
1272 2849 1350 2875 cum
1376 2839 1433 2873 hic
1462 2842 1654 2882 postremus
