1806 3236
203 224 290 268 434

205 326 389 360 admodum
413 334 535 367 parva3
575 327 679 356 tenere
706 326 820 355 autem
846 319 913 356 hoc

204 382 281 412 loco
308 382 375 418 est,
399 375 589 419 possidere,
605 375 639 406 in
656 384 715 406 sua
738 377 912 416 potestate

203 430 345 469 habere,
362 433 400 460 ut
415 426 506 468 apud
522 424 724 466 Virgilium:
744 419 914 456 ‘Genitor

205 484 277 512 tum
291 478 396 511 Belus
409 475 557 517 opimam
569 474 738 506 Vastabat
749 474 915 515 Cyprum,

206 534 243 563 et
259 529 366 561 victor
392 526 521 558 ditione
544 523 711 557 tenebat.’
744 523 913 555 Horatius

206 579 274 611 Od.
290 586 347 609 111.
363 578 418 609 26.
439 575 449 593 ‘
468 574 515 615 O,
540 584 618 614 quae
634 573 785 613 beatam,
809 572 915 614 Diva,

205 634 302 660 tenes
319 624 497 668 cyprum!
527 623 610 657 Vid.
622 625 753 656 Muret.
771 628 854 655 tom.
872 632 914 656 11.

205 679 315 720 Oper.
328 677 477 721 lugolst.
492 675 603 717 Epist.
615 674 659 707 ad
674 673 806 706 Anton.
828 673 916 706 Con·

204 732 309 760 stant.
329 737 405 769 pag.
424 729 500 759 352.
515 725 575 758 ubi
590 724 756 769 explicat,
771 723 854 766 quid
870 723 917 756 sit

204 782 309 810 tenere
325 783 360 810 et
368 772 537 818 possidere.
583 776 771 816 Eleganter
787 783 867 806 vero
881 777 918 806 et

204 828 344 870 proprie
369 826 455 859 iliud
477 826 621 860 verbum
645 826 689 858 de
710 824 917 858 meretriciis

206 875 376 911 amoribus
397 881 595 918 usurpatur,
610 879 647 908 et
672 876 768 907 nulla
783 880 836 908 est
850 884 918 907 vox

206 927 468 962 convenientior
493 931 530 959 et
552 926 664 968 magis
689 926 832 967 propria
847 934 919 957 mn-

205 978 356 1011 lierculis
393 976 574 1021 ejusmodi,
603 976 715 1018 qualis
753 975 811 1007 illa
839 978 917 1007 est:

207 1028 329 1060 Mulier
353 1037 414 1060 non
436 1027 526 1058 rudis
539 1025 629 1068 (sive
654 1029 693 1070 nt
715 1025 798 1058 alibi
823 1025 919 1058 Naso

208 1074 375 1111 Amorum
401 1069 463 1108 lib.
493 1086 537 1109 11.
561 1077 659 1118 Eleg.
676 1067 708 1110 8.
732 1068 934 1110 ’.Ῑιιειιιιᾱὰ

206 1137 273 1161 non
288 1127 418 1159 rustica
434 1128 574 1167 cognita
586 1126 703 1167 furto;
694 1126 716 1145 ·’
739 1127 795 1159 vel
810 1127 920 1169 qualis

210 1177 253 1210 ab
278 1176 488 1209 Aristaeneto
515 1177 626 1218 Epist.
641 1176 700 1209 lib.
726 1185 767 1209 11.
788 1179 840 1208 18.
862 1175 921 1208 de-

209 1226 373 1259 scribitur
400 1225 531 1264 Πολλὴν
554 1225 693 1266 ἐχούσαν
705 1226 763 1258 τοῦ
778 1224 921 1267 πράγμα-

209 1289 264 1309 τος
289 1275 457 1319 ἐμπειρίαν)
471 1277 595 1309 tenebat
610 1278 774 1318 quendam,
788 1276 923 1308 scilicet

212 1336 329 1360 amore
346 1326 551 1359 obstrictum
568 1327 643 1367 sibi,
659 1327 754 1358 velut
769 1325 925 1368 vinculis,

209 1382 250 1410 ut
267 1376 376 1418 apud
383 1369 507 1409 catull.
539 1367 928 1417 Ρὴῑεᾱιίξΐέιιιίὶίαῑειιι,

212 1427 256 1459 de
272 1426 401 1468 nuptiis
418 1426 518 1458 Pelei
535 1429 572 1458 et
586 1425 769 1458 Thetidos.
806 1425 816 1443 ‘
831 1425 924 1457 Tene

214 1476 338 1509 Thetis
375 1476 488 1508 tenuit
525 1475 756 1518 pulcherrima
788 1474 924 1516 Neptu-

214 1527 292 1559 nine
306 1526 328 1558 ?’
352 1526 394 1558 Id
412 1529 478 1566 est,
505 1536 546 1558 an
564 1529 600 1558 te
616 1534 731 1557 amore
755 1529 897 1566 ceperat
913 1524 924 1556 ?

214 1577 318 1610 Ovid.
331 1576 476 1609 Remed.
488 1575 606 1609 Amor.
623 1586 671 1608 vs.
684 1578 758 1608 457.
774 1576 784 1593 ‘
800 1576 846 1607 Et
859 1575 925 1607 Pa-

216 1629 268 1661 rin
284 1630 420 1662 OEnone
446 1638 594 1660 summos
620 1628 791 1660 tenuisset
806 1627 849 1659 ad
868 1636 926 1659 an·

216 1688 291 1720 nos,
305 1679 340 1710 Si
355 1688 424 1710 non
436 1678 570 1710 OEbalia
583 1677 707 1719 pellice
721 1677 801 1709 laesa
814 1676 928 1709 foret!

217 1730 373 1762 Martial.
398 1729 500 1771 Epig.
526 1728 586 1760 lib.
605 1737 658 1760 xl.
674 1731 727 1760 41.
760 1728 770 1746 ‘
788 1728 927 1759 Formo-

218 1791 290 1813 sam
320 1780 498 1822 Glyceren
529 1783 622 1811 amat
655 1780 844 1820 Lupercus,
880 1778 928 1811 Et

218 1832 308 1864 solus
336 1829 457 1863 tenet!
503 1828 570 1862 Sed
604 1829 751 1860 omnium
780 1827 927 1860 maxime

218 1882 262 1915 ad
278 1891 350 1914 rem
373 1879 545 1912 fallaciam
569 1878 791 1911 meretricum
816 1882 928 1910 osten·

220 1932 273 1965 dit
288 1931 431 1971 Ennius,
447 1934 484 1962 ut
500 1929 591 1972 apud
615 1929 741 1961 Isidor.
759 1931 812 1960 est
827 1928 927 1970 Orig.

219 1982 281 2014 lib.
297 1991 323 2014 1.
336 1984 389 2013 25.
404 1980 475 2012 sive
488 1978 604 2012 Naevii
616 1989 634 2011 e
645 1977 830 2010 Tarentilla
844 1977 929 2009 illud

223 2040 287 2074 est,
300 2037 338 2065 ut
354 2033 477 2064 Festus
491 2030 629 2062 videtur
651 2029 761 2061 velle:
787 2027 797 2045 ‘
813 2026 929 2060 Alium

224 2086 334 2123 tenet,
365 2081 423 2113 alii
452 2084 565 2121 nutat,
606 2079 686 2112 alibi
715 2088 835 2111 manus
865 2079 930 2110 Est

224 2135 406 2173 occupata,
432 2130 490 2163 alii
519 2130 682 2174 perpellit
703 2129 840 2171 pedem,
858 2127 930 2161 Alii

225 2183 386 2215 annulum
413 2180 474 2213 dat
504 2179 730 2222 spectandum
756 2189 776 2210 a
802 2177 930 2210 labris!

225 2232 356 2263 Versus
382 2230 530 2262 venusti.
586 2229 822 2269 Meretricula,
848 2228 929 2259 dum

225 2282 328 2313 alium
359 2283 455 2313 tenet
490 2279 672 2318 irretitum,
704 2278 778 2309 aliis
816 2282 929 2309 tamen

225 2323 312 2362 nutu
325 2333 361 2362 et
376 2329 536 2371 ejuslibet
551 2327 703 2370 gestibus
716 2336 865 2359 amorem
881 2327 930 2359 in-

227 2381 350 2412 sinuat.
377 2378 446 2411 Sed
463 2382 617 2410 extrema
633 2377 748 2418 verba,
764 2376 930 2418 quidquid

227 2431 403 2476 explicent
418 2427 569 2469 Eruditi,
583 2431 745 2468 corrupta
760 2436 845 2464 esse,
861 2431 931 2458 tam

161 2467 342 2522 jss'fflri,
371 2490 471 2523 quam
498 2478 679 2511 latinitatis
709 2477 811 2516 ratio,
848 2477 930 2509 satis

231 2531 454 2563 demonstrat.
504 2527 729 2562 Scribendum
755 2526 844 2559 forte
869 2530 933 2568 est,

230 2581 287 2614 alii
313 2581 428 2618 lubris;
465 2580 610 2620 scilicet,
635 2577 694 2610 dat
719 2577 851 2618 signum
878 2577 933 2608 vel

231 2631 341 2663 simile
358 2623 460 2673 quid,
483 2629 572 2672 quod
597 2629 633 2660 in
653 2621 810 2679 seqiienti
832 2636 934 2658 versu

232 2680 310 2714 fuit.
355 2681 411 2713 Sic
426 2680 537 2713 Tibul.
551 2680 649 2721 Eleg.
663 2687 689 2712 1.
704 2681 735 2710 2.
756 2677 766 2694 ‘
782 2677 847 2709 Illa
861 2677 933 2708 viro

233 2740 345 2763 coram
360 2735 461 2763 nutus
485 2728 646 2762 conferre
659 2724 841 2770 loquaces!
868 2725 935 2757 Vel

233 2782 414 2822 legendum
440 2781 499 2814 alii
524 2790 544 2813 o
565 2779 671 2822 lalm'e,
694 2776 828 2811 scilicet
852 2785 935 2818 pen·

661 229 805 262 NOTAE
837 222 1108 265 VARmRUM
1139 229 1192 263 m

962 322 1035 364 det,
1051 322 1140 365 qnod
1164 324 1199 356 in
1214 322 1434 366 sequentibus
1449 323 1534 366 suin
1553 324 1672 367 vebs}

962 373 1027 406 hoc
1042 373 1198 416 nolimus,
1212 373 1348 415 integra
1363 374 1432 407 erit
1452 374 1595 416 locutio,
1608 375 1674 414 alii

963 425 1011 455 est
1034 432 1055 455 a
1079 423 1184 456 labris.
1231 424 1289 457 Sic
1313 424 1357 456 de
1373 425 1493 466 AEnea,
1519 424 1669 458 Didonis

965 473 1134 506 amoribus
1168 473 1318 515 irretito,
1352 475 1476 516 Virgil.
1519 475 1530 494 ‘
1546 462 1671 509 Hune

963 517 1142 556 Phoenissa
1154 527 1251 558 tenet
1264 524 1372 565 Dido,
1387 524 1587 567 blandisque
1601 531 1673 559 mo-

963 577 1060 605 ratur
1073 572 1246 606 Vocibus?
1288 573 1394 616 Apud
1419 574 1558 619 Apulei.
1581 575 1672 608 Mat.

963 622 1024 655 lib.
1051 631 1112 655 ιιι.
1134 624 1259 656 Lucius
1284 624 1328 656 ad
1351 625 1538 661 scortulum
1551 634 1672 669 suum:

965 674 1078 717 ‘Cum
1091 683 1227 715 semper
1249 674 1374 716 alioqui
1397 679 1587 717 spretorem
1601 684 1674 718 mn·

966 723 1153 760 tronaiium
1178 725 1410 766 amplexuum,
1431 725 1481 760 sie
1506 726 1576 762 tuis
1600 726 1677 760 istis

965 774 1171 807 micantibus
1187 775 1306 816 oculis,
1321 778 1358 808 et
1373 774 1580 813 rnbentibun
1590 775 1676 812 bac-

967 825 1064 866 culis,
1089 828 1126 858 et
1146 825 1377 861 renitentibus
1393 825 1565 869 ιιιὶιιίὶιιιολ
1573 825 1679 866 etta-

967 875 1104 908 antibus
1119 875 1254 917 osculis,
1269 879 1306 908 et
1321 874 1547 922 flagrantibus
1565 875 1681 919 mut*

967 925 1009 959 lis
1032 925 1069 957 in
1085 925 1247 958 servilem
1266 925 1404 965 modum
1429 926 1606 966 addictum
1627 930 1680 960 at·

969 985 1035 1018 que
1064 976 1301 1017 mancipatum
1334 979 1453 1014 teneas
1481 976 1679 1012 volentem-¹

967 1026 1092 1061 Tibull.
1107 1027 1209 1068 Eleg.
1225 1035 1251 1059 1.
1264 1029 1296 1061 1.
1320 1026 1330 1045 ‘
1347 1027 1409 1059 Me
1420 1025 1684 1062 retinentum-

969 1080 1043 1109 tum
1070 1075 1228 1110 formosas
1243 1076 1359 1110 vincla
1382 1075 1533 1118 puellas?
1565 1075 1682 1111 cami.

970 1128 1037 1169 Ep.
1066 1136 1119 1161 xi.
1142 1128 1152 1146 ‘
1170 1128 1256 1162 Cum
1284 1126 1353 1161 suis
1376 1126 1475 1161 vivat
1495 1126 1682 1170 valestqse,

970 1176 1124 1219 moechis,
1140 1178 1234 1211 Quos
1257 1177 1356 1210 simul
1378 1177 1561 1218 complexa
1581 1180 1683 1214 ,tenet

971 1230 1163 1272 trecentos,
1187 1227 1331 1259 Nullum
1357 1236 1473 1266 amans
1497 1235 1593 1268 vere,
1618 1226 1682 1266 sed

970 1275 1159 1308 identidem
1195 1276 1347 1308 omnium
1389 1275 1456 1308 Ilia
1491 1275 1681 1317 rumpent-²

972 1326 1070 1367 Virg.
1085 1326 1159 1358 Ecl.
1175 1335 1202 1358 1.
1223 1327 1234 1344 ‘
1253 1326 1338 1358 Cum
1350 1335 1405 1364 me
1423 1325 1575 1362 Galatea
1587 1329 1683 1363 tene-

971 1375 1054 1409 bat!
1078 1375 1181 1409 Ovid.
1210 1376 1550 1414 Heroid.111.131.
1582 1377 1593 1396 ‘
1616 1377 1685 1413 Est

973 1426 1102 1469 aliquid
1119 1426 1243 1459 collum
1271 1426 1380 1459 solitis
1404 1427 1556 1466 tenuisse
1561 1426 1682 1466 laeet-

973 1476 1041 1509 tis!
1084 1476 1142 1509 Ita
1155 1477 1234 1518 lego
1250 1486 1294 1508 ex
1319 1477 1432 1509 altero
1448 1476 1611 1515 Rememi
1624 1482 1681 1513 co·

975 1526 1053 1559 dice
1078 1525 1219 1569 optimas
1244 1529 1360 1565 notae3
1397 1525 1505 1567 vulgo
1529 1519 1685 1566 ulmae.

974 1576 1131 1617 Videtur
1153 1579 1267 1608 autem
1295 1549 1466 1618 Phaedrus
1491 1574 1526 1616 in
1563 1579 1688 1621 mente

975 1614 1136 1658 habuisse
1150 1625 1264 1657 locum
1279 1624 1434 1667 Lucretii
1444 1622 1509 1667 lib.
1524 1633 1576 1666 ns.
1591 1622 1688 1665 ,05¹3oe

975 1675 1091 1716 finem,
1108 1675 1152 1707 de
1174 1674 1299 1707 astutis
1314 1673 1483 1716 ejusmodi
1503 1673 1687 1715 muliercuq

977 1724 1042 1757 lis:
1077 1726 1088 1742 ‘
1114 1724 1240 1756 Omnia
1265 1724 1481 1766 summopere
1510 1722 1579 1764 hos*
1600 1723 1684 1764 vitae

977 1774 1173 1816 postscenia
1198 1773 1324 1815 celant,
1345 1773 1441 1814 Quos
1463 1772 1613 1805 retinere
1627 1782 1687 1813 γο-

976 1825 1067 1864 lunt,
1102 1822 1330 1865 astrictosque
1368 1831 1445 1855 esse
1472 1821 1510 1854 in
1545 1822 1686 1855 amore!

979 1867 1057 1905 Hoc
1072 1876 1144 1905 est:
1170 1872 1310 1912 Omnia,
1332 1882 1410 1915 quae
1437 1872 1687 1915 ejusmodirun-

976 1923 1077 1956 lieres
1106 1922 1176 1955 suis
1206 1922 1415 1956 amatoribus
1444 1923 1582 1955 occulta
1610 1932 1688 1956 esse

978 1969 1110 2014 uolunt,
1125 1982 1185 2005 eos
1202 1968 1341 2014 celant}
1371 1973 1438 2006 hoc
1454 1972 1544 2006 enim
1559 1972 1703 2016 Sfssnffir
1756 1997 1761 2004 .

980 2027 1063 2056 cant
1076 2023 1176 2054 n‘uuis
1192 2023 1341 2064 occulta,
1356 2031 1433 2064 quae
1450 2025 1530 2063 post
1550 2024 1687 2065 scenam

979 2073 1078 2107 fiunt.
1114 2072 1173 2106 Ita
1186 2079 1322 2115 quoqne
1337 2072 1410 2104 haec
1426 2071 1550 2117 mulier
1563 2071 1689 2112 virum,

979 2133 1081 2167 quem
1110 2122 1266 2164 tenebat,
1288 2131 1394 2155 annos
1413 2111 1549 2154 celabat
1569 2120 1688 2155 fucata

981 2179 1017 2223 et
1032 2173 1148 2206 fallaci
1166 2166 1351 2216 elegantia.
1377 2172 1464 2205 Gud.

1027 2223 1175 2265 Cnidum]
1194 2224 1345 2255 Veteres
1358 2221 1521 2264 quoedam3
1542 2221 1691 2254 mutavit

981 2273 1167 2314 Rigaltius,
1195 2275 1338 2319 propter
1362 2280 1508 2313 sequens
1541 2271 1690 2315 Tegebat.

981 2324 1122 2356 Scilicet
1148 2333 1223 2365 quae
1252 2321 1410 2367 tegebat,
1437 2316 1506 2354 fuit
1531 2329 1630 2365 anns,
1650 2325 1691 2354 ut

981 2376 1098 2417 palam
1113 2378 1166 2407 est
1189 2384 1232 2405 ex
1258 2371 1496 2415 sequentibus.
1540 2369 1598 2404 At
1603 2370 1688 2402 illud

982 2426 1104 2459 AEtatis
1127 2424 1236 2457 medice
1259 2420 1408 2457 refertur
1433 2420 1478 2454 ad
1507 2420 1632 2465 virum,
1650 2426 1691 2452 ut

983 2474 1126 2517 proinde
1168 2467 1292 2516 juncta
1327 2472 1521 2511 videantur,
1554 2461 1690 2509 regebat

983 2526 1106 2559 cuidam
1143 2524 1265 2557 AEtatis
1297 2522 1416 2561 media.
1482 2514 1600 2565 Atque
1637 2519 1688 2552 sic

984 2572 1254 2608 Freinshemius.
1288 2572 1298 2590 ‘
1312 2572 1405 2604 Satis
1420 2569 1605 2611 indicatur,
1631 2570 1691 2602 ali-

984 2634 1083 2667 quem
1109 2623 1214 2656 fuisse
1239 2619 1394 2664 deditum
1421 2616 1527 2653 amori
1549 2614 1688 2662 vetulae,

985 2674 1047 2707 sed
1065 2674 1149 2706 scite
1167 2673 1314 2715 tegentis
1330 2676 1366 2705 et
1380 2669 1586 2704 occultantis
1607 2675 1689 2703 aeta-

985 2724 1079 2757 tem.'
1121 2722 1250 2756 Verum
1276 2732 1395 2764 parum
1425 2720 1588 2754 convenit
1613 2720 1689 2752 brec

986 2774 1169 2818 explicatio
1186 2771 1420 2816 sequentibus.
1458 2771 1528 2806 Cur
1543 2769 1631 2804 enim
1647 2769 1692 2809 ei,
