1806 3236
249 248 338 291 640

252 362 346 385 mere
371 353 406 385 in
428 353 551 392 mediis
577 352 807 386 dissoluantur
834 352 955 396 aquis?

253 402 359 443 Schef.

295 456 334 486 11
359 454 410 486 Hi
425 454 543 496 Zonas]
567 455 656 487 Vide
669 455 805 488 omuino
815 455 959 488 Meursii

251 505 446 538 mantissam
464 505 500 537 in
517 506 641 539 librum
665 506 710 540 de
731 507 813 539 luxu
837 508 960 540 Roma-

250 565 370 587 norum
390 566 467 597 pag.
483 558 538 588 85.
559 555 722 589 editionis
750 557 882 598 primm,
898 557 959 589 ubi

252 605 336 638 dicit
351 606 384 637 in
400 606 492 638 zonis
508 616 687 639 crumenas
701 606 816 641 fuisse.
841 608 926 640 Gud.

294 657 416 699 zonas]
439 657 528 691 Haec
543 658 657 692 hiulca
669 663 761 700 sunt,
776 669 888 702 neque
905 669 960 692 co-

251 708 398 742 haerent.
442 709 622 743 Exciderit
636 710 810 743 minimum
841 720 961 743 versus

253 770 351 792 unus.
375 760 495 793 Meurs.
553 760 596 793 In
624 761 746 804 quibus
777 761 962 803 repositam

251 810 424 843 habebant
439 812 518 844 olim
535 813 728 855 pecuniam,
739 817 779 845 ut
792 813 963 854 hodieque

253 860 294 894 fit
311 861 353 894 ab
377 862 567 909 Hungaris,
594 864 782 907 vicinisque
799 864 961 906 ipsorum.

253 914 417 947 Meminit
434 915 601 948 Horatius
613 917 678 958 Ep.
695 926 736 949 11.
752 920 783 950 2.
805 921 841 950 et
858 916 963 950 Gelli-

253 975 292 997 us
309 975 372 998 xv,
386 975 464 1008 cap.
483 969 535 999 12.
548 971 587 999 ut
602 967 753 1000 ostendit
768 968 962 1000 Rittersliu-

253 1016 335 1057 sius,
350 1016 473 1059 quibus
487 1024 631 1059 possunt
643 1018 722 1050 addi
735 1018 832 1050 Suet.
843 1018 962 1050 Vitell.

259 1078 290 1100 c.
307 1071 358 1100 16.
374 1067 540 1110 Apuleius
567 1068 666 1102 Asin.
688 1078 756 1102 vn.
780 1073 816 1101 et
831 1068 960 1101 similli-

258 1127 332 1150 mus
355 1119 434 1151 huic
449 1120 543 1151 locus
556 1119 637 1152 Juv.
663 1121 736 1153 Sat.
754 1129 833 1153 xiv.
855 1118 962 1159 Schef.

256 1169 374 1210 Forte,
391 1169 440 1201 Hi
453 1180 531 1202 zona
544 1174 575 1203 et
595 1171 646 1203 illi
660 1181 710 1203 res
733 1171 888 1213 pretiosas
901 1171 962 1202 col-

253 1220 374 1260 ligunt.-
397 1220 431 1253 in
456 1222 547 1254 zonis
568 1223 658 1254 enim
683 1223 829 1265 pecunia
854 1227 890 1255 et
907 1231 961 1254 res

254 1271 418 1312 pretiosae
435 1272 725 1307 recondebantur.
747 1273 861 1307 Heius.

297 1321 416 1362 Zonas]
439 1322 481 1354 In
503 1322 625 1364 quibus
650 1323 823 1356 conditam
850 1327 962 1365 gesta-

254 1372 339 1404 bant
355 1374 546 1414 pecuniam.
592 1374 649 1406 Sic
675 1375 782 1406 utitur
797 1374 963 1407 Horatius

254 1423 322 1465 Ep.
336 1432 376 1456 11.
389 1426 422 1457 2.
445 1425 455 1442 6
470 1424 543 1456 Ibit
554 1434 606 1466 eo,
621 1435 688 1468 quo
701 1425 831 1468 vis‚qui
845 1435 964 1458 zonam

255 1475 421 1517 perdidit,
440 1476 573 1518 inquit!
617 1478 674 1510 De
699 1488 767 1520 quo
784 1477 962 1520 proverbio

254 1525 335 1557 vide
354 1526 533 1559 Erasmum
557 1527 644 1560 Chil.
659 1538 686 1561 1.
710 1528 810 1561 Ceut.
826 1537 860 1560 v.
877 1528 962 1560 Pro·

252 1576 349 1609 verb.
383 1586 462 1610 xvi.
501 1579 687 1621 Eleganter
716 1580 756 1613 C.
786 1580 965 1614 Gracchus

253 1627 346 1668 apud
369 1627 522 1661 Gellium
545 1630 602 1662 lib.
618 1639 680 1663 xv,
703 1641 733 1663 c.
752 1634 805 1664 12.
825 1632 835 1649 ‘
849 1632 963 1664 Zonas

257 1687 343 1720 quas
370 1679 489 1720 plenas
515 1681 650 1722 argenti
681 1683 802 1723 extuli,
831 1692 888 1714 eas
919 1692 963 1714 ex

256 1729 437 1770 provincia
466 1731 587 1763 inanes
619 1732 745 1765 retuli!
792 1733 895 1772 Quia,
924 1737 964 1764 ut

258 1779 429 1811 Martialis
446 1781 508 1820 ait,
529 1782 538 1798 ‘
552 1782 693 1823 Semper
709 1782 894 1824 pauperior
910 1791 962 1814 re-

257 1828 310 1862 dit
328 1830 501 1870 potestas!
527 1831 609 1864 Ritt.

299 1882 340 1912 12
363 1880 559 1923 Subsidium]
594 1882 677 1923 Pro,
704 1882 738 1914 in
762 1881 961 1922 subsidium,

255 1934 294 1966 ut
317 1930 504 1963 subsidium
521 1933 659 1974 aliquod
684 1933 859 1966 haberent.
903 1933 962 1966 Sic

254 1983 398 2016 Tacitus
411 1981 502 2016 Anu.
517 1993 541 2017 1.
554 1987 585 2017 3.
606 1986 616 2003 ‘
627 1984 803 2027 Augustus
814 1985 964 2018 subsidia

255 2033 483 2066 dominationi
501 2035 553 2068 Cl.
570 2036 775 2069 Marcellum
792 2036 903 2069 curuli
920 2047 964 2068 ae-

255 2085 402 2126 dilitate,
417 2086 467 2118 M.
484 2086 672 2128 Agrippam
688 2088 868 2129 geminatis
885 2097 964 2120 con-

257 2135 441 2176 sulatibus,
472 2137 622 2169 extulit!
658 2137 763 2178 Schef.
816 2138 826 2155 ‘
842 2138 964 2170 Praesi-

256 2187 348 2219 dium
360 2185 370 2201 '
381 2181 383 2183 ¹
399 2187 502 2219 etiam
533 2189 715 2230 pecuniam
749 2197 965 2222 numeratam

256 2236 325 2270 dici
347 2237 493 2270 vidimus
519 2239 563 2271 ad
586 2240 730 2272 Petron.
759 2251 836 2282 cap.
856 2249 964 2273 Lxxv.

303 2289 440 2325 Quidam
456 2290 622 2331 curiosior]
646 2291 700 2322 Ita
714 2291 771 2324 lib.
787 2300 844 2324 111.
860 2291 870 2308 ‘
881 2291 966 2325 Qui-

257 2338 336 2371 dam
353 2349 372 2370 e
389 2339 491 2372 turba
507 2340 685 2381 garrulus.'
712 2341 797 2374 Gud.

303 2389 479 2431 Curiosior]
503 2392 642 2433 Supple,
654 2402 841 2425 conversus
858 2392 900 2424 ad
914 2393 966 2425 Si-

258 2440 429 2473 monidem
469 2441 529 2474 ait.
592 2442 768 2482 Curiosior‚
799 2444 938 2484 proprie
955 2454 965 2482 ;

258 2492 308 2524 sic
324 2492 413 2524 enim
440 2496 618 2534 vocantur,
643 2493 700 2535 qui
729 2493 866 2524 solliciti
887 2498 966 2525 snut

261 2543 303 2574 de
320 2543 407 2575 aliis.
451 2543 568 2575 Plaut.
591 2544 699 2576 Stich.
724 2548 792 2576 act.
810 2553 853 2576 11.
869 2554 918 2576 sc.
934 2548 966 2576 1.

258 2593 267 2611 ‘
282 2593 351 2625 Sed
367 2594 492 2626 curiosi
509 2599 589 2626 sunt
603 2595 656 2627 liic
669 2595 861 2637 complures
875 2595 967 2636 mali,

260 2643 403 2676 Alienas
425 2654 479 2676 res
508 2645 566 2687 qui
587 2649 709 2678 curant
724 2645 837 2678 studio
861 2646 967 2678 maxi-

261 2694 341 2727 mo.'
365 2694 472 2735 Schef.

304 2747 346 2776 14
371 2745 513 2786 Mecum]
564 2744 669 2787 Apud
707 2756 772 2778 me.
812 2745 967 2788 optime.

262 2793 433 2836 Respexit
446 2795 628 2836 Virgilium
640 2806 748 2837 suum,
760 2796 817 2838 qui
827 2796 876 2828 sic
890 2795 966 2827 AEn.

263 2853 313 2878 ιν.
335 2845 345 2862 6
364 2845 502 2878 Mecum
519 2846 586 2879 erit
601 2846 666 2879 iste
682 2847 801 2880 labor.'
854 2847 967 2880 Etiam

722 259 868 291 No'rAE
898 259 1168 292 VARIORUM
1201 260 1251 292 lN

1007 354 1189 388 Terentius
1198 354 1263 387 hoc
1274 354 1375 387 modo
1388 354 1424 387 in
1438 352 1540 388 Adel.
1555 363 1604 388 iv.
1619 362 1668 388 se.
1678 356 1714 388 2.

1009 404 1118 444 Schef.
1162 406 1208 438 V.
1224 415 1300 447 sup.
1317 405 1360 438 ad
1376 405 1437 437 lib.
1453 409 1494 438 xi.
1506 404 1578 438 fab.
1592 409 1625 438 6.

1053 455 1211 498 Enotant]
1249 457 1358 496 Bene,
1385 462 1424 488 ut
1449 456 1494 490 de
1520 455 1711 498 naufragis,

1010 516 1087 539 cum
1112 507 1272 540 miserum
1297 515 1415 540 eorum
1443 511 1572 540 statum
1600 507 1715 550 expri-

1010 562 1093 591 mat.
1114 558 1221 596 Schef.

1055 611 1095 641 17
1120 608 1265 650 Extulit]
1281 608 1312 641 E
1323 608 1409 641 mari
1419 608 1566 650 scilicet,
1578 617 1620 642 ιο
1630 617 1715 642 nau·

1011 659 1134 702 fragio.
1178 660 1361 693 Absolute.
1403 660 1526 694 Cicero
1554 661 1621 703 Ep.
1644 668 1714 694 vn.

1013 715 1067 744 18.
1084 715 1094 730 6
1106 712 1127 745 J
1132 722 1186 744 am
1201 711 1269 744 ista
1283 715 1343 744 tua
1353 711 1459 753 culpa
1471 717 1540 752 est,
1548 711 1606 754 qui
1619 720 1716 745 vere-

1011 762 1169 795 cundiam
1184 767 1298 795 tecum
1315 763 1502 804 extuleris,
1514 766 1554 797 et
1573 771 1643 796 nou
1655 762 1714 795 bic

1011 814 1188 847 nobiscum
1204 813 1405 856 reliqueris!
1425 813 1545 853 Sches..
1693 835 1698 838 -

1055 868 1097 897 18
1120 865 1258 906 Antiqua
1267 865 1335 906 fuit
1355 864 1444 907 urbs]
1465 865 1534 898 Ms-
1558 864 1717 908 Natiqu-

1003 915 1072 956 fuit
1086 915 1172 948 urbs.
1193 915 1287 948 Gnd.

1053 970 1096 999 20
1119 967 1308 1009 Simonidis]
1330 968 1436 1009 Lege,
1457 966 1626 1008 ιςὶπωιάάί,
1639 977 1718 1010 pro,

1011 1018 1211 1051 Simonidei.
1254 1018 1310 1050 Sic
1339 1010 1470 1051 Auson.
1504 1019 1517 1054 ‘⁴
1539 1017 1643 1052 Musa
1665 1018 1717 1051 Si-

1011 1068 1194 1108 monidei;’
1226 1068 1275 1101 sic
1306 1071 1316 1088 ‘
1346 1068 1514 1110 Achillei,'
1538 1067 1715 1112 ‘mysni’

1012 1123 1049 1152 et
1069 1120 1079 1136 ‘
1095 1119 1267 1159 Achillei,'
1289 1122 1355 1153 ὅτε.
1377 1120 1492 1155 Heius.

1060 1169 1190 1211 Versus]
1206 1170 1272 1203 Ms.
1282 1180 1385 1204 verus.
1407 1171 1500 1204 Gud.

1055 1224 1097 1253 22
1120 1221 1267 1254 Sermone
1293 1222 1333 1253 ab
1357 1221 1441 1264 ipso]
1466 1222 1576 1264 Vulgo
1605 1221 1715 1262 aiunt,

1012 1271 1023 1290 ‘
1039 1272 1092 1303 Ex
1109 1272 1207 1313 ipso?
1252 1272 1323 1305 Sed
1349 1273 1404 1306 hic
1425 1283 1558 1308 rursum
1582 1273 1717 1307 locutus

1013 1332 1090 1354 cum
1120 1323 1264 1364 Virgilio
1301 1323 1449 1365 videtur,
1481 1323 1540 1366 qui
1568 1324 1645 1357 ΕΩ.
1673 1332 1716 1356 n.

1014 1374 1024 1392 ‘
1042 1373 1194 1406 Crimine
1209 1373 1252 1405 ab
1267 1383 1335 1406 uno
1350 1374 1458 1406 Disce
1478 1383 1593 1407 omnes
1605 1374 1629 1406 :'
1649 1374 1718 1416 ipso

1013 1427 1068 1455 est
1096 1423 1350 1464 emphaticnm;
1394 1424 1481 1465 vult,
1519 1424 1718 1466 priusquam

1012 1474 1184 1506 indicaret
1224 1484 1348 1506 nomen
1389 1485 1499 1516 suum,
1542 1475 1718 1517 cognitum

1013 1524 1129 1558 fuisse.
1152 1524 1258 1564 Schef.

1057 1574 1206 1608 Sermone
1229 1575 1269 1607 ab
1291 1575 1359 1617 ipso
1382 1576 1556 1619 cognitum]
1575 1575 1721 1610 Petron.

1014 1625 1086 1658 Sat.
1121 1625 1130 1643 ‘
1156 1626 1211 1657 Ex
1241 1626 1446 1668 praescripto
1473 1636 1556 1668 ergo
1585 1626 1720 1660 consilii

1014 1676 1212 1718 communis,
1234 1681 1442 1718 exaggerata
1463 1677 1646 1710 verborum
1660 1686 1720 1709 vo·

1012 1727 1199 1765 lubilitate‚
1212 1726 1303 1759 unde
1316 1731 1376 1759 aut
1386 1727 1443 1770 qui
1454 1737 1618 1768 essemus,
1628 1727 1719 1760 haud

1013 1777 1117 1809 dubie
1132 1777 1354 1809 credentibus
1369 1778 1615 1814 indicavimus)
1638 1777 1718 1819 Rig.

1055 1831 1097 1861 23
1121 1828 1230 1860 Actae
1251 1829 1384 1870 recepit]
1405 1829 1458 1862 Aa
1481 1840 1526 1869 se,
1547 1829 1640 1872 apnfd
1669 1840 1719 1863 se.

1013 1881 1126 1922 Supra
1142 1881 1201 1914 lib.
1215 1889 1272 1912 ιιι.
1297 1879 1319 1912 f.
1335 1883 1368 1914 4.
1391 1881 1402 1899 6
1418 1881 1580 1913 Pendere
1602 1881 1645 1913 ad
1660 1882 1719 1914 >la-

1013 1932 1128 1964 nium!
1161 1932 1203 1964 L.
1221 1941 1270 1971 nv.
1285 1935 1318 1964 7.
1334 1933 1344 1950 6
1357 1932 1508 1974 Serpens
1523 1932 1566 1964 ad
1581 1931 1717 1964 fabrum

1013 1981 1215 2015 ferrarium.²
1239 1983 1318 2024 Rig.
1535 1990 1539 1996 ·

1058 2034 1205 2076 Recepit]
1229 2034 1342 2076 Supra
1368 2033 1427 2066 lib.
1449 2042 1506 2066 ιιι.
1530 2032 1718 2075 proemio:

1014 2085 1024 2104 ‘
1039 2085 1227 2117 Fastidiose
1241 2089 1353 2117 tamen
1366 2085 1400 2116 in
1413 2084 1536 2116 coelum
1549 2082 1722 2126 recipior-³

1015 2135 1132 2169 Alibi:
1168 2136 1178 2154 ‘
1196 2135 1301 2177 AEgre
1315 2134 1473 2177 recepti.'
1517 2136 1528 2153 ‘
1545 2134 1640 2167 Caelo
1665 2144 1719 2167 re-

1016 2187 1163 2230 ceptus!
1206 2187 1216 2204 6
1235 2187 1295 2219 Me
1321 2186 1463 2228 copiosa
1486 2186 1611 2228 recipit
1625 2185 1719 2218 inco-

1017 2239 1142 2271 lumem
1159 2237 1302 2270 domus!
1324 2237 1402 2278 Rz‘g.
1716 2262 1718 2264 -

1060 2288 1215 2330 Familia]
1230 2288 1272 2320 Id
1287 2292 1352 2328 est,
1366 2297 1467 2319 servo
1483 2296 1550 2319 uno
1562 2291 1598 2320 et
1611 2286 1721 2319 altero

1017 2339 1049 2373 ei
1065 2340 1240 2381 adjuncto.
1265 2339 1352 2372 Ritt.

1059 2389 1211 2431 Familia]
1235 2390 1276 2422 Id
1293 2393 1358 2432 est,
1369 2389 1489 2422 servis.
1524 2388 1582 2421 Ita
1596 2398 1720 2430 supra:

1014 2442 1138 2474 ‘Solus
1162 2451 1266 2484 quum
1291 2445 1385 2473 esset
1412 2439 1550 2473 domino
1573 2437 1724 2480 familia,’

1016 2494 1052 2526 id
1067 2498 1133 2535 est,
1147 2502 1277 2525 servus,
1302 2492 1388 2524 Gud.

1059 2547 1102 2577 24
1126 2543 1312 2584 Hominem]
1329 2543 1378 2575 Ut
1393 2550 1497 2584 supra
1511 2550 1553 2574 n.
1569 2550 1600 2574 c.
1615 2542 1647 2573 2.
1662 2539 1722 2572 ubi

1018 2595 1109 2627 vide.
1132 2594 1238 2633 Schef.

1061 2644 1256 2685 Exornavit]
1273 2642 1454 2676 Instruxit.
1477 2641 1569 2674 Plin.
1586 2641 1609 2673 l.
1626 2649 1720 2674 xxx.

1017 2705 1048 2727 c.
1064 2698 1096 2727 1.
1118 2697 1127 2713 6
1146 2695 1307 2737 Ostanes,
1329 2693 1494 2726 comitatu
1521 2692 1594 2734 ejus
1623 2701 1724 2724 exor-

1018 2744 1145 2778 natus!
1190 2745 1313 2777 Cicero
1337 2744 1385 2776 sic
1408 2743 1555 2785 simplici
1571 2747 1626 2775 est
1641 2753 1722 2776 usus

1020 2797 1055 2828 in
1071 2795 1148 2827 Cat.
1162 2797 1195 2833 2,
1219 2795 1228 2812 6
1246 2794 1298 2826 Tu
1315 2793 1418 2835 agris,
1444 2797 1480 2825 tu
1497 2793 1662 2835 aedificiis,
1685 2797 1724 2826 tu

1021 2850 1179 2888 argento,
1203 2848 1241 2877 tu
1262 2843 1404 2886 familia,
1428 2848 1466 2876 tu
1492 2844 1593 2878 rebus
1617 2844 1722 2877 omni-
