1806 3236
236 218 323 262 460

232 330 299 359 rat.
315 326 380 367 Ep.
396 333 420 357 1.
436 327 488 356 14.
511 323 628 362 Schefi·
660 323 750 356 Vide
763 324 938 358 Passerat-

235 376 279 410 ad
293 377 457 419 Propert.
470 385 511 409 11.
526 378 581 408 33.
598 385 633 418 p.
647 378 725 409 388.
739 379 777 408 et
792 376 940 410 Casaub.

234 428 276 460 ad
291 428 418 461 Athen.
435 437 460 460 1.
478 430 530 460 19.

277 480 433 512 Frondem
449 479 594 512 bubulcus
613 480 732 522 adfert]
766 482 941 515 Camerar.

232 541 266 573 p.
280 533 356 563 233.
402 531 482 570 Εἰς.

227 586 231 589 ’
277 582 346 613 Nec
371 581 456 623 ideo]
501 581 730 625 Latinissime,
766 586 806 616 nt
842 584 940 616 solet.

231 631 344 672 Dicit,
370 632 504 664 etiamsi
532 633 703 673 attulerit,
735 633 874 666 dederit
906 633 940 666 in

232 683 368 715 stabulo
383 683 541 726 bovibus,
566 689 681 717 tamen
706 695 774 718 non
801 686 940 719 vidisse.

232 733 362 766 Sumsit
377 738 492 767 autem
508 745 551 767 ex
571 736 731 778 Virgilio,
743 740 782 769 ut
798 742 940 770 caetera.

231 783 399 826 Virgilius
416 785 464 816 sic
481 785 514 816 in
531 786 660 828 Georg.
674 797 699 820 1.
722 787 733 806 ‘
751 787 828 820 Nec
845 788 940 820 cellis

231 836 311 869 ideo
327 837 497 871 contende
510 839 689 872 Falernis!
725 839 831 881 Schef.
876 842 941 873 Le-

233 898 288 931 ge,
312 898 409 931 neque
435 890 523 922 adeo.
579 890 635 923 Sic
662 889 734 923 fab.
758 894 790 924 4.
827 891 886 924 lib.
914 901 940 925 1.

232 940 243 958 ‘
261 940 338 972 Nec
360 949 462 983 quem
489 940 632 982 petebat
648 941 735 974 adeo
762 942 874 984 potuit
889 946 940 975 at-

232 991 393 1033 tingere!
415 992 532 1024 Heius.

274 1045 317 1075 12
343 1043 459 1075 Omnes
479 1042 607 1084 rustici]
653 1043 800 1076 Colonos
815 1043 941 1077 iutelli-

193 1120 196 1123 .
231 1092 297 1136 git,
313 1097 350 1125 et
366 1092 530 1126 familiam
543 1094 618 1136 ejus
635 1095 734 1127 villae.
758 1094 864 1135 Schef.

275 1145 316 1175 13
340 1143 594 1186 Animadvertit]
638 1145 785 1178 Cervum
801 1146 849 1179 ibi
864 1147 941 1180 lati-

229 1198 375 1235 tantem,
388 1204 449 1227 seu
465 1195 592 1237 potius,
605 1195 779 1238 quicquam,
794 1197 884 1239 quod
896 1206 939 1229 ex

230 1244 451 1286 sequentibus
482 1245 585 1278 etiam
621 1247 688 1278 huc
725 1241 940 1279 trahendum.

233 1295 342 1335 Schef.

278 1347 425 1388 Villicus]
448 1347 517 1382 Qui
534 1347 641 1380 totius
657 1348 746 1381 villae
762 1347 868 1381 habet
882 1358 940 1381 cu·

231 1407 317 1439 ram,
339 1403 446 1440 caput
470 1399 606 1431 rusticae
631 1398 782 1432 familiae.
826 1400 940 1432 Varro

231 1449 275 1481 de
288 1449 330 1481 R.
346 1449 390 1481 R.
406 1459 430 1482 1.
443 1453 477 1481 2.
498 1454 602 1482 vocat
624 1451 634 1469 ‘
653 1450 865 1492 Principem,
881 1451 940 1494 qui

231 1500 454 1542 agriculturae
471 1501 703 1543 praeponitur!
727 1501 832 1540 Schqf.

274 1552 314 1582 15
334 1551 460 1588 Quietis
474 1551 568 1593 coepz't
582 1561 676 1593 agere
689 1551 828 1593 gratias]
843 1552 940 1589 Quie-

231 1601 274 1633 tis
288 1602 363 1634 scil.
381 1602 492 1643 gratia
507 1603 562 1634 vel
585 1603 734 1644 nomine,
748 1603 782 1635 id
799 1607 863 1646 est,
878 1613 941 1645 pro

230 1651 368 1694 quiete:
393 1662 449 1693 an,
463 1652 577 1694 quietis
594 1652 723 1687 Bobus?
748 1654 838 1686 Ritt.

276 1702 416 1743 Quietis]
457 1703 499 1735 Id
537 1708 603 1743 est,
643 1704 850 1737 tacentibus.
906 1704 941 1736 1-

230 1752 309 1784 dem
336 1752 473 1785 Graecis
495 1751 625 1793 ἥσυχος.
671 1754 800 1786 ΡναεεΙι.
852 1754 940 1787 Haec

232 1803 418 1843 cohaerent,
434 1812 502 1834 non
513 1803 640 1843 gratias
654 1803 781 1845 quietis.
814 1803 940 1846 Adjec-

230 1852 340 1884 tivum
357 1856 422 1893 est,
437 1862 505 1884 non
518 1854 786 1895 substantivum,
797 1864 861 1887 nec
872 1865 940 1887 am-

231 1903 352 1945 bigere
365 1903 516 1936 debebat
531 1905 790 1946 Rittershusius‚
803 1905 919 1947 quietis
926 1916 939 1943 ,-

231 1964 308 1997 pro,
326 1955 405 1998 quia
418 1955 527 1997 quieti
542 1961 653 1988 erant.
691 1957 799 1993 Quieti
815 1961 940 1998 autem,

231 2005 343 2047 taciti,
355 2015 421 2038 nou
439 2006 623 2047 prodentes
639 2007 848 2039 latitantem.
881 2007 940 2040 Ri-

231 2057 354 2089 micius
368 2061 483 2089 tamen
496 2058 635 2098 gaudem
658 2058 754 2100 legit,
775 2067 838 2100 pro
857 2058 940 2100 quie-

230 2108 288 2140 tis.
309 2107 422 2140 Schef.

230 2174 234 2178 ·
277 2161 319 2191 lo
352 2158 589 2200 Praestiten'nt]
645 2159 804 2200 Proprie.
858 2159 940 2191 Non

233 2209 325 2242 enim
341 2209 491 2250 spatium
506 2208 606 2240 modo
623 2209 741 2241 datum
759 2209 941 2252 significat,

233 2259 295 2292 sed
306 2263 343 2292 et
353 2259 575 2291 securitatem
587 2259 728 2300 hospitii
741 2260 942 2301 proestitam,

233 2319 298 2352 per
327 2309 500 2341 silentium
537 2318 577 2341 ac
602 2309 767 2351 quietem.
825 2308 941 2351 Atque

232 2361 283 2392 ita
306 2359 439 2392 Seneca
463 2359 572 2392 Clem.
587 2368 613 2391 1.
635 2362 667 2392 2.
689 2359 700 2377 ⁴
718 2360 794 2391 Hoc
810 2364 863 2392 est
875 2370 941 2392 non

234 2411 317 2443 dare
349 2413 482 2442 tantum
508 2410 667 2450 salutem,
694 2409 754 2441 sed
786 2414 822 2442 et
856 2420 942 2451 prae-

235 2467 328 2495 stare
339 2461 359 2502 ;'
398 2461 456 2493 ubi
484 2461 593 2501 vides,
621 2461 793 2503 quomodo
820 2471 839 2493 a
867 2463 942 2494 dare

235 2513 477 2555 distinguatur.
522 2511 627 2550 Schqs.
687 2512 865 2543 Manutius
899 2513 943 2544 ad

236 2564 309 2596 Cic.
325 2563 368 2595 ad
384 2564 478 2595 Fam.
497 2572 548 2595 lv.
571 2566 604 2595 8.
629 2566 727 2595 notat
751 2562 841 2595 inter
860 2573 944 2604 proe-

235 2614 306 2646 bere
322 2617 357 2645 et
380 2617 532 2655 proestare
556 2613 619 2645 hoc
641 2612 823 2645 discrimen
837 2613 943 2644 inter-

236 2665 375 2704 cedere,
396 2664 487 2706 quod
503 2664 587 2695 illud
603 2663 705 2696 animi
720 2664 767 2696 sit
782 2664 943 2705 propensi

235 2714 280 2747 ad
299 2714 507 2757 juvandum;
534 2715 598 2747 hoc
613 2724 651 2746 re
666 2715 744 2757 ipsa
757 2719 795 2747 et
809 2715 943 2747 actione

237 2765 447 2798 declarandi.
470 2765 582 2797 Burm.

282 2817 324 2848 18
358 2815 424 2852 Qui
458 2816 560 2848 oculos
584 2815 721 2858 centum]
766 2814 941 2856 Πανόπης.

699 230 843 263 No'rAE
876 230 1148 264 vARtoRUM
1183 233 1236 264 IN

990 324 1171 368 Anonymo
1193 326 1308 370 Argus
1334 327 1402 361 fab.
1427 331 1481 362 58.
1514 326 1695 364 Proschion.

990 376 1123 409 Herum
1145 377 1255 420 ipsum
1282 380 1492 422 periphrasis
1518 391 1559 413 ea
1583 386 1694 423 notat,

991 437 1067 470 quae
1084 429 1263 471 eleganter
1278 440 1394 463 curam
1417 431 1492 473 ejus
1508 442 1549 464 ac
1564 433 1696 475 perspi-

990 479 1119 512 caciam
1135 480 1302 524 depingit,
1315 482 1478 515 allusione
1492 483 1536 515 ad
1551 482 1694 526 Argum.

991 530 1099 570 Schef.
1193 553 1195 556 -

1034 585 1076 615 19
1096 583 1258 625 Ver-tetur]
1279 584 1496 628 Versabitur,
1505 586 1696 620 constituta

991 633 1069 666 erit.
1114 633 1232 667 Plaut.
1249 634 1386 668 Mostel.
1399 640 1465 670 act.
1477 645 1534 669 ιιι.
1550 646 1642 670 scen.
1661 640 1694 670 1.

991 683 1001 702 ‘
1017 683 1098 717 Jam
1111 705 1114 707 -
1127 683 1227 717 homo
1253 685 1287 717 in
1314 691 1508 722 mercatura
1524 688 1694 722 vortitur!

991 735 1100 775 Schef.
1361 738 1365 740 ’

1033 789 1074 819 21
1112 787 1299 830 Corruptos]
1342 790 1564 831 Moeilentos,
1582 792 1694 825 macie

992 837 1159 880 perditos.
1203 839 1359 872 Imitatio
1375 840 1492 873 Graeci
1517 842 1695 884 sermonis,

990 898 1067 921 nam
1084 889 1134 922 ita
1150 894 1293 923 utuntur
1306 892 1351 932 τῷ
1365 890 1610 935 Διαφθείρεσθαι.
1633 893 1698 926 Fa-

991 940 1055 972 ber.
1116 941 1288 983 Rigaltius
1316 943 1445 986 accipit
1481 953 1545 986 pro
1573 945 1695 987 ruptis.

991 990 1062 1023 Sed
1103 990 1269 1025 refellunt
1312 1003 1391 1026 eum
1439 994 1695 1038 subsequentia.

991 1042 1099 1084 Rupti
1113 1052 1258 1086 namque
1278 1054 1346 1077 non
1369 1050 1533 1078 currantur
1555 1046 1696 1088 pabulo.

992 1093 1142 1135 corrupti
1155 1098 1248 1135 sunt,
1263 1096 1352 1127 male
1372 1095 1493 1137 habiti,
1508 1096 1696 1138 macilenti,

989 1144 1098 1175 macie
1114 1144 1252 1186 perditi.
1287 1145 1343 1177 Ita
1355 1146 1486 1187 Caesar,
1501 1154 1694 1190 quenquam

989 1194 1135 1236 plenius,
1167 1196 1177 1213 ‘
1192 1195 1380 1237 Corruptos
1417 1198 1528 1229 macie
1561 1205 1670 1240 equos
1683 1196 1693 1212 '

988 1244 1076 1277 dixit
1092 1246 1134 1279 B.
1150 1245 1195 1278 G.
1210 1255 1267 1278 111.
1291 1245 1398 1285 Sches.

1033 1296 1219 1337 Corruptos]
1251 1296 1294 1329 Id
1309 1301 1375 1339 est,
1389 1302 1521 1341 ruptos.
1563 1299 1695 1332 Salma-

988 1346 1068 1379 sius.
1114 1347 1198 1380 Gud.

1033 1397 1204 1438 Corruptos
1219 1397 1323 1440 boves]
1346 1399 1404 1432 Sic
1429 1401 1439 1419 ‘
1457 1401 1575 1443 Rupta
1589 1402 1694 1437 mula'

988 1449 1143 1480 Martiali
1173 1454 1210 1482 et
1239 1449 1400 1492 Alpheno
1414 1452 1481 1486 JC.
1504 1453 1526 1486 l.
1553 1453 1622 1487 Qui
1643 1453 1694 1486 in-

989 1499 1109 1531 sulam.
1118 1500 1149 1541 §.
1162 1500 1219 1542 qui
1230 1501 1350 1534 mulas.
1364 1502 1410 1534 1).
1421 1503 1538 1535 locati.
1563 1505 1574 1522 ‘
1585 1503 1695 1546 Rupti

989 1549 1130 1591 veredi,’
1145 1549 1275 1583 Auson.
1321 1552 1469 1594 Euporie,
1487 1551 1562 1586 fere
1578 1563 1696 1587 omnes

994 1604 1125 1632 veteres
1141 1601 1189 1633 sic
1211 1601 1466 1644 intellexerunt,
1490 1605 1694 1646 corruperit.

990 1652 1013 1684 Ι.
1035 1651 1071 1683 Si
1095 1661 1212 1684 servus
1237 1661 1384 1685 servum.
1407 1654 1436 1696 ξ.
1481 1654 1599 1698 Inquit
1625 1656 1693 1688 lex.

991 1703 1036 1734 D.
1051 1701 1093 1733 ad
1105 1702 1186 1743 Leg.
1206 1701 1320 1744 Aquil.
1346 1704 1425 1744 Εἰς.

1032 1753 1075 1782 22
1100 1752 1166 1783 Cur
1173 1750 1302 1790 frondis
1312 1762 1425 1793 porum
1439 1754 1500 1795 est]
1526 1755 1629 1787 Hunc
1643 1756 1693 1787 lo·

989 1811 1065 1833 cum
1082 1802 1237 1834 nonnulli
1260 1802 1468 1844 interpretes
1490 1803 1695 1847 imperfecte

990 1855 1212 1892 acceperunt.
1268 1852 1348 1884 Non
1375 1856 1507 1885 tantum
1530 1855 1696 1896 quaeritur

989 1900 1033 1932 de
1047 1900 1186 1933 defectu
1201 1900 1366 1943 alimenti,
1390 1903 1451 1935 sed
1477 1904 1581 1936 etiam
1607 1908 1694 1937 stra-

990 1951 1119 1991 menti;
1152 1955 1327 1984 stramenta
1350 1954 1484 1992 desuut,·
1520 1964 1588 1986 non
1610 1963 1694 1996 ergo

990 2003 1075 2035 satis
1090 2006 1142 2035 est
1165 2001 1349 2044 frondium,
1369 2003 1516 2044 etiamsi,
1531 2013 1616 2046 quas
1637 2013 1695 2037 co-

990 2053 1145 2093 medant,
1157 2053 1319 2094 habeant,
1331 2063 1444 2096 neque
1459 2054 1541 2086 mihi
1553 2054 1694 2088 dubium

991 2107 1057 2144 est,
1074 2103 1152 2145 quin
1168 2113 1212 2135 ex
1227 2107 1404 2145 praecepto
1431 2103 1574 2136 Catonis
1592 2104 1695 2138 Phn-

991 2155 1071 2187 drus
1085 2154 1160 2187 haec
1186 2154 1294 2186 verba
1317 2154 1528 2195 conceperit.
1572 2155 1695 2188 Monet

990 2206 1049 2238 ille
1070 2206 1222 2238 villicum
1246 2204 1291 2237 de
1311 2205 1363 2241 Re
1377 2205 1521 2237 Rustica
1545 2215 1622 2247 cap.
1639 2208 1695 2239 4.:

990 2256 1133 2288 Etiamsi
1143 2254 1272 2297 aliquid
1281 2255 1406 2287 babeas
1414 2254 1694 2298 frondium,quod

991 2306 1096 2338 boves
1112 2306 1316 2345 comedant3
1334 2310 1448 2338 tamen
1460 2307 1559 2339 nimis
1574 2316 1693 2348 parum

991 2363 1046 2391 est
1073 2357 1218 2399 frondis,
1243 2359 1323 2400 quia
1349 2363 1536 2391 stramenta
1559 2358 1693 2391 desunt.

991 2409 1107 2441 Verba
1129 2409 1205 2450 ejus
1221 2413 1320 2441 sunt:
1338 2410 1363 2434 r‘
1380 2409 1577 2441 Stramenta
1590 2409 1620 2440 si
1634 2408 1693 2440 de·

991 2463 1104 2498 erunt,
1118 2458 1274 2490 frondem
1289 2459 1447 2500 iligneam
1471 2460 1590 2500 legito,
1615 2460 1692 2492 eam

990 2510 1200 2542 substernito
1217 2510 1337 2541 ovibus
1352 2509 1552 2551 bubusquess
1575 2510 1694 2552 Sciop-

991 2560 1067 2602 pius
1094 2569 1139 2591 ex
1169 2560 1317 2591 Horatio
1346 2559 1490 2599 notavit,
1515 2558 1693 2592 frondibus

991 2611 1097 2642 boves
1113 2610 1272 2651 saginari.
1316 2609 1385 2641 Sed
1401 2611 1437 2641 et
1451 2613 1586 2641 veteres
1598 2610 1693 2651 glan-

991 2660 1069 2692 dem
1107 2660 1217 2691 bubus
1255 2660 1291 2691 in
1315 2659 1476 2701 pabulum
1508 2659 1691 2692 dederunt.

990 2711 1133 2743 Plautus
1149 2711 1285 2742 Trucul.
1300 2713 1366 2742 act.
1381 2718 1439 2742 ιιι.
1455 2719 1548 2741 scen.
1564 2713 1595 2742 1.
1617 2711 1628 2728 ‘
1643 2711 1693 2743 Ut

992 2760 1100 2793 bubus
1115 2760 1272 2801 glandem
1284 2759 1427 2800 prandio
1438 2760 1698 2802 depromerem.'

990 2811 1072 2845 Vid.
1097 2810 1263 2844 Gronovii
1278 2810 1371 2843 Edit.
1398 2820 1431 2852 p.
1449 2814 1543 2845 1107.
1587 2811 1692 2845 Fron·
