1806 3236
337 244 540 279 PHAEDRI
574 243 685 277 ΕΑΒ.
719 241 1023 276 AESOPIARUM
1058 243 1155 275 11113.
1189 243 1262 276 111.
1298 244 1426 277 EPIL.

148 340 286 384 κισ-σὴς,
298 344 339 376 et
348 341 475 376 utine
494 339 507 361 ⁴
521 339 695 383 Danista,'
708 344 776 382 est,
803 339 864 373 ἰω-

189 444 285 479 nm
295 442 493 486 steinsela]
508 443 634 477 Cicero
642 443 772 486 Philip.
783 452 862 477 xxv.

78 484 87 493 ’
145 494 303 530 ‘Debita
325 505 419 529 mors
432 499 568 529 natnrae
591 495 754 529 reddita.'
786 495 862 528 Ho-

147 549 218 581 rat.
230 546 267 580 in
281 545 396 580 Arte:
418 546 430 565 ⁴
450 547 630 580 Debemur
655 547 760 581 morti
775 547 863 580 nos.'

144 597 294 633 Tertull-
308 591 354 631 dc
378 606 484 632 carne
495 598 628 632 Christi
645 609 677 632 c.
691 601 724 632 6.
758 600 770 618 ‘
781 599 862 632 Mu·

145 653 243 684 tuum
256 648 413 683 debitum
434 654 491 684 est
514 650 609 684 inter
624 660 662 683 se
684 649 860 684 nativitati

145 709 226 734 cnm
269 699 529 734 mortalitate.'‘
573 701 656 735 Vet.
696 701 860 744 inscript.

146 751 360 787 Claro-sont.
384 762 488 796 quam
509 751 683 796 integram
698 762 768 786 una
782 763 860 786 cum

144 803 223 838 aliis
236 812 303 838 nec
317 803 438 847 paucis
458 804 642 838 Arverniae
661 814 861 838 monumen-

145 855 192 889 tis
207 855 347 899 publico
361 854 469 889 debet
482 856 540 891 Jo.
557 856 710 889 Savam:
747 863 861 888 neve-

145 915 239 940 ·rvu.
259 914 434 950 ‚nn-vnn.
465 915 627 944 cvrum.
657 915 861 940 comnmi-

146 966 234 992 τινα.
270 967 401 993 cums.
428 967 487 992 ιτ.
514 967 682 992 cannen.
715 966 815 991 nuc
822 966 860 991 e-

145 1016 340 1044 ffluu-
352 1017 514 1044 mnus.
528 1018 654 1044 sverm
666 1011 732 1042 stc.
768 1009 860 1042 Vide

144 1060 310 1104 Epir-ph.
321 1061 428 1096 Julius
442 1061 614 1096 secunda
634 1060 715 1094 ffliae
729 1061 859 1094 Corne-

143 1111 203 1145 lia
215 1111 349 1155 Tycha
363 1113 465 1147 uxori
480 1112 511 1146 1.
528 1112 590 1148 lib.
599 1121 659 1147 111.
679 1112 859 1156 Epigram.

144 1163 228 1198 vm.
243 1173 279 1207 p·
294 1166 371 1199 ¹2⁹·
392 1165 474 1206 Q·

151 1239 154 1242 <
184 1214 370 1258 Fleuum
419 1214 577 1258 ἀώἰέωιι]
627 1216 766 1250 Plutar.
812 1216 857 1250 ad

140 1266 306 1310 Apollon-
348 1268 502 1312 mamam
513 1267 610 1312 χρέος
633 1267 710 1302 εἶναι
728 1268 859 1310 λέγεται

141 1317 182 1352 τὸ
191 1318 264 1364 ζῆν,
273 1318 316 1354 ὃς
329 1318 609 1363 &rotome-imon,
621 1319 640 1353 ὃ
660 1320 858 1354 ἐδανείσαντο

139 1368 229 1411 im&
236 1369 268 1404 οἱ
278 1368 480 1414 πραύτερος.
513 1371 616 1404 Dixit
627 1370 752 1414 φύσεως
760 1370 856 1413 ἀνάγ·

142 1431 202 1455 και
215 1421 363 1456 Isomt.
378 1422 416 1455 in
440 1423 614 1466 Paneoeyr.
656 1423 704 1456 Τὰ
716 1422 776 1464 μὲν
796 1422 858 1456 cd·

142 1486 231 1515 uera
241 1475 313 1508 vnis
323 1475 385 1515 τῆς
393 1472 518 1518 φύσεος
529 1473 680 1518 ἀνάγκαις
688 1475 858 1511 ἀπέδοσαν.

147 1526 232 1560 Nn.

187 1577 356 1622 Davom]
375 1577 495 1612 Vitam
509 1578 659 1621 scilicet,
669 1588 770 1622 quam
786 1589 859 1612 om-

143 1629 254 1663 nesei
267 1629 447 1664 debemus.
490 1629 548 1663 Ita
569 1630 760 1672 saepissime
777 1631 859 1664 Phi-

143 1680 292 1724 losophi,
306 1686 345 1715 ut
358 1685 397 1715 et
414 1681 665 1715 Rittershnsins
679 1682 857 1716 observat.

184 1785 229 1816 20
251 1781 411 1825 Sanun]
441 1782 517 1826 Me,
532 1792 599 1817 nec
618 1783 703 1817 satis
718 1793 802 1826 rem,
818 1788 860 1818 ut

140 1833 178 1867 in
191 1842 232 1867 ae
242 1833 320 1877 ipsa
333 1838 401 1877 est,
413 1834 704 1869 considerantem.
727 1835 835 1878 Senes.

184 1885 517 1928 &eumad-ummo,
537 1886 609 1929 ξω]
638 1887 734 1923 Quid
763 1887 860 1931 inep-

140 1938 227 1981 tius,
256 1939 340 1983 qnid
371 1939 526 1982 stultius,
555 1941 585 1973 si
612 1940 674 1975 ita.
688 1940 858 1974 Phaedrus

141 1989 366 2033 scripsisset?
396 1990 479 2034 quin
503 2000 542 2024 se
570 1991 683 2034 ipsum
699 1992 861 2025 stultissi-

139 2050 234 2074 mum
259 2041 487 2084 declarasset,
510 2042 571 2086 qui
593 2043 672 2085 plus
687 2052 757 2076 una
781 2043 859 2078 vice

141 2093 304 2136 Eutycho
318 2102 444 2136 preces
460 2094 538 2137 ‚iam
552 2093 766 2128 admoverat.
789 2095 858 2127 Ms.

141 2142 244 2179 Rem.
283 2154 478 2188 preaesens.
515 2146 611 2180 Pitb.
647 2147 858 2190 precepsext's.

140 2195 247 2230 Unde
265 2197 423 2231 Pitboens
437 2196 571 2230 infelici
584 2198 793 2241 conjectura
807 2198 857 2232 fe-

141 2247 206 2290 cit,
229 2257 341 2291 preces
367 2248 530 2282 existima.
574 2248 680 2290 Nam,
710 2254 857 2292 praster-

140 2308 243 2342 φημι
256 2299 350 2343 quod
375 2299 460 2332 illud
476 2299 626 2333 extasim
640 2300 739 2333 nimis
752 2301 855 2344 longe

141 2359 163 2383 a
189 2350 301 2384 veteri
325 2351 502 2394 scriptura
528 2351 647 2394 abeat,
670 2353 854 2385 verborum

141 2401 356 2446 reliquorum
389 2412 510 2436 verum
537 2413 673 2437 sensum
711 2414 854 2447 prorsus

139 2452 297 2496 invertit,
311 2457 415 2497 atque
430 2454 622 2498 exstinguit
636 2465 646 2496 ς
670 2455 790 2499 itaque
805 2455 855 2489 fa·

142 2505 213 2539 elle
227 2504 296 2539 fuit
310 2505 408 2539 nobis
423 2515 540 2539 veram
556 2507 742 2540 lectionem
758 2507 855 2541 inve-

139 2558 228 2591 nire.
271 2557 502 2591 Scribendum
545 2558 661 2592 enim:
712 2557 855 2593 Sinum

139 2609 304 2643 “meere
331 2608 393 2642 tibi
421 2619 531 2652 preces
553 2610 737 2644 sexcenties.
779 2611 856 2645 Sci·

138 2658 237 2700 licet,
276 2670 462 2703 precesexee
501 2661 586 2694 nihil
635 2662 728 2695 aliud
776 2667 855 2696 erat

141 2719 245 2754 qum
255 2721 366 2754 preces
377 2713 565 2746 sexcenties.
609 2714 741 2747 Natum
766 2714 854 2748 illud

139 2767 327 2797 monstrum
349 2772 448 2798 sexis
471 2773 516 2798 ex
540 2764 747 2807 compendio
768 2766 854 2799 scri-

141 2812 249 2847 bendi
277 2822 380 2849 suc.
411 2816 486 2849 sive
497 2815 656 2859 [sucin
703 2822 852 2861 utroque

139 2864 230 2899 enim
244 2865 346 2900 modo
361 2867 396 2901 in
418 2868 659 2903 vetustissimis
684 2869 853 2904 membra-

1538 232 1627 277 553

914 340 968 373 nis
991 348 1212 374 SEXCEN'HES
1242 339 1415 384 reperitur
1447 340 1627 384 scriptum.

913 390 993 424 Hoc
1006 400 1089 433 ergo
1104 391 1213 424 dicit:
1237 391 1318 426 Jam
1327 393 1433 425 semel
1445 396 1551 435 atque
1564 394 1630 426 ite-

912 452 989 475 rum
1019 452 1120 486 opem
1161 447 1256 476 tuam
1290 443 1498 486 imploravi3
1543 444 1627 487 quid

911 494 1050 528 stultius
1065 498 1161 527 certe
1177 498 1242 536 est,
1257 495 1455 528 sexcenties
1471 495 1504 528 id
1523 500 1558 528 te
1573 505 1628 528 ro-

911 546 1017 587 gare?
1049 545 1235 579 Sexcenties
1258 554 1334 588 pro,
1349 546 1497 588 pluries,
1520 546 1627 580 etiarn

911 597 1029 641 pueris
1043 602 1164 631 notum
1181 602 1236 630 est
1252 598 1435 639 eleganter
1453 597 1523 630 dici
1538 601 1576 631 et
1591 597 1627 630 in

910 649 1135 692 proverbium
1176 648 1316 682 abiisse.
1373 649 1521 682 Plautus
1550 649 1629 682 Me·

910 710 997 734 naec.
1012 705 1084 734 act.
1100 709 1136 734 v.
1153 710 1202 734 sc.
1215 703 1251 734 4.
1293 699 1304 718 ‘
1322 700 1416 735 Quin
1445 700 1627 743 suspirabo

910 752 989 794 plus
1013 752 1211 785 sexcenties
1225 752 1259 784 in
1275 750 1361 784 die.'
1405 752 1463 786 Sic
1477 755 1629 785 sexcenta

909 812 973 846 pro
1000 803 1103 846 paulo
1126 803 1294 846 pluribus.
1337 803 1462 836 Cicero
1489 805 1557 847 Ep.
1581 805 1627 838 ad

909 853 989 887 Att.
1000 854 1061 888 lib.
1075 863 1127 887 vt.
1142 857 1176 887 4.
1206 854 1217 872 ‘
1233 854 1327 888 Belli
1343 855 1551 897 periculum,
1563 857 1627 889 mi-

910 905 1011 938 litnm
1035 904 1253 947 improbitas,
1272 912 1437 940 sexcenta
1453 912 1629 949 praeterea

910 955 1001 989 alia.'
1039 957 1098 990 De
1114 957 1234 990 Divin.
1258 957 1319 990 lib.
1335 966 1378 991 n.
1415 959 1426 977 ‘
1449 958 1628 992 Sexcenta

909 1007 994 1042 licet
1008 1008 1179 1051 ejusmodi
1194 1008 1373 1052 proferre:
1403 1010 1463 1044 Sic
1474 1011 1600 1054 passim
1616 1021 1627 1052 ;

909 1059 979 1093 imo
1005 1060 1113 1093 etiam
1140 1070 1203 1104 pro
1224 1060 1455 1104 pancissimi&
1500 1062 1627 1096 Cicero

909 1112 975 1153 Ep.
991 1111 1035 1144 ad
1051 1110 1167 1146 Attic.
1182 1112 1241 1147 lib.
1255 1122 1326 1146 vu.
1348 1116 1380 1147 2.
1424 1114 1435 1132 ‘
1452 1113 1566 1146 Venio
1581 1113 1626 1147 ad

908 1162 1074 1205 epistolas
1112 1167 1202 1206 tuas,
1228 1174 1313 1208 quas
1342 1173 1408 1208 ego
1438 1170 1626 1199 sexcentas

908 1223 976 1247 uno
1006 1219 1166 1257 tempore
1201 1215 1349 1258 accepi!
1391 1216 1450 1250 Sic
1489 1226 1626 1261 quoque

906 1265 993 1297 senio
1005 1275 1068 1308 pro
1076 1266 1225 1299 sexennio
1235 1267 1406 1310 scriptum
1422 1269 1627 1311 reperimus.

907 1315 1041 1350 Incerti
1052 1318 1283 1361 panegyricus
1294 1319 1522 1353 Constantino
1535 1320 1628 1363 Aug.

907 1367 1022 1401 dictus
1039 1379 1072 1402 c.
1085 1372 1138 1402 16.
1177 1370 1188 1388 ‘
1205 1369 1421 1413 Consumpto
1444 1381 1508 1414 per
1534 1371 1626 1404 desi·

907 1419 981 1452 dias
1006 1420 1125 1454 senio.’
1178 1421 1236 1455 Sic
1271 1422 1306 1455 in
1337 1422 1485 1456 Gruteri
1510 1428 1548 1456 et
1574 1424 1624 1457 H.

907 1470 1077 1513 Stephani
1102 1471 1326 1506 editionibus.
1371 1473 1442 1506 Sed
1472 1473 1627 1507 scriben-

908 1521 989 1555 dum
1024 1523 1164 1557 omnino
1189 1525 1348 1558 sexennio.
1387 1526 1463 1559 Liv.
1483 1536 1517 1568 p.
1549 1528 1626 1559 333.

908 1574 994 1607 edit.
1009 1574 1128 1617 Sigon.
1162 1576 1172 1593 ‘
1186 1577 1217 1609 E
1233 1575 1400 1610 Romanis
1415 1577 1630 1613 cecidere....

907 1628 1018 1662 victi?
1061 1629 1185 1662 Scribe
1200 1628 1342 1671 v10'r1·,
1357 1629 1392 1662 id
1405 1633 1461 1662 est
1474 1630 1628 1673 sexcenti,

909 1680 1001 1723 quod
1017 1681 1174 1714 omnibus
1198 1681 1308 1715 literis
1334 1681 1369 1713 in
1390 1681 1460 1714 alio
1475 1681 1625 1724 quodam

905 1732 996 1765 libro
1011 1732 1180 1774 scriptum
1196 1736 1263 1766 est.
1298 1733 1416 1765 Livius
1431 1732 1492 1766 lib.
1510 1741 1624 1766 xxm.

907 1791 938 1816 c.
956 1785 1009 1817 13.
1053 1784 1132 1817 ‘Fit
1155 1783 1223 1817 SC.
1246 1786 1286 1817 ut
1302 1782 1465 1817 Annibali
1479 1786 1626 1828 quadra·

907 1835 1005 1878 ginta
1034 1835 1267 1869 Numidarum
1291 1835 1399 1868 millia
1422 1835 1458 1868 in
1484 1837 1627 1879 supple-

906 1891 1063 1920 mentum
1079 1887 1319 1929 mitterentur,
1333 1891 1372 1920 et
1394 1886 1627 1930 qnadraginta

905 1939 1100 1981 elephanti,
1114 1943 1151 1972 et
1168 1938 1308 1981 argenti
1335 1939 1444 1971 multa
1466 1938 1625 1973 talenta?

907 1987 979 2022 Ubi
995 1994 1096 2022 notat
1111 1990 1332 2023 Gronovius:
1366 1990 1375 2007 ‘
1392 1990 1474 2023 Put.
1491 1994 1529 2023 et
1546 1991 1626 2024 Pet.

906 2042 1075 2075 omittunt
1088 2041 1126 2075 τὸ
1140 2042 1253 2084 multo,
1268 2048 1307 2075 ut
1318 2042 1487 2076 credibile
1503 2042 1550 2075 sit
1563 2052 1627 2076 nu·

906 2102 1040 2126 merum
1055 2093 1229 2127 excidisse
1247 2104 1258 2134 ς
1292 2094 1346 2126 Μ.
1362 2093 1446 2127 Ant.
1461 2094 1625 2128 Muretus

906 2151 1010 2180 acute
1025 2147 1113 2190 legit
1126 2147 1179 2180 M.
1197 2146 1274 2180 VC.
1288 2145 1338 2170 ΤΑ
1352 2147 1444 2191 quod
1470 2148 1627 2190 explicat

906 2198 1002 2231 mille
1019 2198 1209 2241 quingenta
1225 2198 1361 2231 talenta
1371 2198 1394 2231 ε’
1416 2199 1500 2232 Var.
1521 2199 1623 2233 Lect.

905 2249 967 2282 lib.
982 2245 1109 2283 xvrjc.
1124 2251 1157 2282 8.
1203 2250 1300 2282 Mille
1311 2249 1404 2283 forte
1419 2249 1624 2285 sufficerent

906 2309 950 2334 ex
966 2301 1084 2343 capite
1100 2303 1155 2334 32.
1170 2301 1272 2343 hujus
1288 2301 1380 2334 libri.
1428 2302 1518 2335 Haec
1535 2302 1625 2336 Gro-

904 2353 1026 2386 novius
1043 2357 1138 2386 recte
1155 2353 1253 2395 dicit,
1281 2353 1368 2386 mille
1391 2351 1563 2394 sufficere,
1577 2364 1621 2387 ex

904 2404 1013 2448 ipsius
1028 2405 1118 2438 Livii
1134 2415 1165 2439 c.
1179 2408 1234 2438 32.
1279 2405 1351 2438 Ubi
1368 2404 1501 2439 dicitur
1513 2407 1621 2449 Mago

904 2456 998 2491 inter
1008 2457 1076 2490 alia
1090 2457 1184 2489 mille
1210 2456 1347 2499 argenti
1364 2457 1497 2489 talenta
1512 2461 1624 2491 trans-

903 2509 1068 2543 missurus
1084 2508 1213 2550 fnisse;
1250 2513 1356 2551 atque
1371 2508 1422 2541 ita
1437 2508 1550 2542 altero
1562 2509 1622 2543 illo

903 2561 982 2594 loco
997 2561 1134 2594 omnino
1145 2560 1343 2603 legendum.
1389 2560 1522 2593 Natum
1535 2560 1622 2593 iliud

903 2613 1003 2645 multa
1017 2622 1061 2645 ex
1076 2611 1292 2654 compendiis
1308 2611 1514 2654 scripturae;
1549 2611 1621 2654 pri-

903 2672 960 2698 mo
976 2664 1147 2705 scriptum
1174 2671 1232 2695 cio
1254 2664 1383 2695 saeculo
1405 2666 1505 2695 sexto
1520 2663 1623 2697 circi·

903 2719 958 2748 ter
972 2721 1036 2749 aut
1050 2715 1200 2757 septimo
1216 2715 1405 2749 Christiani
1427 2724 1545 2757 cmm
1569 2716 1621 2750 sic

902 2767 993 2801 enim
1008 2767 1102 2800 mille
1118 2771 1191 2799 tum
1204 2765 1447 2809 significabant
1461 2777 1472 2808 ;
1494 2772 1621 2810 postea

902 2827 993 2851 nono
1009 2822 1070 2851 aut
1098 2817 1234 2858 decimo
1258 2817 1399 2859 saeculo,
1427 2818 1619 2852 Monachus

902 2874 1030 2914 putans
1060 2869 1227 2912 syllabam
1271 2869 1498 2904 revocandam
1540 2880 1618 2905 esse
