1806 3236
338 191 543 225 nummu
577 190 688 223 nn.
721 189 1028 224 AEsorlsRuM
1063 191 1160 225 mn.
1192 192 1236 223 v.
1265 182 1308 225 7.

83 285 254 342 cecidisse
278 285 348 326 ista
371 291 455 331 pust
478 287 654 322 detectam
679 287 799 331 Sejani

84 327 379 399 conjurationem
388 344 426 374 et
455 339 665 383 supplicium
690 340 735 375 de
757 349 799 374 eo

85 394 291 436 nummum-A
318 390 420 425 Licet
434 391 527 426 enim
552 392 620 425 alio
639 392 679 436 ‘in
703 402 801 435 argu-

73 443 203 477 ‘ru-nto
227 440 418 485 diceretur,
442 446 558 477 tamen
581 447 800 486 spectatores

83 501 184 540 more
197 501 261 534 suo
275 493 378 527 simul
391 493 428 527 id
443 494 668 538 accipiebant
681 494 726 528 de
745 494 801 529 'ri-

85 542 199 590 herio,
211 547 249 583 et
260 543 341 578 ideo
353 545 507 580 edebant
521 546 676 589 plausus.
721 546 802 581 Μο-

84 594 135 642 ria
161 594 263 641 hujus
289 596 397 630 habes
425 597 568 630 evidens
602 598 803 640 exemplum

84 638 196 693 apud
201 645 406 681 suetonium
419 647 506 682 Vita
520 647 672 707 Augusti
694 658 727 682 c.
748 652 803 683 68.

86 697 273 734 etNeron.
298 708 329 733 c.
342 701 417 732 48.
443 699 537 738 Sane
558 699 595 732 in
619 710 698 744 quae
715 700 802 735 alias

86 738 241 795 Augusti
260 754 299 784 et
310 748 448 784 'ribeffi
461 754 623 794 tempora
636 751 711 785 haec
727 761 803 785 seu-

86 799 201 846 tentia
223 801 336 845 magis
354 806 548 860 congruat,
559 803 653 836 haud
676 803 802 847 liquet,

87 859 171 896 cnm
183 850 336 895 proferri
357 861 436 886 eam
462 853 568 886 moris
590 852 712 896 fuerit,
735 863 803 887 non

86 901 155 950 nisi
167 912 189 946 e
201 902 388 945 manifesto
400 904 483 938 vitae
499 904 695 938 discrimine
705 905 804 938 Prin·

88 955 170 1000 cipe
186 960 323 1006 erepto.
365 956 469 992 Quod
495 957 733 1000 cognoscimus
760 967 804 990 ex

87 1006 243 1052 §uadem
256 1007 415 1047 suetonii
427 1008 513 1043 Vita
539 1008 650 1050 Calig.
673 1019 751 1051 cap.
768 1011 802 1041 6.

87 1058 152 1104 ubi
165 1059 298 1104 audito,
323 1060 417 1104 quod
443 1061 685 1103 Germanicus,
702 1070 806 1105 quem

88 1114 262 1153 :egrotare
277 1111 433 1154 graviter
457 1117 709 1156 cognoverant,
726 1122 805 1146 con-

87 1160 270 1206 voluis-st,
303 1172 423 1206 omnes
470 1165 590 1197 Romoe
633 1165 804 1198 clamant.
796 1175 804 1183 ·

88 1211 221 1247 ‘Salva
245 1214 369 1259 Runa,
404 1215 505 1258 salva
531 1216 668 1259 Patria,
692 1216 808 1252 salvus

88 1264 413 1309 ἧδῦθηιιῃίαωέ
454 1266 575 1309 &fid--
620 1267 703 1301 Vid.
719 1268 807 1301 Ber-

87 1315 189 1361 M·
201 1317 343 1351 Fen-ar.
367 1318 412 1352 ds
437 1316 596 1355 Acelum.
619 1319 680 1353 lib.
702 1329 729 1352 ι
754 1322 808 1353 14.

88 1370 131 1411 et
144 1367 313 1410 Lindenb.
337 1369 383 1404 ad
409 1368 526 1405 Αιιιιιι.
541 1372 699 1406 Marcell.
726 1381 806 1406 xxv.

89 1419 172 1455 οἰδ.
244 1449 245 1454 ,

131 1470 274 1511 lature,
288 1471 358 1515 qe]
379 1470 538 1515 Respicit
551 1482 683 1507 morem
695 1475 808 1508 accla-

45 1539 48 1541 >
89 1522 209 1562 rnsndi
234 1518 468 1568 Principibus.
511 1524 572 1558 Ita
595 1525 729 1568 Romae,
751 1535 808 1559 ac-

90 1573 207 1618 ceptis
230 1574 278 1609 de
301 1579 515 1620 recuperata
533 1576 735 1610 Germanici
751 1587 809 1610 va-

91 1625 250 1665 latudine
281 1625 431 1670 nunciis,
463 1627 695 1671 exclamatum
730 1632 806 1661 est.

92 1677 103 1695 ‘
120 1677 225 1710 Salva
254 1677 378 1720 Roma,
404 1678 500 1711 salva
528 1678 664 1721 Patria,
693 1679 809 1713 salvus

91 1733 152 1769 est
165 1729 417 1767 comanae-nse
464 1731 610 1765 Sueton.
637 1732 749 1775 Calig.
774 1735 807 1765 6.

92 1780 142 1822 Et
154 1774 315 1816 sisnlliter
341 1782 564 1826 Lampridius
590 1784 632 1818 de
655 1783 810 1818 Alexan·

93 1832 159 1870 ιιι-ο
191 1833 345 1868 Severo:
389 1834 400 1853 ‘
417 1835 614 1870 Levabatur
650 1837 809 1870 manibus

88 1880 247 1920 omnium
271 1883 642 1930 Alexander,wvixque
663 1887 715 1920 illi
745 1897 810 1929 per

91 1934 208 1980 horas*
223 1939 371 1978 quatuor
401 1937 578 1971 ambulare
609 1938 811 1980 permissum

94 1990 163 2028 est,
190 1985 342 2029 undique
369 1987 527 2023 omnibus
558 1989 809 2022 clamantibus:

92 2037 197 2071 Salva
209 2036 333 2080 Roma,
358 2039 439 2082 quia
460 2038 575 2073 salvus
589 2045 644 2073 est
662 2040 811 2074 Alexan-

94 2088 184 2126 det:
226 2089 317 2125 Vide
340 2094 378 2124 et
402 2091 492 2126 Poll.
516 2091 612 2124 Hist.
629 2092 719 2135 Aug.
735 2095 811 2126 301.

93 2138 268 2178 Nummus
284 2151 395 2175 ssi-eus
418 2142 612 2184 Maximini,
626 2143 662 2176 in
688 2144 812 2177 Museo

94 2190 224 2229 Felicis
250 2192 452 2236 Rondinini‚
476 2204 554 2227 cum
579 2194 646 2228 hac
669 2194 813 2238 inscrip-

96 2241 193 2277 tione
215 2242 253 2276 in
275 2253 400 2278 aversa
422 2250 545 2287 parte:
580 2255 703 2279 sanvts
725 2255 812 2280 avc.

95 2300 144 2329 tr
157 2301 274 2331 cansa.
291 2303 366 2328 rm..
382 2304 491 2330 mar.
517 2297 605 2331 Gud.

100 2367 105 2376 .
136 2347 185 2379 ι38
207 2345 250 2379 In
259 2346 387 2388 plausus
401 2352 631 2381 consurrectum
645 2348 708 2391 ese]
741 2349 814 2383 Ho-

97 2395 192 2432 noris
206 2397 377 2439 praecipui
394 2408 527 2432 caussa.
561 2399 685 2433 Cicero
701 2399 812 2434 Attic.

98 2452 142 2481 ιι.
159 2449 214 2481 19.
236 2447 247 2466 ‘
263 2447 400 2482 Inimici
423 2454 524 2483 erant
547 2451 737 2494 equitibus,
752 2452 812 2496 qui

98 2498 244 2535 curioni
272 2504 408 2534 stantes
434 2502 655 2544 plauserant)
707 2503 813 2537 Plau-

100 2547 250 2586 debatur
264 2556 381 2584 autem
395 2562 465 2585 nou
482 2554 714 2595 praesentibus
737 2558 815 2588 tau-

98 2604 187 2644 tum,
219 2610 342 2636 verum
372 2604 478 2638 etiam
506 2605 707 2640 absentibus
729 2607 813 2641 viris

98 2653 247 2696 magnis,
285 2656 503 2699 principibus
536 2658 697 2692 maxime.
756 2659 814 2693 Sic

101 2703 195 2746 apud
210 2705 327 2740 Tacit.
346 2707 440 2743 Hist.
453 2717 495 2742 11.
518 2712 575 2742 55.
592 2712 625 2742 2.
646 2710 657 2729 ⁴
678 2710 724 2742 Ut
739 2720 814 2744 ces-

100 2755 186 2789 sisse
199 2756 273 2790 vita
289 2757 475 2802 Othonem,
489 2762 556 2794 &m
583 2761 672 2794 certi
694 2767 815 2795 aucto-

100 2810 157 2839 res
183 2806 220 2840 in
244 2808 418 2844 theatrum
441 2812 645 2856 attulerunt,
669 2813 814 2847 Vitellio

1475 180 1556 225 691

850 287 1029 333 plausere?
1067 288 1210 322 Freinsh.
1266 287 1377 321 Simul
1394 287 1436 322 ab
1459 289 1566 322 omni-

849 339 915 374 bus
942 343 1137 373 surrectum
1163 343 1231 382 est,
1257 344 1298 373 ut
1320 340 1460 382 plausus
1486 341 1565 374 ede-

851 394 941 424 rent.
999 390 1143 424 Stantes
1173 391 1265 424 enim
1294 390 1370 424 fere
1404 391 1569 435 edebant,

851 441 1048 486 praesertim
1063 442 1091 476 si
1106 442 1171 475 hoc
1195 442 1372 485 Principis
1398 453 1502 477 causa
1517 443 1568 476 fa-

852 498 987 528 cerent.
1019 493 1122 527 Unde
1135 493 1355 537 intelligitur,
1369 504 1446 538 quae
1462 495 1569 529 habet

852 545 979 579 iterum
1003 544 1189 591 Suetonius
1215 545 1251 578 in
1277 544 1439 587 Augusto
1466 555 1497 580 c.
1514 549 1569 580 56.

854 597 866 615 ‘
882 596 1025 630 Eisdem
1059 596 1281 639 praetextatis
1311 597 1424 630 adhuc
1457 608 1569 632 assur-

855 653 988 684 rectum
1005 648 1050 683 ab
1066 648 1236 682 universis
1251 648 1287 682 in
1311 649 1466 692 theatro,
1489 655 1527 685 et
1549 660 1572 684 a

855 701 1030 736 stantibus
1055 701 1225 743 plausum,
1246 701 1446 744 gravissime
1473 712 1572 745 ques·

855 757 912 788 tus
927 753 1006 787 est.'
1038 751 1148 793 Schef.
1201 753 1250 786 Et
1270 762 1314 786 eo
1337 752 1482 796 respicit
1496 753 1570 797 Ho-

855 808 924 838 rat.
953 803 1024 837 Od.
1050 812 1094 837 ιι.
1121 806 1177 837 1¹1.
1203 803 1248 836 de
1272 803 1485 846 Maecenate,
1511 805 1572 848 qui

855 853 1041 889 manifesto
1065 854 1222 898 periculo
1239 853 1354 888 morbi
1378 859 1456 888 erat
1473 865 1574 897 erep-

855 913 924 951 tus,
944 907 954 926 ‘
969 908 1056 942 Cum
1071 908 1219 950 populus
1244 907 1409 952 frequens
1434 909 1572 951 Laetum

855 959 1002 994 theatris
1021 963 1075 993 ter
1089 959 1227 1003 crepuit
1238 970 1361 993 sonum
1373 959 1395 993 :'
1429 959 1494 993 tali
1508 960 1573 992 eti·

857 1021 912 1045 am
938 1020 976 1044 se
1000 1011 1131 1044 honore
1156 1015 1194 1044 et
1220 1011 1392 1055 applausu
1407 1021 1428 1044 a
1443 1011 1572 1054 populo

856 1063 973 1106 excipi
998 1062 1166 1096 credebat
1191 1062 1357 1096 reductus
1384 1066 1466 1106 post
1480 1061 1574 1095 infir-

857 1115 1015 1147 mitatem
1027 1114 1063 1147 in
1075 1114 1248 1148 theatrum
1261 1115 1443 1157 Princeps.
1458 1114 1574 1148 Burm.

902 1165 942 1198 In
952 1165 1082 1207 plausus
1092 1168 1324 1199 consurrectum
1338 1165 1403 1209 est]
1439 1166 1573 1199 Notan-

858 1215 954 1257 dum,
966 1226 1100 1259 omnes,
1113 1216 1173 1260 qui
1187 1217 1350 1250 sedentes
1364 1217 1454 1251 ludis
1469 1221 1506 1250 et
1522 1226 1575 1251 re-

858 1267 1084 1304 citationibus
1099 1268 1306 1312 intererant,
1326 1269 1463 1316 quoties
1479 1270 1576 1311 plau-

858 1319 1012 1356 dendum
1026 1325 1115 1363 erat,
1135 1321 1338 1355 surrexisse.
1380 1320 1475 1353 Plin.
1492 1321 1516 1355 J
1520 1330 1577 1354 un.

859 1372 972 1416 Epist.
988 1371 1048 1406 lib.
1062 1381 1115 1406 vl.
1132 1375 1186 1406 1⁷.
1206 1373 1217 1390 ‘
1231 1371 1464 1405 Recitabatur
1479 1371 1578 1405 libel-

858 1423 912 1457 lus
950 1420 1248 1464 absolutissimus;
1286 1422 1379 1456 hunc
1409 1423 1478 1459 duo
1515 1429 1578 1457 aut

859 1477 946 1515 tres,
972 1476 1014 1506 ut
1039 1472 1106 1506 sibi
1130 1476 1167 1506 et
1195 1473 1315 1516 paucis
1337 1474 1512 1517 videntur,
1526 1474 1578 1508 di-

858 1523 958 1565 serti,
981 1522 1095 1556 surdis
1119 1524 1295 1568 mutisque
1316 1525 1445 1558 similes
1461 1524 1580 1558 audie·

860 1572 969 1606 bant:
1007 1583 1076 1607 non
1111 1574 1210 1608 labra
1247 1575 1481 1621 diduxerunt,
1508 1586 1577 1610 non

859 1630 1046 1659 moverunt
1072 1635 1223 1670 manum,
1246 1636 1315 1660 non
1342 1627 1495 1672 denique
1525 1637 1579 1661 as-

859 1682 1100 1719 surrexerunt,
1131 1678 1256 1711 saltem
1289 1678 1495 1712 lassitudine
1526 1688 1582 1712 se-

860 1727 978 1762 dendi.
1037 1728 1125 1763 Quae
1159 1732 1261 1762 tanta
1290 1730 1466 1773 gravitas?
1501 1741 1578 1774 quae

859 1782 959 1813 tanta
974 1779 1179 1822 sapientia?
1205 1780 1293 1814 Gud.

901 1832 1014 1865 Jactat
1033 1831 1136 1875 basia]
1179 1832 1322 1866 Tacitus
1349 1833 1443 1873 Hist.
1469 1833 1529 1867 lib.
1554 1843 1580 1867 1.

857 1881 868 1900 ⁴
883 1882 961 1916 Nec
987 1882 1111 1917 deerat
1142 1883 1236 1916 Otho
1267 1884 1480 1928 protendens
1510 1894 1581 1919 ma-

860 1943 940 1973 nus,
955 1933 1102 1967 adorare
1118 1935 1272 1983 vulgum,
1293 1935 1418 1978 jacere
1435 1935 1580 1978 oscula,'

860 1989 928 2021 &c.
985 1987 1148 2022 Juvenal.
1170 1989 1180 2008 ‘
1196 1988 1357 2023 Jactaret
1384 1989 1482 2023 basia
1504 1991 1582 2024 rhe-

861 2038 940 2072 dae!
985 2039 1102 2073 Faber.
1158 2040 1240 2074 Non
1265 2045 1333 2083 est,
1355 2041 1582 2075 deosculatur

860 2090 1037 2123 hominum
1053 2090 1212 2133 dextras,
1236 2095 1275 2125 ut
1299 2096 1403 2134 putat
1426 2091 1581 2126 Ritters-

861 2143 991 2185 husius,
1019 2147 1080 2177 aut
1107 2153 1239 2187 genas;
1277 2154 1343 2178 nec
1371 2145 1508 2189 adorat,
1542 2150 1583 2179 ut

861 2195 939 2228 vult
954 2195 1123 2236 Ursinus;
1158 2196 1219 2229 sed
1243 2196 1295 2229 ori
1311 2196 1452 2230 admota
1475 2207 1581 2231 manu

863 2246 998 2290 spargit
1035 2246 1070 2279 in
1107 2247 1243 2290 vulgus,
1275 2249 1399 2290 gratiae
1438 2248 1581 2291 agendae

835 2306 978 2347 ficausa.
1034 2297 1095 2331 Sic
1121 2299 1214 2331 enim
1245 2299 1418 2342 solebant,
1445 2300 1581 2344 quoties

863 2348 1044 2382 declarare
1072 2350 1222 2384 animum
1249 2356 1388 2394 gratum
1413 2356 1473 2385 aut
1499 2349 1582 2394 quo-

863 2410 930 2443 quo
944 2401 1048 2434 modo
1064 2401 1221 2435 deditum
1238 2402 1314 2436 aliis
1328 2403 1472 2436 vellent.
1510 2403 1583 2436 Un-

864 2452 907 2486 de
921 2451 944 2486 J
949 2454 1107 2486 uvenalis
1122 2453 1197 2488 Sat.
1211 2463 1262 2488 iv.
1275 2455 1286 2474 ⁴
1301 2455 1507 2497 Blandaque
1524 2453 1583 2488 de·

863 2513 962 2537 vexae
971 2503 1130 2545 jactaret
1144 2503 1239 2538 basia
1251 2503 1396 2539 rhedael
1440 2505 1583 2539 Fiebat-

864 2565 933 2599 que
958 2555 1023 2589 hoc
1053 2566 1157 2590 manu
1181 2557 1329 2600 primum
1354 2559 1496 2592 admota
1520 2558 1585 2601 ori,

864 2606 992 2640 deinde
1009 2612 1170 2650 porrecta
1185 2609 1229 2643 ad
1243 2619 1315 2653 eos,
1331 2619 1478 2654 quorum
1493 2619 1584 2644 amo·

865 2661 967 2694 rivel
993 2656 1115 2696 honori
1130 2662 1196 2696 hoc
1211 2662 1371 2707 dabatur,
1392 2668 1430 2696 et
1454 2663 1505 2696 sic
1529 2673 1582 2696 os·

866 2713 981 2745 culum
1005 2713 1116 2755 ipsum
1142 2714 1388 2758 porrigebatur
1410 2716 1518 2757 velut,
1542 2725 1582 2748 ac

860 2763 1075 2806 jactabatur.
1120 2765 1222 2799 Unde
1239 2766 1330 2800 idem
1353 2767 1426 2800 Sat.
1440 2776 1498 2800 ιιι.
1522 2767 1531 2784 ‘
1550 2765 1581 2798 A

865 2814 956 2849 facie
981 2815 1120 2858 jactare
1148 2816 1281 2851 manus’
1308 2817 1410 2852 dixit.
1467 2818 1580 2851 Tacit.
