1806 3236
391 245 591 279 mummi
627 244 739 276 ΜΒ.
771 241 1074 274 AEsomARum
1109 239 1206 271 ma.
1238 237 1310 270 111.
1341 227 1411 270 15.

161 339 316 382 mhi-0,
327 339 441 373 mollis
453 339 547 373 erit.'
580 338 712 372 Divina
725 342 781 371 est
789 336 868 380 Syri

159 390 352 426 muesz
374 392 386 410 ⁶
401 389 537 424 Arcum
548 390 700 423 intensio
724 388 868 431 frangit,

161 441 309 477 nanum
324 440 503 475 remissio!
527 440 614 474 Gud.

191 493 279 526 ‹cn'to
305 502 443 535 rumpes,
469 492 541 535 ξω]
586 491 664 525 Nisi
693 500 749 524 me
776 490 868 523 fallit

158 538 335 586 memoria,
354 544 462 578 etiam
477 543 614 577 Amasis
635 541 779 585 AEgypti
805 550 868 573 rex

159 595 282 630 eodem
319 604 395 628 sese
436 598 640 637 argumento
677 592 868 634 excusavit,

158 656 236 680 cum
250 646 366 680 nimioe
389 646 601 679 remissionis
624 649 827 687 argueretur
849 653 870 676 a

157 698 240 731 suis.
295 698 388 731 Vide
406 699 587 730 Erasmum
612 698 649 730 in
673 696 869 739 proverbio,

159 749 171 768 ‘
189 748 300 782 Arcus
324 754 442 782 tensus
466 749 636 792 rumpitur
648 749 669 782 ε’
702 749 793 782 Chii.
816 757 867 780 ιν.

159 800 262 834 Ceut.
277 804 310 834 ὅ.
335 799 447 842 Adag.
459 803 515 834 77.
567 799 868 842 Comparationem

160 851 262 883 aliam
277 861 378 884 arcus
392 860 472 884 cum
488 852 602 884 animo
622 851 771 883 humano
783 849 869 882 facit

158 901 282 935 mimus
296 902 390 945 apud
403 903 572 936 Senecam
595 903 749 935 relatus:
779 901 790 919 ‘
804 900 870 934 Ar-

159 962 238 986 cum
251 953 403 986 intensio
416 953 566 996 frangit;
589 953 740 986 animum
751 952 868 984 remis-

160 1004 211 1038 sio
223 1004 246 1038 ι’
266 1005 325 1038 ubi
335 1005 563 1047 intelligenda
575 1010 629 1038 est
645 1004 750 1037 nimia
763 1003 867 1037 animi

158 1055 315 1089 remissio
327 1060 364 1089 et
375 1056 522 1099 ignavia.
547 1056 631 1089 ltin.

203 1108 240 1139 11
266 1105 422 1148 Lama-is]
438 1107 567 1140 Lucan.
579 1107 754 1149 Panegyr.
770 1106 781 1124 ‘
791 1106 867 1139 Nec

158 1166 296 1200 semper
309 1158 477 1191 Guossius
499 1168 580 1201 arcu
604 1159 783 1200 Destinat,
806 1167 866 1190 ex-

158 1213 278 1252 empto
288 1209 350 1242 sed
365 1210 461 1242 laxat
471 1219 602 1249 cornua
614 1209 744 1243 nervo.'

201 1260 281 1294 Erit
292 1259 398 1302 utilis]
437 1261 489 1293 Eo
500 1260 552 1293 uti
563 1260 708 1303 poteris.
753 1259 812 1293 Sic
826 1259 865 1291 il-

148 1310 218 1344 ·iud
237 1311 250 1331 ‘
266 1311 384 1345 Utilis’
407 1311 506 1355 pouit
519 1310 583 1344 inf.
596 1319 650 1344 ιν.
666 1321 698 1344 c.
713 1313 745 1344 3.
762 1315 800 1343 et
811 1313 865 1344 24.

155 1361 282 1396 Plauto
314 1366 353 1395 et
383 1362 546 1396 Terentio
581 1366 638 1395 est
669 1362 680 1380 ‘
697 1359 864 1394 utibilis?

202 1468 245 1500 18
273 1465 378 1499 Iam
395 1465 483 1509 σία-ι’]
523 1465 616 1498 Dare
638 1464 744 1497 animo
764 1464 867 1496 lmum

158 1520 215 1550 eat
240 1516 292 1549 sic
320 1516 467 1558 dictum,
501 1520 542 1549 ut
577 1516 588 1535 ‘
605 1516 704 1549 Dare
735 1514 866 1557 populo

158 1566 418 1610 spectaculum}
470 1567 589 1600 Plaut.
625 1565 734 1599 Stich.
770 1564 867 1598 Prol.

156 1617 299 1652 ‘sticho
323 1617 425 1650 ludus
449 1615 575 1650 datur!
629 1614 799 1649 Horatius
822 1614 867 1647 ad

157 1669 223 1702 hoe
244 1668 444 1711 exemplum
466 1671 477 1687 ‘
492 1668 592 1701 Dare
615 1666 734 1700 ludum
749 1665 867 1699 amori'

157 1719 352 1762 usurpavit.
373 1718 466 1752 Vide
481 1729 558 1761 sup.
573 1728 603 1752 c.
620 1721 652 1752 1.
674 1717 783 1756 Schef.
813 1717 868 1750 Ex

156 1770 243 1804 loeis
257 1781 278 1804 a
289 1769 467 1804 Scheffero
491 1769 604 1803 allatis
623 1773 783 1812 apparet,
796 1777 866 1800 me-

156 1820 223 1856 liu·
238 1821 309 1866 legi
323 1822 415 1861 ludus
435 1821 520 1855 duri.
564 1820 682 1854 Plaut.
695 1819 864 1854 Bacchid.

1548 225 1635 268 533

923 346 976 370 xv.
994 338 1047 369 10.
1061 338 1095 369 7.
1116 334 1126 354 ⁶
1138 335 1209 368 Sed
1223 334 1324 367 nimis
1339 333 1420 366 nolo
1441 331 1586 366 desidiae
1602 331 1636 364 ei

922 387 1040 420 ludum
1065 386 1164 420 dari!
1218 387 1265 419 Et
1289 385 1406 419 casin.
1429 383 1570 424 Prolog.
1597 391 1634 414 v.

922 441 975 471 25.
1008 438 1019 456 ‘
1031 437 1148 470 Ludus
1186 437 1289 470 datus
1316 439 1373 468 est
1401 432 1636 476 argentariis?

921 489 1069 522 Tullium
1085 488 1129 522 ad
1146 488 1351 522 Ciceronem
1365 495 1428 529 pro
1444 484 1573 518 Archia
1586 485 1635 516 le-

923 550 1004 584 gere
1019 541 1116 583 lusus,
1132 543 1168 572 et
1182 539 1308 579 debent,
1320 537 1426 570 docet
1442 537 1634 578 Hoogstra-

922 597 1036 626 tanus.
1079 591 1138 624 Ita
1163 595 1201 624 et
1225 588 1479 623 Freinshemius
1507 587 1635 629 legisse

923 642 1074 676 videtur.
1097 643 1213 675 Burni.

971 694 1111 736 Debent]
1145 694 1220 726 Lex
1236 692 1382 725 metrica
1395 691 1517 733 exigit,
1532 695 1571 723 ut
1586 690 1635 722 le-

925 755 1057 790 gamus,
1071 745 1173 778 debet.
1197 745 1285 777 Ritt.

967 801 1008 830 13
1041 798 1096 830 Ad
1131 796 1348 838 cogitandum]
1402 796 1526 827 Senec.
1563 794 1634 826 De-

923 850 1022 882 clam.
1037 849 1098 881 lib.
1114 858 1141 881 1.
1157 849 1301 891 prologo
1315 857 1324 879 ε
1348 846 1358 864 ‘
1371 845 1543 879 Omnibus
1561 844 1635 887 qui-

924 901 1003 933 dem
1029 899 1173 942 prodest
1195 899 1392 940 subjectum
1417 897 1566 929 animum
1582 905 1635 928 re·

921 953 1052 985 laxare.
1103 951 1289 984 Excitatur
1313 950 1404 982 enim
1430 949 1501 981 otio
1526 948 1637 989 vigor,

922 1009 958 1036 et
971 1003 1081 1036 omnis
1097 1002 1253 1043 tristitia,
1271 1011 1348 1043 quae
1371 996 1634 1033 continuatione

922 1054 1109 1096 pertinacis
1129 1053 1235 1086 studii
1260 1052 1454 1093 adducitur,
1470 1049 1634 1083 feriarum

921 1106 1095 1138 hilaritate
1111 1102 1322 1137 discutitur!
1355 1104 1437 1136 Nev-

963 1155 1099 1198 Melior]
1142 1155 1255 1188 Bonus
1271 1156 1313 1186 ad
1336 1154 1551 1195 cogitandum,
1566 1156 1634 1194 est,

921 1209 1046 1250 facilis,
1064 1211 1258 1250 promptus,
1273 1210 1389 1248 aptus,
1404 1205 1510 1246 utilis,
1524 1205 1636 1237 imita·

921 1260 1017 1294 tione
1029 1259 1167 1300 Graeca,
1177 1257 1221 1290 de
1237 1267 1305 1301 qua
1319 1257 1449 1299 egimus
1464 1257 1501 1288 in
1510 1256 1634 1289 Indice

919 1312 1059 1345 AEliani.
1103 1311 1307 1354 Quanquam
1322 1313 1361 1341 et
1375 1308 1490 1341 Latini
1510 1309 1560 1342 sic
1586 1309 1635 1342 lo-

920 1367 1082 1406 quantur.
1105 1361 1214 1402 Sekef.

962 1413 1103 1456 Redeat]
1136 1413 1244 1445 Velut
1257 1411 1300 1444 de
1314 1411 1462 1453 expulso
1474 1421 1538 1453 per
1552 1412 1636 1444 mul-

921 1464 1061 1507 tiplices
1076 1463 1211 1496 labores
1224 1462 1391 1505 loquitur.
1422 1462 1482 1495 Ita
1492 1462 1634 1495 Curtius

920 1515 982 1549 lib.
997 1524 1055 1548 111.
1070 1518 1102 1547 5.
1115 1514 1127 1532 ‘
1143 1514 1319 1546 Paulatim
1335 1513 1503 1545 redeunte
1519 1512 1634 1546 auimo

921 1567 1186 1599 circumstantes
1201 1564 1330 1597 amicos
1345 1567 1536 1606 agnoverat
1544 1563 1566 1604 ς’
1588 1564 1635 1597 de

923 1627 976 1658 eo,
997 1626 1099 1659 quem
1116 1616 1167 1648 vis
1182 1614 1291 1647 morbi
1306 1615 1472 1656 ejecerat.
1515 1615 1633 1648 Tacit.

923 1666 1041 1709 Agric.
1067 1669 1101 1699 3.
1122 1666 1133 1685 ⁴
1150 1666 1255 1699 Nunc
1283 1665 1422 1698 demum
1446 1665 1540 1698 redit
1563 1666 1635 1699 ani·

920 1717 1023 1760 mus,’
1047 1717 1092 1750 de
1112 1727 1155 1751 eo
1177 1726 1280 1760 quem
1301 1721 1415 1749 metus
1435 1717 1632 1760 expulerat.

921 1768 1003 1803 vid.
1019 1778 1124 1812 supra
1138 1778 1171 1802 c.
1188 1770 1241 1802 13.
1262 1766 1370 1811 Sches.

687 2082 947 2127 FABULA
996 2084 1109 2127 XV.

203 2232 221 2262 1
263 2229 415 2272 Romi]
458 2229 685 2263 Succurrerat
717 2231 844 2273 palmiti
854 2242 868 2270 ,-

157 2279 220 2314 sed
235 2279 383 2314 fortasse
397 2280 480 2314 nihil
494 2280 754 2314 demutandum.
769 2282 869 2314 Prus-

154 2333 256 2368 chiuu.
310 2334 422 2367 Recte
448 2334 636 2367 Praschius
670 2334 789 2376 rejicit
811 2345 869 2377 pa-

154 2384 249 2426 lmati,
263 2383 355 2428 quod
371 2389 454 2418 ante
468 2385 741 2427 conjectaverat.
774 2385 867 2419 Nam

137 2435 276 2468 *balanti
290 2435 464 2468 desiderio
474 2436 609 2478 matris,
624 2446 778 2479 voceque
798 2437 866 2469 ista

155 2485 328 2530 quaerenti
344 2496 384 2519 ac
399 2486 541 2519 vocanti
553 2486 661 2528 velut,
670 2486 865 2530 intelligere

155 2537 334 2571 debemus.
358 2537 464 2577 Schef.

198 2588 352 2630 Bataui]
411 2588 481 2621 Ms.
517 2588 663 2622 bauainai.
721 2588 865 2631 Petunti,

155 2639 365 2680 Praschius3
392 2643 430 2672 et
445 2640 495 2672 ita
509 2639 693 2672 Salmasius
710 2639 754 2671 ad
771 2649 866 2673 oram

154 2689 234 2722 libri
249 2694 454 2732 notaverat3
476 2690 538 2723 sed
555 2690 729 2732 vulgatam
747 2694 866 2723 tuetur

155 2740 280 2783 Virgil.
295 2743 370 2774 AEn.
384 2750 440 2774 ix.
457 2742 467 2760 ⁴
485 2741 676 2776 Quaesitum
689 2745 750 2774 aut
765 2741 867 2774 matri

155 2792 272 2825 multis
288 2791 459 2826 balatibus
474 2791 623 2834 agnum!
665 2791 745 2825 Stat
759 2792 866 2825 etiam

155 2852 220 2885 pro
246 2843 389 2886 vulgata
417 2843 547 2878 Accius
577 2842 746 2876 Diomede
772 2842 866 2886 apud

923 2230 1094 2264 Nonium:
1119 2230 1130 2248 ⁴
1147 2229 1351 2271 Passimque
1377 2227 1496 2271 praeda
1520 2235 1634 2268 pecua

922 2279 1113 2314 halabant!
1155 2278 1452 2314 Jan.Gni1elmius
1467 2277 1583 2310 Veris.
1607 2285 1634 2309 1.

923 2341 956 2365 c.
972 2335 1026 2365 21.
1042 2341 1105 2375 pro
1117 2332 1227 2373 praedu
1241 2330 1332 2372 apud
1348 2329 1500 2362 Nonium
1515 2337 1633 2361 emen·

922 2382 1029 2416 dabat
1049 2382 1157 2425 precia
1167 2392 1181 2420 ,·
1213 2381 1409 2414 Scriverius
1421 2379 1548 2422 paedida
1559 2389 1573 2418 ,·
1595 2388 1633 2411 u-

921 2437 1045 2476 terque
1061 2432 1209 2473 frustra3
1242 2431 1365 2473 prada,
1385 2429 1422 2462 id
1447 2433 1514 2471 est,
1535 2429 1633 2471 lupo·

920 2494 1008 2517 rum.
1033 2484 1121 2516 Gud.

961 2538 983 2568 2
1006 2534 1127 2576 Stulte]
1152 2531 1383 2576 Objurgautis
1399 2534 1465 2564 est.
1499 2529 1607 2571 Schef.

963 2587 1039 2619 Non
1053 2589 1100 2618 est
1115 2586 1183 2618 haec
1197 2587 1300 2616 muter
1311 2583 1383 2626 tua]
1421 2583 1539 2616 Quare
1553 2582 1632 2621 hoec,

920 2645 1000 2670 cum
1025 2636 1069 2668 de
1092 2636 1188 2668 nulla
1212 2635 1354 2668 seorsim
1379 2633 1632 2666 antecesserit?

920 2688 980 2730 Et,
996 2687 1025 2720 si
1036 2694 1229 2720 monstrare
1244 2686 1339 2718 canis
1353 2689 1485 2718 certam
1502 2685 1634 2727 potuis·

920 2743 987 2782 set,
1009 2748 1071 2771 cur
1095 2737 1268 2770 desiderio
1294 2736 1369 2779 ejus
1395 2735 1548 2768 balasset
1573 2744 1632 2777 ag-

920 2790 1008 2823 nus?
1042 2790 1160 2824 Quare
1176 2797 1303 2822 censeo
1326 2787 1508 2830 scripsisse
1531 2787 1631 2820 th-

921 2841 1108 2883 drum,non
1133 2843 1179 2874 est
1200 2839 1269 2873 heic
1296 2841 1397 2872 mater
1421 2841 1490 2873 tua.
1534 2838 1634 2881 Heic,
