1806 3236
404 187 607 222 PnAEnm
639 186 750 220 ma.
782 185 1087 219 AEsomARuM
1124 185 1221 217 1213.
1255 185 1319 216 ιν.
1349 175 1392 217 7.

154 283 466 322 κθιιοιαπεύωε
486 284 548 324 τὴν
565 284 870 327 προσαγορευθεῖσαν

154 334 711 378 munitm-roem.
735 335 814 376 Εἰς.

166 403 175 418 r
187 390 405 425 M
417 390 642 431 Διιιιορση
657 387 805 420 Palladio
819 397 872 420 ra-

155 440 237 484 nn]
251 455 258 463 ν
272 441 368 476 Nota
393 439 527 483 Argum
547 439 648 482 hujus
672 439 771 472 navis
795 438 871 472 sive

155 493 245 528 τι*
271 492 501 526 architectum
528 490 647 524 fuisse.
693 491 749 523 De
764 498 871 533 opere

155 543 317 579 Pamin
351 543 446 588 quod
471 543 534 583 ait,
562 541 716 584 explicat
750 539 872 574 Claud.

153 597 166 617 ⁸
179 595 371 640 Ipsumque
393 593 552 628 secandis
575 590 872 635 Argoistrabibus

148 649 292 692 ,iactent
306 647 450 681 sudasse
465 646 660 679 Minervam
670 643 692 677 :’
707 646 776 677 &c.
800 642 873 676 Gu-

154 699 322 733 bernator
335 697 494 741 ejusdem
507 696 638 739 Tiphys
653 695 731 728 fuit.
754 695 843 728 Βία.

197 748 323 792 Arg-n]
346 749 552 790 Naupegus.
572 746 665 779 Vide
682 746 761 779 Vel.
778 746 873 780 Flac.

83 822 86 823 ν
156 801 286 842 Lib-71.
323 799 485 843 Hyginus
518 797 604 831 Fab.
635 806 715 831 xrv.
760 797 874 830 ‘Dux

154 853 264 888 Jasou
278 850 449 895 regnavit.
493 849 608 882 Faber
629 848 741 892 Argus
755 848 874 882 Danai

155 904 275 939 filius-³
298 902 406 943 Solus.

200 956 307 999 Oper's
327 954 492 997 Palladio]
528 954 619 989 Quae
639 953 783 996 fingitur
798 952 873 995 ipsa

154 1006 321 1049 dejectae
335 1005 480 1039 arbores
495 1005 540 1038 ad
556 1014 632 1037 eam
647 1003 873 1045 necessarias,

154 1061 196 1090 ut
209 1057 284 1099 ,iam
299 1056 552 1091 Rittershusius
575 1055 697 1089 docuit
712 1065 755 1088 ex
771 1055 872 1088 Clau-

154 1108 271 1143 diano.
316 1109 366 1142 Et
389 1108 567 1142 consentit
590 1108 811 1141 Callistratus
837 1107 871 1140 in

154 1159 309 1203 imagine
323 1159 528 1202 AEseulapii.
552 1158 660 1198 Schet'.

199 1214 243 1246 1⁰
257 1211 478 1255 Inhospitalis]
502 1211 671 1253 Proprie:
694 1220 774 1244 nam
788 1210 872 1243 olim

155 1262 310 1299 Aunu
341 1262 603 1306 appellabatur,
650 1262 711 1305 qui
746 1260 872 1295 deinde

156 1315 312 1352 Euxinus
338 1321 393 1349 est
419 1314 549 1356 dictus,
578 1318 724 1357 propter
747 1313 874 1346 crebra

153 1366 364 1402 latrocinia:
388 1365 469 1400 vide
486 1366 619 1409 Geogr.
641 1365 749 1406 Schef.
786 1365 874 1398 Pro-

155 1417 245 1462 prie,
266 1427 382 1462 neque
395 1417 470 1451 sine
487 1420 651 1460 respectu
663 1416 708 1450 ad
724 1415 875 1459 priscam

154 1470 450 1514 appellationum
482 1469 612 1512 quippe
651 1468 733 1501 olim
771 1466 876 1509 ἄξενος

156 1521 349 1556 dicebatur.
394 1519 567 1557 Pindarus
582 1520 618 1552 in
634 1519 873 1561 Pythionicis:

155 1572 226 1607 ’Er'
237 1571 375 1615 Ἀξείνου
386 1569 540 1614 [Πόντου]
563 1569 672 1611 Στόμα
685 1568 876 1611 remi-cipetum

157 1625 287 1666 ἤλυθον.
314 1623 490 1658 Luciauus
516 1623 551 1655 in
579 1621 739 1655 Toxari:
783 1619 876 1660 Μήτε

155 1675 366 1720 προσηγορίαν
376 1675 448 1718 [τοῦ
457 1672 608 1716 Πόντουᾞ
620 1672 876 1716 καταδείσαντες,

158 1729 351 1772 ΙπἌξενος
375 1729 536 1769 ἐκαλεῖτο,
562 1726 624 1766 οἶα,
650 1726 746 1769 οἶμαι,
761 1726 876 1770 ἆγρίων

111 1783 125 1787 ’
161 1782 257 1817 &3¹⁹
276 1779 527 1825 περιοικούντων.
572 1779 643 1813 Sed
670 1778 790 1812 facere
805 1788 875 1811 non

158 1844 312 1878 possum.
326 1834 410 1878 quin
421 1833 587 1867 stlocum
600 1832 706 1865 alium
721 1840 766 1864 ex
790 1830 876 1864 Ovi-

148 1886 215 1920 ›dio
237 1885 403 1926 afferam3
435 1883 528 1928 quod
545 1882 706 1927 equidem
721 1881 876 1915 facerem

159 1939 286 1981 ιιῑίιιιιι,
307 1938 344 1972 ni
358 1936 442 1971 mihi
459 1945 665 1979 persuasum
684 1933 788 1975 foret,
803 1943 877 1976 gra-

158 1989 374 2025 tificaturum
404 1997 480 2021 esse
506 1997 562 2020 me
590 1985 741 2020 Nasonis
766 1985 878 2018 Mani-

158 2041 239 2076 bus.
282 2040 377 2076 Quid
410 2039 526 2080 velim,
553 2038 628 2080 jam
661 2037 770 2078 scies,
795 2037 878 2070 audi

159 2091 276 2127 modo.
320 2093 434 2126 Locus
450 2096 506 2125 est
521 2090 556 2123 in
579 2094 737 2124 extrema
759 2089 878 2132 Elegia

162 2147 218 2179 18.
230 2144 293 2178 lib.
310 2153 369 2177 ιιι.
383 2144 486 2176 Trist.
503 2153 582 2186 quae
603 2151 687 2175 sane
709 2151 878 2184 perquam

153 2201 215 2231 ‚est
228 2197 383 2240 elegans,
406 2198 444 2229 et
469 2195 662 2238 ingeniosa,
677 2195 707 2227 si
721 2203 791 2237 qua
805 2194 878 2237 ejus

161 2249 340 2292 scriptoris
355 2248 424 2281 alia
438 2252 504 2281 est.
541 2247 745 2290 Alloquitur
761 2250 879 2279 autem

161 2301 314 2334 natalem
340 2310 449 2342 snum,
463 2304 642 2342 rogatque,
663 2308 707 2332 ne
731 2297 776 2331 ad
802 2307 878 2331 sese

161 2351 297 2394 redeat,
321 2351 485 2394 quamdiu
511 2352 547 2384 in
573 2351 716 2393 regione
731 2349 881 2383 Pontica

162 2403 377 2438 morabitur:
400 2403 410 2422 ‘
424 2403 463 2435 Si
478 2407 596 2436 tamen
609 2406 664 2435 est
679 2401 808 2445 aliquid
822 2410 880 2434 no-

161 2455 219 2489 bis
233 2455 300 2490 liae
315 2456 394 2488 luce
419 2454 494 2497 [die
510 2454 629 2492 natali,
642 2453 735 2496 seih]
762 2457 883 2496 peten-

164 2507 261 2550 dum,
275 2507 319 2542 Iu
333 2507 411 2541 loca
425 2517 469 2540 ne
494 2506 617 2540 redeas
640 2505 790 2548 amplius
816 2505 883 2538 ista

167 2553 304 2604 precor]
361 2559 458 2591 Dum
485 2568 541 2591 me
586 2561 758 2590 terrarum
801 2565 882 2599 pars

166 2620 269 2655 paene
290 2610 478 2644 novissima
501 2609 608 2642 Ponti
624 2609 780 2642 Euxinus
794 2607 884 2641 falso

166 2662 306 2696 nomine
322 2661 436 2695 dictus
466 2660 595 2695 habet-⁵
655 2660 746 2694 Haec
764 2660 885 2703 legunt

168 2723 286 2749 omues
304 2714 474 2757 puerique
486 2722 668 2757 ‚senesque
683 2724 692 2746 :
714 2713 790 2746 haec
806 2723 886 2756 pro-

167 2765 254 2803 bant
270 2774 387 2799 omnes
402 2776 411 2806 ;
436 2775 512 2809 quae
528 2769 646 2798 tamen
667 2765 886 2807 corruptissi-

169 2825 228 2851 ma
252 2825 342 2859 esse,
360 2817 439 2860 jure
471 2816 594 2853 videor
620 2826 719 2861 posse
742 2820 884 2852 conten-

1549 172 1635 216 595

921 282 1028 316 dere:
1053 292 1131 315 nam
1147 281 1228 326 quid
1251 281 1357 323 istuc,
1379 289 1454 323 pars
1470 280 1637 313 novissima

920 338 1080 368 ten-mm
1107 331 1231 367 Ponti?
1261 332 1439 366 Videlicet
1467 331 1503 364 in
1532 331 1637 364 tertio

922 396 1024 419 versu
1046 385 1252 428 legendum:
1291 384 1381 417 Dum
1403 392 1453 415 me
1479 385 1638 414 terrarum

918 447 998 480 pars
1010 447 1099 480 pane
1123 436 1304 477 novissima,
1330 435 1467 476 Pontus,
1490 434 1638 466 Euxinus

914 488 1003 530 salso
1027 489 1154 522 nomine
1179 487 1298 528 dictus,
1323 485 1427 519 habet.
1473 485 1553 518 Non
1586 489 1638 518 te-

922 551 1018 574 mere
1031 542 1080 574 ait
1095 541 1245 573 Pontum
1262 538 1436 572 Euxinum
1447 547 1524 571 esse
1536 547 1637 580 paene

922 591 1140 625 novissimam
1170 593 1306 632 partem
1334 594 1527 622 terrarum:
1559 598 1638 622 cum

923 647 1083 676 veterum
1113 641 1266 685 quidam,
1292 644 1332 673 ut
1355 640 1478 681 cuivis,
1499 639 1558 683 qui
1581 640 1637 672 vel

924 695 1036 738 prima
1062 698 1198 727 tantum
1221 693 1394 726 elementa
1416 693 1480 724 τῶν
1493 703 1635 734 tympa-

923 748 1021 788 φαιῶν
1042 745 1142 788 legit,
1163 748 1283 778 notum
1312 748 1380 786 est,
1401 753 1471 776 non
1496 744 1600 786 longe
1617 753 1638 775 a

923 797 1040 830 Ponto
1071 796 1209 830 Euxiuo
1240 795 1422 828 Oceanum
1453 794 1639 828 Borealem

924 857 1013 889 esse,
1038 852 1075 880 et
1089 857 1184 880 mare
1200 846 1403 888 Hyrcanum
1427 846 1501 888 ejus
1527 845 1639 879 sinum

923 899 1167 933 existimarint.
1211 897 1262 931 At
1281 897 1448 940 imperiti,
1465 897 1523 940 qui
1540 897 1639 931 nobis

922 950 1014 984 hunc
1037 950 1151 983 locum
1176 953 1417 992 corruperunt,
1446 948 1642 991 credidere,

922 1001 1017 1045 loqui
1055 1001 1223 1035 Ovidium
1252 1001 1296 1034 de
1322 1005 1424 1044 parte
1456 1000 1640 1034 novissima

922 1053 1042 1095 Ponti,
1060 1053 1095 1086 in
1112 1062 1216 1096 quam
1239 1052 1373 1086 scilicet
1400 1052 1573 1095 relegatus
1589 1051 1642 1085 fu·

923 1110 1020 1140 erat:
1045 1104 1138 1148 quod
1149 1106 1199 1138 ita
1214 1105 1372 1147 ineptum
1388 1103 1639 1148 ridiculumque

922 1161 987 1200 est,
1007 1161 1048 1190 ut
1070 1156 1171 1189 alium
1189 1155 1414 1199 quaerendum
1429 1165 1506 1189 esse
1522 1156 1642 1189 existi-

921 1218 1024 1251 mem,
1039 1207 1099 1252 qui
1114 1208 1300 1250 nugatoria
1325 1207 1386 1240 illa
1405 1208 1523 1249 capita
1539 1206 1640 1241 refel-

920 1261 993 1294 lat:
1018 1269 1097 1293 nam
1113 1258 1196 1292 mihi
1213 1259 1279 1292 alio
1296 1258 1551 1302 properandum
1574 1263 1641 1299 est.

923 1312 1043 1346 Faber.

967 1365 1176 1408 Inhospitalis
1207 1364 1305 1398 Ponti
1345 1363 1448 1406 sinus]
1492 1364 1536 1397 Id
1570 1369 1644 1406 est,

923 1417 1064 1459 Euxini,
1078 1417 1137 1460 qui
1150 1415 1266 1458 ἅξεινος
1279 1416 1411 1459 potius,
1434 1426 1536 1459 quam
1550 1416 1643 1457 εὔξει-

923 1480 989 1510 νος,
1002 1468 1072 1501 dici
1088 1469 1300 1505 merebatur.
1342 1469 1402 1502 Sic
1418 1469 1428 1487 ‘
1446 1469 1643 1511 Inhospita-

925 1518 995 1551 lem
1010 1518 1212 1552 Caucasum'
1228 1522 1332 1552 vocat
1346 1519 1526 1553 Horatius.
1549 1519 1645 1553 Ritt..

970 1569 1100 1612 Prima]
1145 1569 1299 1604 Martial.
1326 1570 1391 1612 Ep.
1418 1579 1485 1602 vu.
1514 1573 1567 1603 17.
1598 1570 1643 1603 de

925 1620 1122 1664 fragmento
1165 1620 1304 1663 Argus:
1350 1622 1361 1639 ‘
1393 1621 1644 1664 Fragmentum

925 1673 1021 1716 quod
1045 1672 1112 1706 vile
1137 1676 1239 1715 putes
1276 1676 1313 1706 et
1349 1672 1470 1705 inutile
1496 1674 1642 1716 lignum,

926 1725 1016 1758 Haec
1032 1723 1100 1758 fuit
1114 1724 1226 1767 ignoti
1242 1725 1354 1767 prima
1378 1725 1497 1758 carina
1512 1725 1639 1759 maris!

925 1776 1087 1809 Lucanus
1114 1776 1236 1809 itidem
1263 1785 1322 1808 ιιι.
1348 1778 1421 1810 193.
1464 1776 1475 1794 ‘
1491 1776 1579 1809 Inde
1596 1778 1643 1810 la-

926 1828 1094 1862 cessitum
1133 1827 1245 1870 primo
1279 1837 1387 1870 mare,
1431 1837 1510 1861 cum
1548 1827 1642 1860 rudis

926 1882 1021 1926 Argo
1037 1882 1183 1916 Miscuit
1198 1882 1335 1924 ignotas
1353 1886 1523 1915 temerato
1540 1882 1645 1916 litore

926 1937 1073 1981 gentes:
1104 1936 1195 1970 Vide
1211 1940 1249 1970 et
1276 1936 1441 1978 Propert.
1457 1936 1518 1968 lib.
1540 1945 1583 1969 11.
1599 1935 1644 1968 ad

927 1989 1115 2032 cynthiam
1142 1988 1186 2021 de
1213 1987 1344 2021 somnio
1375 1985 1561 2028 naufragii,
1586 1986 1648 2019 ubi

927 2041 1049 2075 eodem
1065 2040 1221 2084 epitheto
1237 2041 1246 2058 ‘
1264 2039 1375 2072 Rudis
1391 2039 1485 2080 argo’
1500 2038 1645 2072 dicitur.

928 2092 1097 2126 Ovidium
1124 2091 1257 2133 pariter
1282 2089 1402 2124 Amor.
1417 2090 1514 2133 Eleg.
1531 2099 1572 2123 11.
1590 2093 1644 2123 11.

928 2146 1012 2179 Nev.
1050 2145 1060 2163 ‘
1079 2144 1196 2176 Prima
1210 2143 1324 2175 Deum
1339 2143 1471 2185 magnis
1487 2143 1646 2176 canimus

928 2198 1022 2230 freta
1037 2196 1155 2240 pervia
1171 2195 1286 2228 nautis
1300 2195 1321 2236 ;’
1352 2199 1393 2228 ιιι
1407 2195 1544 2228 orditur
1559 2205 1646 2238 epos

927 2260 1026 2282 suum
1051 2248 1131 2282 Val.
1167 2248 1328 2286 Flaccus,
1359 2246 1453 2290 quod
1490 2246 1647 2289 explicat

929 2299 1048 2334 Gifan.
1074 2299 1154 2332 Iud.
1180 2299 1283 2331 Lucr.
1310 2307 1386 2330 voc.
1406 2297 1523 2340 prima.
1539 2298 1647 2331 ovid.

930 2352 1022 2386 Met.
1046 2351 1106 2384 lib.
1127 2360 1178 2383 vi.
1194 2349 1255 2383 fin.
1299 2349 1309 2368 ‘
1327 2350 1468 2382 Vellera
1483 2359 1560 2382 cum
1578 2350 1646 2382 Mi-

930 2404 1008 2447 nyis
1037 2402 1148 2435 nitido
1173 2401 1344 2434 radiantia
1367 2401 1451 2434 villo
1466 2401 1539 2434 Per
1554 2410 1648 2434 mare

931 2464 1004 2488 non
1028 2458 1148 2487 notum
1179 2452 1290 2496 prima
1334 2452 1470 2494 petiere
1508 2452 1649 2486 carina.’

933 2507 1032 2541 Idem
1064 2511 1192 2546 tamen,
1230 2505 1265 2537 in
1296 2504 1531 2547 descriptione
1561 2504 1648 2537 dilu-

933 2559 995 2601 vii,
1017 2558 1247 2600 navigiorum,
1270 2559 1310 2588 ut
1325 2555 1375 2588 rei
1402 2551 1650 2596 usitatissimae,

933 2612 1100 2645 meminit.
1158 2610 1205 2642 Et
1230 2607 1401 2641 Phaedrus
1427 2607 1463 2640 in
1493 2607 1556 2640 hac
1587 2607 1654 2641 Di-

934 2662 1110 2706 gressioue
1127 2660 1257 2694 Minois
1274 2660 1470 2702 exemplum
1490 2659 1648 2702 opponit.

935 2714 1023 2749 Quae
1054 2714 1105 2747 sic
1133 2712 1311 2746 conciliari
1354 2714 1500 2754 possunt
1535 2710 1650 2744 verbis

934 2765 1050 2799 Vossii
1067 2765 1155 2798 Inst.
1172 2764 1274 2798 Orat.
1292 2763 1350 2796 lib.
1368 2773 1401 2797 v.
1417 2773 1449 2796 c.
1466 2765 1499 2796 2.
1517 2767 1601 2796 sect.
1616 2765 1651 2796 7.

935 2818 945 2836 ‘
963 2817 1033 2851 Sed
1066 2826 1128 2860 pro
1146 2815 1264 2851 Poeta
1287 2815 1417 2851 dixerit
1434 2815 1568 2859 aliquis,
1584 2823 1656 2848 nou
