1806 3236
420 221 622 254 ramniu
657 220 765 255 ma.
802 221 1106 254 AEsormnum
1143 221 1236 254 mn.
1270 221 1304 253 1.
1335 211 1405 254 30.

174 317 256 356 «lm
269 326 316 355 08
331 317 568 352 vetustissimo
591 318 735 353 codice:
759 318 885 352 Asinus

173 369 322 410 odunt,
352 368 508 404 distento
545 370 686 404 immani
720 375 758 404 et
786 376 885 404 vasto

169 421 315 464 fucino,
347 421 458 455 simile
494 421 580 455 illud
621 432 697 456 esse
729 423 780 456 ait
807 423 885 465 apri

170 477 292 508 rostro.
336 471 460 516 Aseni,
480 473 637 507 homines
662 474 752 507 bene
778 483 883 516 pecu-

166 525 255 563 listi.
299 525 421 569 anue
437 535 522 558 voce
543 525 627 558 lusit
643 526 750 558 etiam
771 527 883 561 Quar-

167 576 246 616 tilla
260 576 354 620 apud
376 577 522 610 Petron.
543 577 617 610 Sat.
647 577 659 595 ‘
672 577 789 610 Hodie
804 579 884 620 post

168 629 313 663 usuum
341 629 451 663 diaria
478 638 547 662 non
577 628 697 663 sumo!
754 628 884 662 Juven.

167 682 243 717 Sat.
258 691 312 716 ιι.
330 681 343 701 ⁸
355 680 474 715 Alium
496 680 661 724 bipedem
678 680 743 714 sibi
759 679 885 723 quaerit

167 732 336 768 asellum?
368 733 451 766 Vid.
478 736 552 767 vet.
582 733 719 775 Interp.
749 726 885 766 et‘fab.

167 785 338 820 Asinaria
373 784 563 829 Pasiphaes
606 783 669 818 As.
707 783 816 818 Aurei
846 793 885 818 x.

166 836 303 871 Puellae
318 845 466 880 quoque,
480 836 552 870 sive
575 835 789 869 cinaedorum
804 835 885 868 cho-

166 897 240 930 rus,
254 887 264 906 ‘
279 885 432 921 asinum'
447 886 612 920 maritum
627 895 726 920 suum
739 890 883 920 vocant:

166 939 284 974 Miles.
298 948 383 973 vm.
413 938 495 980 Εἰς.

208 989 367 1024 Demissis
376 988 526 1033 pedibus]
549 988 715 1023 Plautina
730 992 768 1022 et
783 987 881 1022 Cice·

165 1041 312 1076 roniana
324 1041 470 1075 locutio.
504 1041 593 1074 Rite.

208 1095 230 1125 8
251 1091 326 1125 Hoc
338 1094 442 1125 mero
457 1091 527 1133 tuo]
559 1091 647 1133 Hoc,
669 1090 705 1124 id
728 1093 795 1132 est,
819 1099 880 1132 pe-

163 1142 241 1184 nin
263 1147 369 1177 nstro
393 1147 525 1185 autem,
555 1146 702 1185 propter
724 1142 878 1175 eminen-

163 1194 247 1228 tiam
274 1193 425 1237 glandis.
470 1193 653 1227 Hactenus
677 1192 770 1226 enim
786 1192 878 1226 inter

162 1255 200 1280 se
211 1245 424 1280 conveniunt
434 1246 579 1289 optime.
599 1245 671 1279 Sed
686 1245 763 1278 haec
773 1244 878 1278 foeda.

161 1297 255 1332 lumi
278 1298 337 1332 soc
359 1308 438 1332 cnm
464 1307 549 1332 sono
572 1301 628 1331 est
644 1297 879 1340 pronuncian-

162 1349 258 1392 dum,
272 1359 353 1383 nam
375 1348 482 1383 habet
494 1349 575 1393 'vim
591 1348 879 1390 demonstrantis,

162 1405 200 1435 et
215 1401 314 1434 velut
327 1399 476 1444 digitum
498 1395 730 1435 intendentis.
768 1398 878 1440 Schet'.

162 1453 244 1488 vid.
259 1453 302 1487 sd
321 1453 465 1487 Petron.
479 1463 512 1487 c.
527 1456 581 1487 12.

204 1507 229 1538 0
250 1503 465 1547 onerosum]
499 1505 653 1548 Dignum
682 1514 811 1548 genere
837 1513 879 1538 ae

161 1561 242 1591 ortu
267 1567 341 1592 suo.
377 1557 502 1591 Cicero
521 1558 559 1590 in
585 1558 719 1591 Bruto:
740 1556 751 1575 ‘
768 1557 880 1598 Voce,

161 1613 270 1652 motu,
303 1607 416 1642 forma
448 1619 585 1653 quoque
622 1608 808 1652 magnifica
841 1612 881 1641 et

160 1660 356 1704 generosa!
389 1661 450 1695 Sic
472 1661 484 1680 ⁴
499 1661 673 1696 Generosi
692 1659 876 1704 discipuli’

159 1712 254 1756 apud
283 1711 421 1746 Cornel-
449 1711 544 1756 Nep.
573 1712 658 1746 Vita
682 1711 764 1746 Att.
788 1721 820 1745 c.
845 1714 876 1745 1.

202 1818 248 1850 lo
269 1815 318 1849 Et
333 1814 463 1858 smilis]
494 1814 781 1859 Elegantissimus
805 1815 875 1849 Cu-

159 1877 266 1912 perns
281 1867 430 1902 observ.
450 1867 510 1902 lib.
524 1877 567 1903 n.
581 1871 637 1903 20.
647 1868 876 1902 scribendum

159 1924 276 1964 putat,
301 1922 355 1954 En
370 1921 497 1963 sacius,
511 1931 568 1954 me
591 1921 699 1955 invito
721 1921 875 1965 quidem.

161 1972 304 2005 Nullam
319 1972 412 2006 enim
427 1971 512 2005 illud
536 1973 590 2005 En
611 1973 666 2005 hic
688 1972 793 2006 habet
807 1973 876 2006 ele-

161 2023 324 2067 gantiam,
337 2033 442 2067 quam
463 2024 538 2067 lpse
555 2028 671 2067 putat,
691 2024 759 2059 imo
775 2024 878 2066 plane

1562 210 1642 254 421

939 320 1087 354 otlosum
1117 323 1184 354 est.
1229 319 1280 354 Ut
1307 319 1398 353 enim
1429 317 1559 352 habeat
1586 320 1655 352 ele-

941 372 1106 415 gantiam,
1129 381 1274 405 necesse
1299 375 1364 413 est,
1387 375 1428 404 ut
1449 371 1579 414 aliquid
1596 371 1656 403 de·-

939 427 1119 457 monstret.
1143 424 1264 457 Voluit
1280 423 1372 456 enim
1389 426 1523 456 tantum
1538 421 1655 455 facere

938 474 1105 518 impetum
1133 484 1231 518 aper,
1258 484 1328 507 non
1357 473 1454 507 fecit.
1499 472 1657 513 Quodsi

938 524 1092 567 fecisset,
1108 525 1142 558 in
1158 525 1272 558 medio
1289 530 1405 558 tamen
1427 524 1489 557 illo
1510 523 1656 566 impetu,

938 581 988 620 et,
1001 587 1079 610 eum
1089 577 1162 619 jam
1179 577 1381 619 discerpere
1395 575 1567 619 potuisset
1589 576 1655 609 asi-

938 638 1033 672 num,
1060 628 1271 662 cohibuisset
1300 638 1390 669 sese,
1426 632 1501 661 tum
1529 626 1654 661 fuisset

938 681 1034 714 locus
1057 680 1104 713 illi
1137 681 1204 723 En,
1232 680 1329 724 quasi
1353 679 1511 713 diceret:
1533 679 1654 720 Vides,

939 735 976 765 te
991 741 1066 764 esse
1082 731 1116 763 in
1133 735 1308 774 potestate
1327 740 1416 764 mea.
1455 730 1560 763 Nunc
1575 739 1655 763 cum

940 783 1025 816 nihil
1049 783 1119 816 tale
1144 783 1189 815 de
1220 793 1305 825 apro
1329 782 1479 823 dicatur,
1506 781 1554 814 nil
1579 791 1654 814 nm-

939 835 1085 868 tandum
1110 843 1237 868 censeo
1259 834 1295 866 in
1319 837 1464 876 recepta
1489 831 1655 866 lectione.

939 886 1046 927 Schef.
1091 887 1146 919 En
1172 890 1290 919 tamen
1311 889 1349 919 et
1378 883 1542 917 Heinsius
1566 883 1655 916 libro

938 947 1001 970 suo
1015 937 1214 980 adscripsit.
1259 937 1346 970 Cum
1369 935 1548 970 Scheffero
1571 945 1655 979 quo·

937 998 1004 1032 que
1019 988 1112 1022 idem
1135 988 1243 1022 sentit
1258 988 1322 1022 Vir
1344 988 1561 1022 Clarissimus
1587 987 1655 1021 Pe-

935 1040 1043 1073 rizon.
1063 1040 1107 1073 ad
1129 1040 1248 1073 Sanct.
1276 1039 1428 1073 Minerv.
1451 1039 1513 1073 lib.
1531 1048 1582 1072 lv.
1606 1038 1652 1072 de

936 1091 1073 1134 Ellipsi‚
1089 1092 1147 1135 qui
1171 1091 1327 1134 plurimis
1342 1090 1547 1124 familiarem
1563 1091 1652 1124 hanc

932 1143 990 1175 τοῦ
1003 1142 1097 1175 dixit
1112 1142 1249 1185 ellipsin
1264 1142 1434 1176 ostendit.

979 1197 1024 1228 Et
1030 1195 1162 1237 facilis]
1184 1195 1482 1238 Subaudiendnm,
1507 1204 1653 1238 respon-

933 1248 1052 1282 debat.
1074 1248 1132 1282 Sic
1148 1247 1221 1281 fab.
1237 1258 1309 1291 seq.
1326 1250 1338 1267 ⁸
1353 1248 1419 1281 Est
1432 1247 1540 1280 statio
1554 1252 1660 1290 sepa:

934 1299 1038 1333 rata!
1075 1300 1123 1334 Et
1144 1300 1311 1343 imprimis
1332 1299 1452 1333 similis
1471 1300 1566 1332 locus
1587 1299 1651 1332 lib.

933 1360 985 1384 iv.
1006 1349 1078 1384 fab.
1094 1353 1148 1384 23.
1170 1352 1181 1369 ‘
1196 1350 1291 1385 Quid
1314 1351 1436 1384 horum
1458 1349 1570 1384 simile
1585 1350 1651 1384 tibi

933 1402 1095 1445 contigit,
1110 1402 1277 1435 Rustica?
1300 1402 1366 1435 Est
1380 1401 1552 1444 gloriosus
1566 1411 1650 1434 sane

933 1454 1113 1487 convictus
1143 1454 1285 1488 Deum)
1348 1454 1507 1490 Quorum
1543 1453 1653 1497 priori

932 1516 1035 1540 versu
1051 1507 1163 1540 adhuc
1177 1507 1370 1549 interrogat
1385 1510 1649 1549 museasposte-

934 1557 1017 1591 riori
1034 1557 1243 1600 respondere
1259 1557 1383 1600 incipit
1396 1556 1551 1591 formica.

979 1612 995 1642 1
1002 1612 1020 1642 1
1030 1609 1197 1652 [aquinari
1206 1610 1276 1642 niolo
1284 1610 1400 1652 ignavo
1407 1608 1576 1651 sanguine]
1585 1609 1651 1641 Ta-

934 1660 977 1693 lis
988 1661 1082 1704 apud
1098 1661 1318 1695 Guntherum
1333 1666 1491 1694 nostrum
1507 1661 1530 1694 l.
1540 1670 1583 1693 ιι.
1597 1670 1648 1694 vs.

930 1715 1008 1746 486.
1017 1713 1228 1746 describitur
1235 1722 1423 1756 generosus
1431 1713 1519 1745 Leo:
1528 1713 1538 1731 ‘
1547 1712 1652 1754 Sper·

930 1763 1053 1807 nitque
1066 1763 1191 1797 minori
1205 1765 1360 1807 Tingere
1373 1764 1472 1797 caede
1483 1772 1602 1806 genas,
1612 1767 1651 1797 et

930 1815 990 1848 vili
1006 1815 1173 1858 sauguine
1189 1815 1311 1859 pasci:
1341 1815 1431 1850 Βία.

973 1867 1113 1910 Ignuvo]
1135 1867 1257 1909 Ignavi
1272 1866 1457 1900 animantis
1472 1865 1649 1908 sanguine.

931 1919 1074 1961 Ignem
1086 1923 1202 1953 autem
1214 1920 1271 1953 hic
1283 1918 1444 1961 imbellis,
1457 1917 1649 1951 invalidus:

932 1970 990 2003 Ita
1006 1980 1112 2013 supra
1127 1980 1159 2004 e.
1172 1973 1227 2005 21.
1260 1969 1369 2011 Sches.
1578 1973 1582 1976 ⁴

654 2255 916 2302 FABULA
966 2256 1148 2300 XXX.

203 2391 305 2425 Runae
339 2395 512 2426 manentes
547 2395 712 2425 taurorum
745 2385 878 2434 puelia]

158 2442 241 2477 vid.
258 2443 384 2477 norat.
398 2444 475 2477 Sat.
488 2443 548 2477 lib.
565 2453 606 2477 ιι.
621 2447 654 2477 ³.
690 2444 770 2485 Rig.

202 2496 221 2527 1
246 2495 412 2538 Humiles]
434 2495 637 2528 Prudenter
652 2496 745 2538 apud
767 2496 876 2530 Justi·

157 2555 239 2579 num
254 2546 439 2590 Philippus
456 2547 506 2580 ait
518 2547 578 2580 lib.
595 2556 701 2580 xxix.
714 2550 746 2580 3.
764 2548 775 2566 ⁴
793 2548 876 2581 Cer-

158 2606 244 2630 nere
259 2607 298 2630 se
313 2607 415 2642 quam
430 2602 576 2631 cruenta
598 2601 636 2631 et
658 2598 878 2641 sanguinaria

158 2647 251 2682 inter
272 2658 310 2682 se
334 2647 429 2682 bella
450 2649 591 2692 utrique
611 2650 730 2692 populi
746 2650 876 2683 viribus

161 2699 338 2741 copiarum
365 2704 404 2733 et
418 2699 546 2734 ducum
574 2700 707 2734 artibus
729 2707 873 2744 gerant:

161 2758 240 2792 que
255 2749 368 2784 rabies
382 2750 474 2784 finiri
500 2752 573 2785 solo
599 2752 711 2796 partis
731 2753 875 2787 alterius

161 2800 318 2841 interitu,
339 2802 413 2835 sine
438 2803 539 2836 ruins
555 2802 792 2848 finitimorum,
806 2814 876 2838 non

163 2851 298 2894 possit:
322 2852 404 2885 Nee.

977 2390 1156 2433 Laborem]
1196 2389 1238 2422 Id
1269 2392 1336 2431 est,
1368 2388 1582 2432 affliguntur,
1611 2394 1649 2423 et

933 2442 1096 2485 periculis
1112 2441 1253 2474 obnoxii
1266 2444 1358 2474 sunt.
1395 2441 1540 2476 Petron.
1567 2451 1646 2484 cap.

931 2492 988 2528 44.
1011 2494 1022 2512 ⁴
1038 2493 1193 2536 Populus
1220 2492 1371 2524 minutus
1396 2491 1544 2532 laborat,
1567 2501 1648 2525 nam

932 2545 1010 2578 istae
1026 2545 1174 2587 majores
1194 2543 1345 2576 maxillae
1369 2551 1508 2585 semper
1530 2542 1650 2576 Satur-

932 2596 1024 2629 nalia
1039 2595 1171 2639 agunt!
1196 2597 1301 2629 Axon.
1334 2594 1414 2627 vid.
1438 2595 1480 2627 ad
1504 2595 1648 2630 Petrona

933 2658 966 2682 c.
984 2651 1036 2681 15.

975 2703 997 2732 2
1022 2699 1169 2740 Pugnam
1192 2696 1373 2738 taurorum]
1410 2696 1500 2729 Haec
1532 2706 1650 2740 pugna

931 2751 1079 2783 maxime
1097 2750 1160 2782 sub
1184 2748 1296 2781 coitus
1318 2753 1475 2790 tempore
1497 2747 1573 2781 fieri
1596 2758 1649 2782 so-

931 2802 1039 2844 lebat,
1054 2811 1132 2834 cum
1163 2800 1270 2841 tauri,
1295 2800 1352 2842 qui
1382 2804 1485 2832 antea
1512 2800 1576 2833 soli
1604 2811 1645 2833 ac

932 2853 1085 2896 separati
1104 2863 1124 2884 a
1136 2861 1319 2884 vaccarum
1332 2852 1540 2884 commercio
1553 2851 1646 2895 pasci
