1806 3236
370 225 573 259 rna-:nm
605 225 715 257 ΒΑΕ.
748 225 1054 258 AEsomARUM
1087 226 1186 258 Lus·
1217 225 1250 258 1.
1281 214 1354 258 16.

124 331 228 365 supra
240 331 322 365 cap.
336 324 369 355 9.
416 321 508 355 Nam
531 320 606 354 ovis
622 320 729 353 verba
744 325 836 361 sunt,

125 384 206 419 qun
241 377 444 418 sequuntur.
474 373 580 414 Solus.
632 375 837 415 Προσφοβου-

124 425 214 467 μύω.
236 426 358 461 Utitur
367 426 434 459 hoc
443 425 549 459 verbo
562 431 600 458 et
612 425 778 458 CaesarB.
789 425 836 458 G.
869 468 871 470 K

125 487 195 512 vn.
207 480 264 513 48.
279 482 318 512 et
331 477 437 511 Pont.
457 476 596 509 Paulin.
619 476 732 518 Epist.
754 485 837 518 qua-

125 529 205 563 dam
216 528 262 563 ad
273 527 406 562 Annon.
430 527 567 561 Prosch.
599 526 836 560 Praemetuendi

125 579 246 619 verbo,
259 588 328 612 non
343 577 446 613 facile
469 578 585 620 obvio,
601 587 711 621 eaque
723 587 760 612 re
777 576 836 610 ob-

122 630 308 672 servando,
328 630 382 664 usi
402 634 483 663 sunt
505 633 637 673 praeter
650 627 838 662 Phaedrum

127 684 268 719 heret.
285 691 343 718 ιιι.
353 685 431 717 20⁷.
442 687 479 716 et
495 692 547 716 iv.
559 685 637 715 82⁰.
659 682 778 715 Caesar
792 679 836 713 de

79 730 86 736 “
124 733 226 769 Bello
237 734 375 768 Gallico
387 743 455 767 vu.
467 744 546 776 cap.
557 735 612 767 49.
647 732 838 776 symmach.

126 785 240 830 Epist.
255 795 282 821 1.
297 789 330 819 1.
352 785 498 820 Plautus
512 785 655 828 Prolog.
681 783 836 827 Amphit.

126 842 271 882 usurpet
305 838 316 856 ‘
331 835 538 871 Praetimet!
575 835 683 870 Axen.
742 835 838 877 Lege

125 893 333 933 pro-rm
357 889 433 923 doli.
464 888 588 922 Heins-
642 886 733 919 Vide
764 887 839 929 ejus

127 945 227 975 notas
241 941 287 975 ad
301 939 406 975 ovid.
419 940 510 975 Met.
524 948 550 972 ι.
566 940 642 972 823.

170 995 192 1026 5
229 990 355 1035 Rapere
388 993 482 1034 atque
514 989 617 1032 abire]
677 988 840 1021 Observa

128 1043 270 1086 elegam
281 1042 478 1087 antitheton
492 1041 527 1075 in
536 1040 625 1074 abire
634 1044 671 1073 et
682 1040 839 1073 advenire.

125 1093 186 1128 lta
209 1103 278 1130 nnn
301 1093 368 1127 erit
393 1102 456 1127 cur
480 1091 521 1125 τὸ
548 1092 637 1125 abire
663 1096 777 1124 mutes
804 1092 840 1123 in

127 1154 239 1180 even.-
258 1148 301 1178 ιιι
313 1143 451 1188 quidam
461 1148 594 1187 praeter
610 1152 681 1175 rem
693 1147 838 1185 argutus

128 1195 320 1233 divinabat.
357 1195 446 1229 Rite.

169 1246 277 1293 Atque
300 1246 404 1290 ubire]
445 1247 657 1290 Eleganter:
693 1245 761 1287 Tu,
790 1244 840 1278 in·

124 1297 218 1344 quit,
228 1297 318 1333 soles
331 1297 480 1342 primum
493 1306 632 1339 rapere,
646 1300 683 1329 et
706 1301 841 1339 postea,

122 1355 208 1387 ’cum
222 1349 380 1391 rapinam
394 1347 523 1390 fecisti,
544 1348 709 1381 celeriter
731 1346 842 1380 disce·

129 1400 225 1442 dere,
253 1410 302 1433 sc.
325 1409 370 1433 ne
389 1399 674 1443 deprehendaris.
717 1398 766 1431 Et
787 1403 843 1432 est

128 1450 182 1484 ita
200 1450 360 1492 luporum
386 1448 614 1483 consuetudo.
659 1448 845 1481 Particula

128 1504 161 1535 et
183 1504 238 1534 est
253 1510 299 1533 cx
325 1499 442 1534 media
455 1499 630 1534 latinitate
645 1499 844 1542 desumpta,

129 1562 210 1594 'quae
239 1551 296 1585 liic
324 1560 392 1585 non
423 1555 496 1587 tam
526 1552 718 1593 connectit,
743 1561 844 1594 quam

131 1601 346 1636 celeritatem
373 1601 557 1645 significat.
605 1603 654 1636 Et
679 1603 848 1635 sic-usur-

131 1662 235 1696 passe
264 1653 453 1696 Virgilium
475 1653 609 1695 Georg.
639 1663 667 1686 1.
690 1664 740 1686 vs.
768 1656 845 1686 203.

129 1705 272 1739 Servius
288 1709 450 1739 testatur.
466 1704 570 1738 Adde
579 1706 678 1739 Curt.
697 1714 754 1738 ιιι.
765 1708 799 1738 7.
813 1707 847 1737 6.

128 1759 172 1789 ‘et
189 1764 272 1800 seq.
319 1754 490 1799 Apuleius
515 1756 578 1789 lib.
608 1754 675 1789 vu.
696 1757 707 1774 ⁴
725 1755 849 1788 Noluit

132 1806 252 1843 Cesar
266 1817 344 1841 esse
357 1808 591 1843 semilatronis
603 1808 800 1851 collegium,
811 1813 850 1841 et

132 1857 318 1897 confestim
334 1858 495 1892 interiit.'
549 1859 660 1892 Vetus
678 1860 849 1902 interpres

132 1908 319 1944 bibliorum
332 1908 512 1952 Matthaei,
522 1919 555 1942 c.
568 1912 623 1943 13.
643 1910 655 1928 ‘
667 1910 775 1943 Venit
785 1910 849 1943 ini-

132 1960 242 1995 micus
257 1961 347 2004 qius,
362 1966 400 1994 et
414 1961 704 2004 superseminavit
716 1961 851 1994 zizania

131 2007 171 2047 in
180 2011 297 2047 medio
311 2011 435 2054 tritici,
450 2017 487 2045 et
501 2011 609 2045 abiit!
642 2013 773 2046 Noster
788 2012 850 2046 inf.

132 2062 262 2099 lib-111.
275 2066 329 2097 19.
350 2063 360 2082 ‘
375 2063 709 2106 Hominem,inquit‚
720 2073 851 2106 quaero,

134 2113 285 2149 etabit!
308 2114 435 2155 Sem..
462 2115 553 2150 Quoe
578 2113 774 2147 Schefferus
796 2114 851 2147 hic

133 2164 180 2199 de
203 2165 380 2209 particula
400 2169 433 2198 et
463 2165 641 2207 observat,
662 2165 791 2198 rectius
806 2166 851 2199 de

133 2219 240 2260 atque,
269 2226 348 2259 quae
369 2215 426 2249 hic
440 2215 638 2256 exhibetur,
655 2216 771 2249 notari
790 2216 850 2249 de-

133 2267 303 2301 buissent.
327 2266 476 2300 Plautus
491 2267 647 2300 Mostell.
659 2276 694 2301 v.
710 2270 742 2300 1.
756 2277 808 2300 vs.
819 2270 852 2301 9.

134 2318 146 2337 ‘
162 2318 276 2352 Quem
291 2327 370 2350 cnm
385 2317 590 2358 convocavi,
605 2321 711 2361 atque
732 2318 781 2350 illi
797 2328 852 2350 me

138 2378 159 2401 e
175 2371 301 2401 senatu
322 2373 510 2412 segregant
522 2367 544 2401 :'
569 2367 605 2401 id
629 2374 697 2411 est,
719 2369 853 2411 statim,

138 2417 318 2452 confestim
328 2428 384 2452 me
399 2423 597 2462 segregant.
619 2420 766 2453 Terent.
784 2420 853 2452 Eu-

138 2469 240 2503 nuch.
250 2479 276 2504 1.
288 2472 320 2503 1.
334 2480 384 2503 vs.
395 2473 430 2503 ⁷.
453 2469 611 2513 ,‘Atqne,
621 2470 682 2503 ubi
693 2470 767 2513 pati
783 2479 852 2502 non

138 2521 287 2564 poteris,
308 2531 387 2555 cum
404 2531 505 2554 nemo
532 2526 690 2564 expetet,
712 2520 854 2555 Infecta

139 2582 227 2616 pace
243 2573 333 2606 ultro
348 2573 390 2606 ad
407 2583 483 2606 eam
495 2572 688 2606 venies.’1d
701 2573 854 2613 est,ilico

138 2625 272 2667 venies,
294 2630 335 2659 ut
351 2629 448 2658 recte
470 2623 661 2657 Palmerius
680 2624 853 2670 exposuit.

1509 214 1597 258 387

886 322 978 354 Vide
994 322 1085 356 Geli.
1104 332 1141 356 x.
1156 332 1234 365 cap.
1246 323 1311 356 ult.
1336 322 1432 355 Colv.
1449 322 1491 355 ad
1505 322 1600 365 Apu-

889 373 946 406 lei.
962 374 1051 407 Met.
1065 384 1091 407 1.
1116 375 1163 407 Et
1174 374 1329 407 Gronov.
1347 373 1390 405 ad
1408 374 1596 406 Liv.xxvr.

888 428 943 458 39.
955 424 1136 458 Gebhard.
1151 424 1327 468 Crepund.
1342 434 1367 458 ι.
1382 427 1461 458 9.et
1476 425 1598 458 Barth.

889 476 934 509 ad
946 476 1035 510 Stat.
1047 485 1102 510 rx.
1117 479 1192 510 481.
1202 480 1239 509 et
1252 485 1321 509 xn.
1337 478 1412 509 860.
1442 476 1556 510 Bur-m.

931 529 953 560 6
976 527 1028 560 De
1042 528 1224 570 conspectu]
1248 529 1259 547 ‘
1272 529 1301 561 Ε
1313 532 1506 571 conspeetu
1519 528 1528 543 '
1550 528 1599 561 ait

887 578 1080 612 Terentius.
1115 579 1184 612 Sed
1201 584 1316 613 tamen
1337 581 1376 612 de
1390 579 1441 613 sic
1456 589 1601 622 usurpa-

888 632 940 664 vit
967 632 1090 666 Cicero
1115 633 1152 666 in
1176 632 1276 666 Verr.
1311 633 1394 667 ‘De
1417 635 1602 677 complexu

889 692 1073 727 parentum
1090 686 1134 718 ad
1149 691 1295 720 mortem
1316 686 1463 729 raptus.'
1493 686 1603 728 Schef.

889 735 948 769 Ita
970 736 1004 769 iu
1029 737 1114 772 Mss.
1132 737 1239 772 Ovid.
1255 739 1322 781 Ep.
1335 747 1388 771 iv.
1404 741 1459 771 96.
1497 738 1508 758 ⁴
1523 737 1603 771 Ibat

890 788 934 820 ad
950 789 1040 822 huuc
1063 789 1201 832 sapiens
1217 789 1260 822 de
1285 799 1367 822 sene
1390 788 1482 821 Diva
1504 787 1604 821 viro.'

890 839 1006 882 Vulgo
1020 850 1040 872 ιι
1054 850 1147 873 aene.-
1171 845 1208 873 et
1224 840 1312 872 Met.
1330 848 1355 872 1.
1369 841 1446 872 789.
1479 839 1489 858 ‘
1504 839 1604 881 Fugi-

892 896 956 923 unt
972 891 1016 924 de
1031 901 1180 934 corpore
1195 890 1306 924 setae.¹
1329 891 1444 924 Burm.

933 946 954 976 7
974 942 1037 976 Ubi
1051 954 1105 975 vos
1119 942 1294 986 requiram]
1331 941 1499 976 Dissimili
1515 940 1548 973 in
1566 950 1603 973 re

892 993 1054 1027 similiter
1091 994 1268 1027 Dordalus
1304 993 1397 1037 apud
1427 993 1546 1027 Plaut.
1570 993 1605 1025 in

891 1046 1002 1078 Persa
1013 1045 1096 1079 Act.
1112 1055 1164 1079 ιν.
1187 1046 1244 1079 Sc.
1254 1049 1286 1079 7.
1319 1045 1329 1064 ‘
1342 1045 1535 1087 Argentum
1553 1053 1606 1076 ac-

892 1098 1001 1140 cepit,
1015 1097 1121 1131 abiit:
1145 1097 1229 1140 quid
1252 1107 1318 1140 ego
1339 1106 1431 1129 nunc
1446 1096 1533 1137 scio,
1549 1095 1605 1128 An

886 1149 962 1192 jam
979 1154 1152 1182 asseratur
1173 1149 1249 1182 haec
1271 1149 1396 1181 manu?
1419 1157 1487 1191 quo
1510 1147 1606 1179 illum

892 1200 1044 1242 sequar?
1072 1199 1114 1232 In
1130 1199 1280 1232 Persas?
1305 1201 1435 1240 nugas.’
1465 1197 1548 1241 Neo.

938 1251 1019 1283 Cum
1043 1250 1112 1283 dies
1138 1250 1318 1292 advenerit]
1355 1248 1515 1283 Juridice
1543 1248 1608 1281 hoc

893 1312 1029 1345 quoque
1041 1302 1173 1334 dictum
1190 1305 1256 1334 est.
1301 1300 1383 1333 vid.
1398 1299 1459 1332 lib.
1475 1307 1606 1332 ccxux.

892 1353 1018 1386 cedere
1032 1353 1139 1386 diem:
1153 1351 1191 1386 ff.
1206 1352 1250 1385 de
1261 1350 1369 1384 Verb.
1379 1350 1451 1393 Sig.
1466 1351 1476 1369 ‘
1493 1350 1609 1383 Venire

892 1405 976 1438 diem
991 1404 1177 1448 significat,
1191 1414 1267 1436 eum
1285 1402 1376 1436 diem
1392 1402 1527 1435 venisse
1541 1411 1609 1444 quo

895 1457 1044 1500 pecunia
1058 1456 1132 1499 peti
1147 1455 1279 1499 possit?
1305 1456 1392 1488 Ritt.

939 1509 1034 1551 Dies]
1060 1509 1143 1541 Dies
1154 1508 1177 1543 J
1181 1506 1408 1541 ureconsultis
1419 1509 1519 1538 notat
1541 1504 1610 1547 pri-

896 1570 953 1592 mo
979 1560 1059 1592 laxe
1082 1558 1227 1602 quodvis
1253 1556 1418 1600 temporis
1445 1555 1611 1598 spatium,

897 1610 991 1642 intra
1019 1609 1111 1653 quod
1142 1608 1219 1641 fieri
1248 1607 1330 1651 quid
1361 1610 1513 1649 oportet.
1566 1604 1612 1637 Il-

898 1661 1018 1694 lustris
1030 1665 1083 1694 est
1099 1660 1193 1693 locus
1209 1659 1390 1692 Ciceronis
1405 1658 1440 1690 in
1452 1658 1553 1691 Verr.
1569 1665 1611 1689 n.

897 1712 907 1730 ‘
922 1712 1050 1755 Itaque
1065 1721 1144 1753 ego,
1159 1720 1264 1754 quum
1285 1709 1376 1742 diem
1399 1709 1434 1741 iu
1456 1707 1611 1740 Siciliam

899 1762 1094 1805 inquirendi
1103 1761 1324 1804 perexiguam
1337 1758 1614 1802 postulavissem‚

899 1814 1032 1847 invenit
1045 1813 1123 1852 iste,
1137 1814 1196 1856 qui
1205 1813 1268 1846 sibi
1280 1813 1315 1844 iu
1328 1810 1494 1844 Achaiam
1507 1808 1613 1842 biduo

899 1864 1095 1898 breviorem
1109 1865 1202 1897 diem
1219 1861 1436 1907 postularet?
1474 1860 1613 1895 Deinde

901 1916 1096 1949 restrictius
1133 1916 1267 1948 exitum
1304 1915 1397 1947 illius
1435 1911 1614 1954 temporis,

900 1966 910 1984 ‘
928 1965 1134 1998 terminum'
1165 1969 1308 2005 vocant,
1321 1968 1362 1996 nt
1380 1963 1452 1996 h.1.
1477 1962 1613 1994 Prasch.

900 2017 1134 2057 Sollemniter‚
1150 2025 1214 2058 pro
1229 2015 1286 2048 die
1305 2013 1465 2047 solutioni
1479 2012 1615 2055 praesti-

903 2071 992 2099 tuta.
1047 2066 1163 2108 Atque
1191 2066 1241 2098 ita
1269 2064 1392 2107 optimi
1417 2063 1614 2105 scriptores.

903 2118 1043 2151 Comei.
1059 2120 1181 2161 Nepos
1194 2118 1271 2151 Att.
1286 2128 1364 2159 cap.
1374 2119 1408 2150 9.
1432 2117 1443 2135 ‘
1456 2116 1543 2149 Cum
1556 2116 1616 2148 illa

901 2169 1044 2203 fundum
1067 2170 1221 2203 secunda
1249 2168 1393 2202 fortuna
1417 2167 1559 2201 emisset
1580 2166 1616 2199 in

903 2221 1019 2255 diem.’
1053 2221 1143 2254 Vide
1159 2222 1328 2254 Pacatum
1343 2222 1498 2252 nostrum
1514 2227 1546 2251 c.
1560 2220 1615 2251 18.

878 2283 881 2285 ·
904 2277 942 2305 et
954 2282 1032 2315 quae
1044 2281 1106 2304 nos
1117 2271 1165 2304 ibi
1175 2273 1210 2304 in
1220 2271 1311 2304 curis
1323 2269 1496 2303 secundis.
1508 2267 1616 2307 Schef.

901 2323 1012 2358 Jctus
1025 2324 1086 2357 lib.
1095 2332 1224 2357 ccxm.
1238 2321 1274 2355 ff.
1286 2322 1330 2354 de
1343 2322 1387 2354 V.
1402 2322 1437 2355 S.
1469 2321 1480 2338 ‘
1499 2320 1616 2354 Venire

902 2376 986 2407 diem
1021 2374 1204 2417 significat,
1234 2383 1312 2406 eum
1346 2373 1440 2406 diem
1465 2371 1616 2413 venisse,

904 2435 972 2469 quo
988 2426 1135 2467 pecunia
1150 2425 1223 2468 peti
1233 2424 1367 2468 possit!
1396 2421 1486 2457 Infr.
1498 2431 1550 2456 ιν.
1562 2425 1616 2455 10.

903 2477 982 2511 Vid.
995 2478 1154 2511 Hottom.
1172 2476 1256 2510 Obs.
1273 2485 1324 2508 iv.
1337 2479 1372 2508 9.
1387 2479 1425 2508 et
1439 2474 1484 2507 ad
1499 2473 1616 2507 Cicer.

903 2530 1004 2564 verr.
1034 2538 1070 2562 v.
1084 2532 1139 2562 41.
1189 2527 1357 2561 Columel.
1385 2535 1410 2559 1.
1431 2528 1465 2559 7.
1502 2525 1512 2543 ‘
1527 2525 1617 2559 Dies

905 2579 1148 2624 pecuniarum:
1171 2581 1287 2615 Burm.
