1806 3236
347 240 550 273 PHAEDRI
583 239 693 273 ΕΑΒ.
725 241 1031 275 AEsoPIARUM
1066 241 1162 275 Lm.
1195 242 1260 274 lv.
1291 231 1361 275 24.

122 338 230 375 lius=
249 337 343 372 Nan
357 341 395 371 et
409 337 460 372 illi
474 338 644 371 conducere
659 337 835 379 dicuntur,

124 382 308 435 §duno
334 389 448 432 pretio
473 389 601 432 aliquid
634 387 834 422 faciendum

123 440 424 484 mendum
442 439 692 474 conduxerunt.
737 441 832 473 Fest.

121 492 391 536 hande-tom,
403 491 463 526 ubi
478 496 517 525 et
533 492 751 525 (laudaverunt
776 491 833 524 alii

121 542 274 588 W?
295 544 354 578 Sic
377 544 470 587 apud
496 544 571 578 Cic.
595 544 640 577 de
654 544 772 576 Divin.
789 553 832 577 11.

120 597 179 632 ²1..
198 595 211 627 .‘
225 594 433 639 Redemtor,
453 595 512 638 qui
529 596 723 628 columnam
738 596 833 628 illam

121 645 296 682 dsscotta
323 651 361 680 et
387 647 433 680 de
460 648 637 691 Torquato
660 646 834 680 conduxe-

121 702 180 733 rat
193 698 424 734 faciendam?
446 699 483 732 id
502 704 571 741 est,
594 703 694 732 certo
716 699 831 741 pretio

121 755 338 794 susceperat.
380 751 428 784 Et
457 751 508 784 ita
542 751 577 783 in
605 751 689 793 jure
714 750 832 792 saepis-

122 802 220 845 sime,
235 807 275 837 ut
294 803 330 836 iu
353 803 378 837 l.
400 805 455 836 68.
476 803 505 845 §.
527 803 591 836 ult.
614 803 637 836 l.
652 805 708 835 69.
738 803 762 835 1.
777 805 832 836 62.

122 853 160 888 ff.
194 855 302 889 locat.
337 855 439 888 cond.
478 854 575 888 etin
614 856 638 887 l.
667 858 722 888 25.
754 856 781 897 §.
798 857 830 888 7.

120 905 159 940 ff.
180 906 260 942 eod.
282 917 328 940 ex
352 907 475 950 quibus
512 911 663 949 apparet
694 907 832 948 elegan-

121 961 179 992 ter
205 960 375 992 conducere
404 959 474 992 dici
499 957 544 991 de
573 967 629 1002 eo,
652 959 710 1002 qui
741 968 832 991 mer-

120 1009 217 1044 cedis
241 1013 283 1044 et
305 1010 396 1044 lucri
421 1009 536 1052 gratia
561 1009 644 1052 quid
674 1010 832 1051 suscipit.

120 1059 237 1095 cicer.
251 1061 307 1094 ‚ad
332 1062 378 1097 Q.
406 1061 502 1095 Frat.
525 1071 583 1094 ιιι.
605 1064 637 1095 1.
660 1062 670 1080 ‘
686 1062 777 1094 'rum
804 1061 831 1094 is

119 1112 205 1146 mihi
219 1112 412 1155 respoudit,
435 1123 474 1146 se
490 1113 604 1156 ipsum
626 1113 700 1156 ejus
715 1113 831 1155 operis

118 1164 168 1198 Η.
184 1165 220 1199 S.
235 1173 318 1199 xv}-
339 1165 588 1198 conductorem
608 1164 737 1198 fuisse!
773 1165 832 1198 Ita

118 1215 227 1251 edam
247 1217 258 1236 ‘
274 1217 428 1250 Iaocate':
441 1216 583 1258 dicitur,
606 1217 666 1260 qui
681 1217 765 1260 quid
782 1216 831 1250 fa-

119 1266 281 1302 eiend—
295 1272 393 1302 certo
408 1269 524 1312 pretio
539 1269 641 1301 alteri
666 1269 828 1303 mandat:

117 1319 143 1352 l.
157 1322 190 1353 ⁵.
210 1320 240 1362 §.
255 1322 286 1353 2.
308 1318 347 1353 ff.
371 1319 585 1362 de-praescr.
614 1320 711 1354 verb.
738 1321 830 1364 quod

119 1375 166 1404 et*
181 1373 346 1414 apparet,
367 1371 458 1415 qnod
483 1376 608 1414 postea
628 1372 758 1405 dicitur
781 1373 830 1406 Si-

118 1423 275 1457 nunide·
305 1423 323 1451 ‘⁷
340 1423 442 1467 Opus
468 1424 704 1467 approbasse,'
737 1425 830 1468 quod

118 1473 234 1508 faeere
253 1474 432 1510 debebant
447 1475 694 1518 conductores,
716 1480 756 1509 ut
772 1486 830 1519 pa-

119 1530 176 1560 tet
203 1537 249 1560 ex
277 1527 302 1561 1.
331 1530 387 1561 24.
406 1531 444 1561 et
459 1530 513 1562 36.
539 1533 578 1562 et
606 1531 660 1562 58.
683 1530 714 1571 §.
737 1532 770 1562 2.
792 1528 829 1563 ff.

121 1578 200 1624 codq
228 1587 295 1613 nec
323 1579 513 1613 tenebatur
541 1579 750 1622 approbare,
773 1581 830 1613 -ni-

121 1631 152 1664 si
181 1631 424 1674 conduxisset3
445 1637 484 1666 et
510 1632 587 1666 haec
614 1643 659 1666 ex
681 1631 832 1666 formula

119 1683 252 1716 solenni
272 1683 315 1716 *iu
342 1684 517 1717 locatione
540 1688 578 1718 et
600 1684 830 1718 conductione

119 1734 228 1768 verba
263 1735 498 1778 addebantur,
534 1735 544 1754 ‘
575 1735 674 1779 Opus
704 1747 831 1780 appro-

117 1785 240 1820 bavit!
295 1787 431 1830 Lepide
460 1796 546 1829 ergo
578 1790 621 1820 et
649 1789 740 1821 salse
765 1788 831 1821 hoc

118 1832 227 1872 v'erbo
251 1837 361 1871 utitur
386 1839 566 1881 Phaedrus,
587 1842 627 1872 ut
642 1839 742 1872 simul
771 1849 831 1873 no-

117 1893 173 1922 tet
210 1889 332 1923 sordes
353 1913 355 1915 -
373 1889 574 1931 Simonidis,
602 1890 660 1933 qui
699 1900 831 1924 merce-

116 1940 248 1974 nariam
274 1939 396 1984 poesin
413 1940 580 1983 babebat,
600 1952 688 1984 quas
711 1946 748 1975 et
772 1943 831 1976 alii

116 1976 278 2026 a'uctaeres
301 1993 337 2025 in
357 1992 536 2026 Simonide
552 1997 729 2027 notarunt.
771 1994 831 2027 Sic

115 2045 127 2062 ⁴
145 2044 317 2078 conducti
331 2043 452 2077 testes'
477 2044 583 2078 ovid.
597 2043 715 2077 Amor.
733 2054 759 2078 1.
776 2048 830 2079 10.

117 2096 173 2128 37.
185 2095 290 2128 etita
303 2095 447 2129 Quinct.
463 2095 568 2128 Decl.
581 2103 650 2128 xn-
671 2096 682 2114 ‘
699 2096 831 2129 Classis

117 2151 237 2180 nostra
262 2151 440 2180 vecturam
463 2145 563 2188 facit,
583 2151 621 2180 et
640 2147 831 2181 vicinarum

116 2198 314 2233 eivitatium
327 2199 445 2241 copias
467 2198 630 2231 mercede
643 2199 832 2233 conducit!

116 2250 175 2284 Ita
189 2250 282 2284 enim
297 2249 519 2283 scribendum
537 2250 746 2293 putavimus,
768 2261 831 2294 pro

114 2301 235 2345 ignoto
248 2301 358 2334 verbo
371 2301 564 2335 recondat-it.
596 2301 688 2335 Vide
703 2307 740 2335 et
753 2313 829 2346 quae

116 2353 198 2387 olim
213 2353 258 2386 ad
274 2353 418 2386 Petron.
434 2362 512 2396 cap.
525 2356 601 2388 101.
622 2354 830 2388 notavimus.

116 2404 237 2438 Bura.

163 2457 343 2499 Condat-vit]
363 2457 473 2490 Velut
493 2457 670 2490 redemtor
689 2456 831 2500 quidam

115 2507 246 2551 operis,
261 2517 366 2552 qpem
381 2507 447 2541 JC.
465 2511 600 2540 vocant.
632 2508 736 2541 Unde
751 2518 831 2541 mox

117 2560 297 2604 sequitur:
321 2561 332 2578 ‘
351 2559 450 2601 Opus
466 2558 715 2601 adprobavit&
738 2559 832 2603 quod

115 2621 225 2656 genus
247 2611 411 2654 loquendi
434 2620 478 2643 ex
499 2621 564 2643 usu
582 2610 674 2653 juris
697 2615 832 2644 mutua·

118 2668 174 2697 tus
188 2667 242 2697 est
258 2663 445 2697 Phaedrus:
469 2666 509 2695 ut
525 2667 562 2696 et
577 2663 645 2695 alia
660 2663 830 2705 quaedam.

117 2714 209 2748 Vide
222 2715 289 2756 leg.
305 2717 359 2748 24.
374 2715 403 2746 si
418 2714 453 2746 in
469 2714 558 2756 lege.
574 2714 607 2746 in
624 2724 677 2757 pr.
691 2719 728 2747 et
744 2715 766 2748 1.
776 2718 831 2748 36.

117 2775 226 2809 opus:
258 2769 297 2798 et
318 2765 343 2798 1.
366 2775 439 2808 seq.
467 2765 513 2798 D.
532 2766 654 2799 Locat.
669 2766 828 2800 Brisson.

118 2817 180 2851 lib.
194 2817 253 2850 De
267 2815 406 2850 formul.
429 2815 516 2849 Ritt.

164 2867 343 2911 Semelam]
366 2868 497 2903 Locum
519 2867 709 2903 solitarium
729 2868 832 2904 intel-

1511 231 1600 276 649

886 337 951 380 git,
974 337 1194 371 meditationi
1223 348 1264 372 ac
1294 338 1506 372 carminibus
1540 349 1601 383 ap-

886 394 972 423 tum.
1017 390 1108 422 Vide
1136 400 1214 434 quae
1239 391 1365 434 scripsi
1380 392 1415 424 in
1431 392 1488 425 De
1501 392 1601 435 Stylo

886 450 964 483 cap.
989 444 1042 474 13.
1076 441 1183 482 Sches.
1227 442 1328 477 Quod
1351 442 1595 476 meditantium

885 496 1007 534 portus
1030 496 1067 525 et
1090 493 1222 535 asylum
1245 498 1312 526 est.
1358 493 1445 526 Ideo
1470 493 1602 527 dicitur

883 544 918 576 in
933 544 1068 578 Andria
1091 555 1133 579 11.
1149 549 1182 579 4.
1198 549 1231 579 2.
1255 546 1265 564 ⁸
1281 547 1388 580 Venit
1409 548 1600 581 meditatus

885 595 1044 629 alicunde
1074 607 1117 630 ex
1146 598 1223 631 loco
1261 598 1360 631 solo!
1415 599 1599 633 Secretum

884 649 1065 691 po'e'tarum
1082 650 1258 694 sigillatim
1276 651 1441 686 describit
1464 652 1601 686 Auctor

884 701 982 735 Dial.
999 702 1043 735 de
1060 703 1197 736 Caussis
1213 703 1361 746 Corrup.
1379 704 1478 747 Eloq.
1499 714 1530 737 c.
1547 706 1601 737 12.

883 757 920 786 et
932 754 1075 796 attingit
1085 755 1179 788 Plin.
1194 755 1260 797 Ep.
1276 755 1335 788 lib.
1347 765 1400 789 tx.
1419 758 1474 788 10.
1510 755 1602 788 Ora-

884 810 997 838 torum
1017 806 1164 841 Quintil.
1180 806 1267 839 Inst.
1294 806 1356 840 Or.
1373 815 1409 840 x.
1438 809 1470 839 3.
1517 806 1602 850 Epi-

884 857 958 889 curi
989 858 1203 901 aliorumque
1238 858 1527 900 Philosophorum
1557 858 1602 892 P.

883 908 1056 943 Gassend.
1085 910 1160 942 vit.
1187 909 1287 951 Epic.
1314 919 1384 942 vn.
1399 912 1432 943 6.
1478 909 1601 952 Digni,

884 960 943 1002 qui
958 960 1132 1003 legantur,
1155 961 1213 994 isti
1229 961 1311 1003 loci,
1334 965 1404 994 tam
1427 961 1472 995 ob
1488 962 1602 994 suavi-

884 1016 1006 1054 tatem,
1038 1023 1140 1056 quam
1172 1013 1373 1055 opinionum
1401 1013 1602 1056 discrepan-

885 1066 992 1098 tiam:
1017 1065 1190 1108 siquidem
1207 1065 1264 1097 alii
1282 1065 1400 1097 hortos
1423 1075 1463 1098 ac
1487 1074 1602 1097 nemo-

884 1126 935 1156 ra,
958 1117 1016 1149 alii
1032 1118 1186 1150 clausum
1199 1117 1408 1158 cubiculum,
1421 1116 1602 1164 ‘meditan-

885 1169 976 1201 tibus
992 1168 1252 1201 commendant.
1276 1169 1412 1201 Prasoh.

928 1220 1093 1252 Secretum
1104 1220 1218 1262 petiit]
1235 1220 1468 1252 secretiorem
1486 1224 1604 1253 amant

883 1281 1057 1303 secessum
1070 1271 1216 1311 Poetae3
1232 1280 1311 1302 nam
1329 1275 1366 1303 nt
1383 1270 1444 1303 ille
1459 1282 1467 1303 ι
1491 1272 1501 1289 ‘
1517 1272 1603 1304 Car-

882 1322 977 1355 mina
991 1332 1164 1355 secessum
1176 1310 1359 1354 scribentis
1372 1327 1409 1354 et
1422 1323 1494 1354 otia
1509 1332 1602 1366 quae-

883 1375 987 1409 runt.'
1032 1374 1114 1408 Alio
1137 1386 1241 1408 sensu
1258 1375 1349 1418 apud
1367 1377 1510 1409 Sueton.
1536 1376 1602 1409 Ca-

882 1428 942 1470 lig.
970 1437 1001 1461 c.
1018 1430 1073 1461 23.
1094 1428 1105 1446 ‘
1123 1426 1223 1460 Aviae
1241 1426 1407 1460 Antoniae
1427 1430 1607 1461 secretum·

883 1478 1045 1521 petenti.'
1091 1479 1138 1511 Et
1155 1479 1248 1511 Plin.
1274 1479 1341 1521 Ep.
1358 1489 1383 1512 1.
1399 1483 1432 1512 5.
1455 1479 1465 1498 ⁴
1483 1480 1604 1522 Regu·-

882 1530 950 1570 lus,
973 1530 1057 1562 illuc
1088 1539 1144 1562 me
1174 1535 1394 1572 persecutus,
1426 1535 1600 1564 secretum

883 1580 999 1622 petit.’
1027 1580 1084 1613 Ita
1099 1581 1269 1613 hactenus
1281 1581 1423 1614 Phaedri
1439 1582 1602 1615 hiclocus

882 1631 1106 1665 intellectus:
1139 1632 1200 1665 sed
1230 1632 1324 1666 forte
1368 1634 1490 1666 melius
1529 1634 1602 1677 legi

882 1690 1013 1726 posset,
1025 1686 1185 1717 decretum
1197 1685 1308 1727 petiit.
1341 1686 1492 1719 Fiebant
1508 1687 1601 1719 enim

883 1735 1027 1770 decreta
1053 1736 1098 1769 de
1122 1736 1336 1778 victoribus;
1360 1747 1404 1770 ex
1429 1738 1490 1771 illo
1515 1748 1601 1781 ergo

882 1786 1024 1820 decreto
1039 1787 1235 1821 Simonides
1257 1789 1438 1822 materiam
1454 1790 1602 1823 carmini

882 1838 1075 1881 qnaerebat.
1121 1839 1295 1872 Decretum
1319 1840 1400 1882 hoc,
1433 1839 1473 1873 τὸ
1498 1840 1602 1882 δόγμα

882 1891 1019 1924 scilicet
1035 1890 1304 1933 ἑλλανικοόντων;
1321 1893 1407 1926 talia
1422 1894 1513 1926 enim
1529 1893 1602 1935 δόγ-

880 1953 966 1982 ματα
995 1942 1068 1975 sive
1095 1942 1241 1976 decreta
1269 1944 1466 1986 perscripta
1494 1944 1602 1978 fuisse

881 1993 1046 2025 discimus
1059 2003 1102 2025 ex
1113 1994 1342 2036 inscriptione
1361 1986 1490 2028 Graeca
1507 1996 1601 2039 apud

883 2043 1040 2076 Fulvium
1067 2044 1245 2086 Ursinum,
1269 2054 1370 2088 qnam
1398 2045 1478 2078 vide
1505 2047 1601 2089 apud

882 2093 967 2127 Ant.
986 2094 1076 2137 Aug.
1089 2095 1133 2127 de
1148 2096 1218 2138 leg.
1234 2106 1270 2128 n.
1284 2099 1338 2130 30.
1351 2101 1388 2129 et
1404 2098 1495 2140 apud
1507 2098 1602 2131 Gru-

883 2150 996 2178 terum
1012 2156 1045 2188 p.
1057 2155 1247 2180 cccxxvu.
1264 2147 1355 2180 Vide
1365 2153 1401 2182 et
1411 2150 1601 2184 Pindarum

883 2202 920 2230 et
931 2198 1007 2239 ejus
1024 2203 1327 2240 commentatores,
1339 2199 1600 2242 imprimisPro-

882 2249 1064 2291 legomena
1090 2249 1236 2292 Olymp.
1260 2254 1297 2282 et
1325 2250 1534 2284 Pausaniam
1565 2252 1601 2285 in

883 2301 993 2333 Eliac.
1018 2304 1085 2333 dcc.
1133 2301 1224 2333 Vide
1251 2301 1356 2334 Fabri
1380 2301 1601 2345 Agonistica.

926 2404 1093 2437 Sec-retum
1114 2404 1222 2447 petIt]
1257 2405 1360 2446 Quia,
1382 2409 1423 2439 ut
1449 2406 1600 2440 Ovidius

883 2456 945 2497 ait,
967 2457 977 2475 ‘
992 2457 1156 2490 Carmina
1167 2466 1340 2490 secessum
1359 2457 1540 2492 scribentis
1563 2463 1603 2493 et

882 2510 954 2542 otia
981 2509 1166 2552 quaerunt!
1220 2510 1322 2542 Unde
1346 2520 1408 2543 nos
1440 2511 1484 2543 ad
1522 2512 1603 2544 Em·

883 2561 998 2594 blema
1026 2561 1070 2594 de
1096 2570 1236 2603 passere
1265 2562 1423 2594 solitario
1450 2562 1483 2594 in
1511 2564 1601 2596 Cen-

883 2618 952 2646 tur.
968 2622 1025 2645 ιη.
1049 2613 1172 2646 Joach.
1189 2612 1380 2645 Camerarii
1396 2613 1441 2656 V..
1469 2612 1524 2646 cl.
1548 2614 1600 2648 sic

882 2663 1116 2696 faciebamus:
1158 2663 1168 2681 ‘
1193 2663 1354 2695 Secessus
1394 2665 1600 2705 praeclarum

884 2715 1012 2758 aliquid
1028 2714 1278 2748 meditantibus
1294 2718 1408 2757 aptus.
1439 2716 1601 2760 Namque

882 2767 963 2801 boni
979 2767 1015 2799 in
1031 2766 1183 2808 strepitu
1198 2766 1246 2797 nil
1270 2767 1451 2808 peperisse
1468 2768 1603 2810 queas.’

883 2818 1020 2851 Alludit
1035 2817 1158 2850 eodem
1175 2820 1213 2849 et
1232 2817 1421 2850 Martialis.
1466 2817 1599 2861 Scripsi

883 2873 996 2904 autem
1023 2868 1128 2912 petlt,
1152 2876 1229 2912 pro,
1260 2867 1369 2911 petiit.
1414 2869 1599 2904 Quomodo
