1806 3236
436 230 638 264 PHAEDR!
672 230 783 263 FAB.
819 230 1123 264 AESOPIARUM
1159 232 1253 265 mn.
1286 231 1320 265 1.
1352 222 1422 265 14.

188 326 324 364 coronis
337 323 550 362 editiouiims
563 328 699 362 Tuscul.
714 337 741 362 1.
766 330 822 362 40.
849 338 901 361 re-

187 377 335 428 peritur,
351 385 481 426 *postea
495 385 610 415 tamen
634 392 656 414 a
679 381 763 415 viris
788 381 901 416 doctis

187 434 391 479 expulsuuu
414 438 453 468 et
468 441 532 477 pro
549 444 591 468 eo
605 434 787 468 obduxisset
801 443 900 478 repo-

135 514 141 517 .
185 480 314 527 'sitnm
336 485 429 530 quod
451 483 647 519 defendunt
661 485 840 519 Victorius
864 490 901 519 et

184 536 351 572 schottus
377 534 422 570 ad
448 535 569 571 Aur-el.
594 536 731 570 Victor.
753 535 798 569 de
819 536 901 570 viris

183 587 240 623 ru.
254 597 334 632 cap.
343 590 400 622 'm-
410 592 448 622 et
459 587 510 622 ita
521 588 645 622 senec.
656 588 789 622 Troad.
802 590 899 622 1168.

182 639 371 681 ‘Obdaxit
399 641 533 682 statim,
566 640 759 683 Saevusque
786 643 900 673 totum

181 691 387 736 sanguinem
402 693 554 726 tumulus
568 691 681 726 bibit!
722 691 782 725 Ita
795 690 900 724 obsor-

182 744 256 778 bere
269 744 364 788 apud
378 745 511 788 Hygin.
535 743 605 778 fab.
623 746 700 777 126.
724 747 824 777 recte
838 742 899 776 de-

182 795 298 830 fendit
323 796 549 830 Munckerus.
619 795 778 828 Obbibere
805 794 898 828 forte

181 848 288 882 otiam
302 847 433 882 Ovidio
457 847 559 881 reddi
579 851 700 891 posset
724 847 803 882 Art.
817 846 897 881 Am.

182 906 241 933 m.
266 901 345 933 ⁷6³.
371 899 434 933 nbi
461 899 603 932 codices
629 899 764 942 scripti,
789 899 800 918 ‘
817 898 898 932 Hoc

181 951 279 991 bibe,
297 960 367 996 qna
380 950 518 995 patiens
539 953 647 993 caput
672 948 751 990 est,'
777 954 815 983 et
829 949 899 992 legi

182 1001 318 1038 ebsiba.
361 1001 551 1036 Richterus
575 1010 640 1045 per
660 1011 759 1035 caras
774 1001 897 1034 Musas

174 1054 288 1097 jurat,
311 1060 349 1088 se
373 1053 477 1087 malle
502 1053 660 1087 Ebibere:
681 1052 742 1086 sed
757 1053 824 1086 hoc
842 1057 898 1086 est

180 1114 246 1148 pro
274 1104 418 1138 libidine
446 1107 576 1138 cuncta
603 1107 750 1137 mutare.
806 1103 898 1139 Quia

178 1163 263 1189 vero
271 1154 467 1198 Heinsiaua
476 1155 552 1189 hoec
562 1156 747 1198 correctio,
758 1159 799 1188 ut
810 1164 898 1188 sem-

177 1213 256 1251 por,
267 1206 391 1240 ita'hic
405 1215 557 1250 quoqne,
581 1206 747 1250 displicet
761 1206 897 1240 Grono-

174 1261 248 1303 vio,
259 1259 381 1304 quiex
394 1259 517 1293 ultima
532 1259 667 1302 syllaba
686 1260 744 1292 τοῦ
757 1260 898 1293 toxicum

175 1312 332 1357 repetita
354 1311 502 1354 mavult,
530 1311 611 1344 Tum
624 1311 753 1354 hibern
777 1315 897 1354 posset

175 1363 294 1407 aptius
309 1362 394 1407 legi,
419 1362 721 1405 Combiberejmit.
767 1363 894 1397 Horat.

172 1415 285 1450 0d.r.
309 1418 365 1450 ⁸⁷.
387 1415 398 1434 ⁴
414 1416 466 1449 Ut
489 1418 604 1449 atrum
621 1415 778 1459 Corpore
801 1425 894 1450 com-

175 1466 317 1502 biberet
330 1465 528 1501 venenum.'
557 1467 676 1500 Bam.

177 1532 179 1534 ·
220 1519 333 1552 Posito
343 1517 495 1562 proemio]
519 1519 678 1562 Suspicio
698 1523 768 1562 est,
792 1519 894 1554 Pizae-

175 1569 278 1603 drum
291 1569 380 1612 lioec,
393 1573 434 1603 nt
447 1569 528 1612 alia,
546 1579 567 1602 e
579 1569 736 1603 fontibus
751 1570 894 1605 maximi

176 1620 368 1655 Poetarum
391 1620 577 1663 delibasse,
603 1621 663 1664 qui
686 1621 764 1655 AEn.
779 1621 841 1655 lib.
857 1631 892 1656 v.

173 1673 186 1692 ⁴
204 1671 350 1715 Invitat,
361 1672 421 1716 qui
436 1671 529 1706 forte
545 1672 667 1715 velint,
689 1677 726 1705 et
748 1673 895 1715 praemia

172 1722 298 1767 ponit!
342 1722 482 1766 Apulei.
500 1723 617 1756 Miles.
633 1733 659 1756 1.
682 1724 693 1742 ⁸
711 1723 801 1757 Haec
827 1724 893 1757 tibi

173 1783 308 1808 merces
336 1768 455 1819 posita
477 1773 560 1809 est.'
597 1775 705 1810 Axon.
764 1775 893 1819 Posito,

173 1831 252 1869 pto,
277 1826 471 1870 proposito.
516 1826 720 1860 Imitatione
740 1827 892 1870 Virgilii,

173 1879 235 1922 qui
250 1879 328 1913 AEn.
343 1879 405 1913 lib.
420 1889 457 1913 v.
491 1882 502 1898 ¹
519 1879 654 1912 Invitat
678 1879 807 1922 preciis
821 1879 893 1912 ani-

171 1939 262 1972 mos,
285 1935 325 1965 et
349 1931 496 1976 praemia
511 1930 634 1974 ponit.’
665 1930 774 1971 Schef.
817 1931 891 1965 Jul.

173 1981 313 2026 Obseq.
328 1991 471 2016 xxxxv.
493 1983 504 2002 ⁴
521 1982 610 2016 Quae
636 1982 723 2024 avis,
748 1982 892 2025 praemio

171 2034 303 2076 posito,
328 2034 372 2067 ab
399 2043 537 2076 aucupe
560 2031 689 2075 capta!
749 2030 891 2074 Apulei.

174 2084 266 2118 Met.
281 2093 309 2118 1.
334 2085 346 2103 ‘
363 2084 454 2117 Hoec
465 2084 530 2117 tibi
542 2093 678 2121 merces
689 2084 805 2126 posita
814 2084 891 2118 est.’

176 2136 272 2178 Hinc
295 2137 383 2179 ludi,
416 2137 454 2169 in
481 2136 605 2179 quibus
632 2136 749 2179 palma
776 2136 893 2178 posita

174 2187 442 2230 eratstepamot.
464 2188 555 2221 Vide
567 2189 699 2222 Comm.
709 2187 753 2220 ad
764 2188 890 2222 Marm-

173 2239 290 2274 Oxon.
301 2248 360 2274 m.
375 2240 533 2273 martial.
544 2240 706 2283 Spectac.
717 2243 771 2273 29.
794 2240 805 2259 ‘
817 2241 892 2274 Lex

173 2295 254 2325 erat
281 2291 325 2324 ad
353 2291 503 2334 digitum
538 2291 653 2334 posita
682 2301 891 2325 concurrere

172 2342 314 2386 palma!
338 2343 456 2377 Bam.

217 2396 260 2427 10
284 2393 410 2428 stator-e
431 2393 560 2436 mortis]
597 2395 816 2429 Imminentis
846 2405 891 2429 ex

171 2445 299 2479 hanstu
308 2445 426 2489 poculi
436 2446 596 2488 toxicati,
609 2447 700 2481 sicut
711 2447 890 2481 credebat.

170 2496 278 2531 Quod
292 2496 420 2540 scribo,
446 2507 490 2530 ne
505 2499 583 2541 quis
598 2503 706 2541 erret,
733 2509 774 2533 ac
789 2499 833 2533 de
848 2499 891 2533 ti-

168 2558 269 2582 more
282 2558 304 2582 a
319 2558 403 2592 rege
419 2549 583 2592 accipiat.
606 2549 715 2591 Sckes.

217 2602 258 2633 11
282 2600 358 2632 Non
372 2601 455 2633 artis
466 2602 530 2633 uua
542 2602 694 2635 medicum
707 2613 740 2635 se
753 2603 890 2645 pmden-

172 2650 236 2694 tia]
258 2650 428 2694 seientia,
452 2652 604 2694 peritia3
627 2654 677 2687 sic
700 2655 710 2674 ‘
729 2654 890 2688 Pruden-

172 2702 257 2735 tiam
271 2702 477 2746 literarum,’
490 2703 626 2748 Cicero,
646 2710 684 2739 et
704 2705 715 2724 ‘
730 2705 888 2739 Pruden-

175 2752 258 2786 tiam
282 2754 451 2797 operum,'
474 2754 633 2790 Ovidius.
677 2757 763 2790 Pari
786 2767 888 2791 sensu

175 2804 268 2847 apud
293 2806 518 2840 Columellam
543 2807 604 2842 lib.
626 2818 669 2841 11.
695 2812 750 2843 22.
774 2810 784 2828 ‘
800 2810 887 2843 Pru-

175 2855 262 2890 dens
290 2857 565 2899 agricolationis'
592 2859 734 2903 legitur.
782 2860 888 2900 Schef.

1579 224 1666 267 379

951 330 1064 364 Recte
1081 330 1248 365 Heinsius
1264 330 1392 364 medicoe
1406 330 1562 373 corrigit.
1610 331 1667 365 Ita

950 380 1025 415 fere
1038 391 1178 425 semper
1194 382 1383 425 loquuntur
1397 386 1568 415 auctores.
1591 382 1666 425 Hy-

950 433 1020 476 gin.
1052 431 1125 467 fab.
1141 436 1217 466 1⁰1.
1250 434 1260 452 ‘
1277 433 1412 468 Quibus
1435 432 1590 468 Achilles
1612 443 1667 467 re·
1726 470 1737 484 ο

950 483 1106 526 spondit,
1115 493 1152 516 se
1162 488 1274 516 artem
1285 483 1453 516 medicam
1465 492 1533 516 non
1545 483 1666 517 nosse!

950 535 1022 569 Ubi
1057 535 1138 568 vide
1185 535 1436 568 Doctissimum
1480 535 1666 568 Muncker.

951 587 1056 620 ovid.
1078 587 1225 620 Metam.
1239 596 1283 620 11.
1307 589 1385 619 618.
1408 585 1453 619 de
1479 585 1664 630 Apolline:

949 641 960 660 ‘
977 640 1134 674 Medicas
1163 643 1307 673 exercet
1348 639 1503 672 inaniter
1544 641 1664 674 artes!

947 693 1007 726 Sic
1038 692 1181 726 Curtius
1208 692 1269 725 lib.
1285 701 1351 725 vn.
1379 694 1411 724 4.
1443 694 1475 725 8.
1505 692 1666 735 apposite

948 744 994 778 ad
1009 749 1163 778 mentem
1177 744 1279 787 hujus
1294 743 1374 785 loci,
1389 744 1399 762 ‘
1413 742 1511 777 Artis
1521 744 1665 787 magicae

947 796 1057 839 magis
1072 794 1301 839 professione,
1315 804 1417 839 quam
1433 795 1591 838 scientia,
1607 805 1666 828 ce-

947 846 1068 880 leber-⁹
1091 847 1210 880 Burm.

993 901 1034 931 12
1053 898 1216 942 Nobilem]
1232 897 1398 932 Refertur
1410 899 1454 932 ad
1467 899 1663 933 claritatem

946 948 1061 983 famae.
1105 950 1199 984 Nam
1223 950 1416 993 praecedit:
1441 951 1452 970 ‘
1475 950 1665 994 adquisivit

946 1002 1011 1035 sibi
1038 1000 1188 1035 famam!
1233 1002 1374 1035 Curtius
1398 1011 1457 1036 m.
1483 1004 1516 1036 6.
1550 1002 1561 1021 ‘
1577 1003 1665 1035 Erat

946 1053 1036 1086 inter
1050 1052 1185 1086 nobiles
1200 1052 1355 1086 medicos
1376 1058 1516 1087 secutus
1532 1053 1665 1096 Philip—

947 1105 1038 1147 pus.’
1057 1102 1166 1143 Sales.

993 1158 1034 1188 1³
1055 1154 1210 1197 Addidit]
1233 1155 1287 1188 Cl.
1303 1154 1514 1198 Gronovius,
1536 1156 1572 1189 in
1595 1157 1664 1189 suis

946 1206 993 1239 ad
1007 1215 1062 1240 me
1086 1207 1220 1240 literis:
1243 1207 1253 1225 ‘
1268 1207 1364 1249 Lego
1387 1207 1502 1249 edidit,
1526 1212 1567 1241 ut
1592 1207 1663 1242 fab.

947 1262 1000 1293 12.
1053 1260 1198 1292 Moriens
1217 1269 1322 1292 vocem
1356 1260 1437 1292 hanc
1461 1260 1596 1293 edidisse
1616 1261 1666 1293 di-

944 1310 1057 1345 eitur?
1125 1311 1227 1344 Idem
1279 1310 1446 1344 Heinsius
1495 1311 1665 1354 conjecit.

946 1362 1056 1403 Sches.
1098 1363 1143 1396 V.
1160 1372 1266 1405 supra
1282 1362 1326 1395 ad
1340 1361 1410 1396 fab.
1426 1366 1480 1397 12.
1524 1364 1534 1370 ”

988 1414 1144 1458 Addidit]
1165 1414 1363 1448 Gronovius
1389 1415 1483 1458 apud
1510 1415 1663 1450 Scheffe-

945 1477 1021 1501 rum
1033 1468 1134 1511 legit,
1145 1468 1268 1500 edidit.-
1292 1471 1331 1500 ut
1343 1467 1415 1501 fab.
1429 1471 1486 1501 12.
1518 1468 1679 1501 Moriens·-

943 1519 1025 1552 hanc
1039 1519 1174 1552 edidisse
1188 1528 1291 1551 vocem
1313 1518 1456 1558 ditinum
1478 1529 1557 1562 quae
1581 1529 1663 1553 con-

938 1573 1082 1615 jectura
1098 1571 1206 1604 etiam
1223 1571 1369 1604 Heinsio
1385 1571 1419 1603 in
1434 1575 1586 1604 mentem
1604 1581 1662 1604 ve-

943 1623 1006 1656 nit.
1053 1622 1125 1655 Sed
1148 1625 1247 1654 recte
1272 1626 1328 1655 est
1357 1621 1495 1664 addidit,
1525 1622 1662 1655 scilicet

943 1674 998 1716 iis,
1024 1683 1103 1718 quse
1120 1672 1293 1706 advocata
1317 1672 1352 1706 in
1379 1673 1547 1706 concione
1563 1678 1662 1707 sutor

942 1727 1018 1769 ipse
1048 1725 1240 1759 fatebatur.
1283 1725 1343 1758 Sic
1369 1725 1431 1758 lib.
1459 1734 1494 1758 v.
1527 1724 1600 1758 fab.
1627 1728 1662 1758 6.

941 1779 952 1796 ‘
970 1777 1139 1811 Ostendit
1153 1777 1214 1810 ille
1236 1776 1391 1819 praedam
1415 1780 1453 1809 et
1468 1776 1602 1819 adjecit
1620 1777 1663 1809 si-

941 1829 1038 1863 mul.'
1071 1830 1159 1863 Gud.

986 1885 1028 1915 16
1053 1881 1188 1924 Capita]
1210 1881 1300 1914 Vide
1311 1891 1416 1924 snpra
1426 1883 1548 1924 cap-7.
1582 1880 1661 1914 Ele·

943 1934 1147 1977 gantissime
1158 1933 1214 1966 hic
1223 1937 1339 1966 autem
1350 1937 1550 1975 usurpatur,
1561 1943 1663 1975 prop-

942 1991 999 2019 ter
1028 1995 1184 2028 sequens
1212 1986 1319 2027 pedes,
1356 1989 1530 2027 augetque
1571 1984 1660 2017 dicti

942 2036 1168 2069 acrimoniam
1184 2045 1229 2068 ex
1244 2035 1476 2078 oppositione.
1497 2035 1604 2075 Schef.

990 2088 1109 2130 Capita
1123 2090 1230 2120 vestra
1254 2097 1315 2119 non
1338 2085 1496 2119 dubitatis
1515 2087 1659 2129 credere]

940 2140 1030 2173 Cato
1046 2139 1140 2182 apud
1157 2138 1250 2172 Gell.
1267 2148 1293 2170 ι.
1308 2141 1360 2172 15.
1385 2139 1394 2156 ‘
1409 2138 1661 2181 Pharmacopo-

940 2191 984 2223 1ae
995 2190 1103 2224 verba
1118 2190 1319 2231 audiuntur,
1332 2199 1450 2222 verum
1464 2189 1497 2222 ei
1509 2199 1547 2223 se
1560 2199 1660 2223 nemo

939 2241 1143 2284 committit,
1155 2241 1184 2273 si
1199 2251 1293 2283 aeger
1302 2240 1382 2273 est.’
1411 2241 1497 2275 Gud-

987 2296 1030 2326 16
1056 2292 1120 2325 Cui
1134 2293 1315 2325 calceandos
1337 2301 1425 2324 nemo
1439 2292 1595 2325 commisit
1607 2303 1660 2334 pe-

940 2346 1010 2388 des]
1033 2345 1175 2377 Marcus
1191 2344 1281 2376 Cato
1310 2344 1404 2386 apud
1421 2344 1574 2378 Gellium
1597 2345 1658 2377 lib.

941 2405 966 2428 1.
985 2398 1038 2429 15.
1054 2395 1099 2428 de
1126 2394 1276 2438 quodam
1291 2395 1530 2438 hujuscemodi
1550 2395 1658 2428 nehu-

940 2448 1020 2480 lone
1036 2451 1074 2480 et
1090 2447 1194 2490 plano
1210 2458 1219 2479 x
1243 2447 1253 2466 ‘
1273 2446 1327 2479 Ita
1341 2451 1396 2479 est
1418 2447 1565 2489 cupidus
1581 2457 1657 2480 ora-

939 2499 1070 2540 tionis,'
1109 2498 1235 2541 inquit,
1272 2498 1283 2516 ‘
1300 2501 1340 2530 ut
1371 2498 1558 2540 conducat,
1598 2499 1657 2542 qui

940 2551 1123 2584 auscultet.
1168 2550 1293 2592 Itaque
1319 2549 1460 2591 auditis,
1485 2559 1553 2582 non
1580 2559 1656 2582 aus·-

939 2601 1098 2644 cultatis,
1134 2605 1296 2643 tanquam
1333 2600 1656 2643 pharmacopolam

940 2664 1019 2687 nam
1036 2653 1112 2695 ejus
1133 2652 1241 2685 verba
1263 2651 1465 2693 audiuntur,
1487 2661 1606 2684 verum
1622 2652 1655 2684 ei

940 2716 977 2739 se
987 2715 1086 2738 nemo
1098 2704 1297 2746 committit,
1309 2704 1336 2736 si
1348 2713 1443 2746 aeger
1454 2703 1533 2736 est.'
1562 2704 1655 2738 Scri-

939 2757 1063 2791 bonius
1080 2758 1212 2799 Largus
1238 2755 1283 2788 ad
1307 2756 1347 2789 C.
1360 2755 1432 2789 Jul.
1446 2754 1652 2788 Callistum:

938 2811 949 2829 ⁶
967 2810 1058 2842 Raro
1085 2809 1177 2841 enim
1202 2806 1349 2851 aliquis,'
1371 2806 1496 2850 inquit,
1518 2808 1529 2826 ‘
1547 2807 1655 2851 prius-

940 2871 1041 2905 quam
1058 2871 1094 2895 se
1111 2869 1257 2904 suosque
1274 2859 1396 2894 credat
1412 2858 1560 2902 medico,
1576 2859 1653 2893 dili-
