1806 3236
182 208 267 251 180
468 219 670 252 PHAEDRI
705 218 1017 253 FABULARUM
1050 222 1349 255 AEsomARuM

182 312 415 356 Honorem
432 313 580 357 fructu
598 326 655 356 ne
676 314 906 357 videamur
924 316 1127 360 vendere.

181 380 244 424 At
262 394 333 424 me
355 381 572 424 Hercules
590 381 798 433 narrabit,
817 382 934 436 quod
954 384 1054 438 quis
1074 384 1278 436 voluerit,

182 510 314 553 Jupiter
328 512 422 544 talem
432 511 586 553 protulit.-
609 512 661 545 Ne
675 512 834 546 videamur
846 515 977 547 vendere
990 514 1136 554 fructum
1157 517 1252 548 cultu.
1297 515 1360 549 Sed
1382 519 1474 559 certe,
1495 516 1640 559 quicquid

795 596 1030 610 ”HOMO

180 651 385 693 biguitatem
401 652 434 683 in
450 662 574 685 causam
594 652 692 694 davit,
714 653 767 685 vel
796 653 989 695 probatam,
1011 654 1067 686 vel
1092 658 1283 696 receptam,
1303 659 1397 687 recte
1419 655 1536 697 rejicit
1550 655 1639 688 Bur-

179 702 325 728 mannus
339 705 348 734 ;
362 695 428 726 etsi
443 694 611 727 Phaedrus
625 695 686 728 lib.
702 704 753 728 lv.
766 694 839 728 fab.
857 698 910 728 18.
924 700 958 728 5.
973 695 1080 738 dicat,
1095 697 1106 715 ‘
1117 706 1193 729 cum
1210 701 1348 739 rogaret
1361 707 1496 730 causam
1511 697 1640 731 facino-

180 737 249 778 ris,’
265 741 301 769 et
315 737 374 770 lib.
389 746 441 769 iv.
457 740 508 770 12.
523 740 556 770 6.
581 738 591 756 ‘
601 747 739 770 causam
761 738 919 780 quaesivit
939 739 1063 780 pater‚’
1085 743 1190 781 atque
1206 740 1310 772 etiam
1327 740 1394 773 Ms.
1409 740 1546 772 Perotti
1560 741 1638 774 huic

179 779 448 821 interpunctioni
463 779 590 813 faveat.
633 780 703 813 Sed
719 791 750 813 v.
770 780 829 812 lib.
843 789 902 812 111.
917 780 988 813 fab.
1005 784 1037 813 3.
1060 784 1092 814 2.
1115 783 1253 815 Terent.
1284 782 1376 814 Hec.
1398 791 1423 814 1.
1437 786 1470 815 2.
1486 786 1518 815 3.
1533 787 1570 815 et
1584 793 1636 816 ur.

180 826 213 855 4.
230 826 284 854 55.
301 832 377 864 quae
391 823 467 854 loca
482 824 677 855 Burmanno
701 822 950 855 debentur.-⁷
974 824 1135 856 Honorem
1153 824 1278 864 fructu.
1302 824 1344 857 In
1368 824 1443 857 aliis
1469 825 1639 859 Editioni-

180 865 258 905 bus,
270 869 308 897 ut
327 865 468 907 Rigaltii
483 868 514 898 2.
529 862 706 905 Schefferi,
723 866 902 898 Santoroc.
928 866 1057 899 Leonh.
1085 867 1194 908 prima
1220 868 1416 908 Burmanni,
1437 868 1639 909 Hoogstrat.

180 908 307 940 Danet.
339 907 507 940 Brindlei.
535 909 658 950 quibus
685 918 796 950 nuper
821 909 964 941 accessit
987 909 1103 941 Editio
1125 909 1249 942 Didoti
1275 915 1387 943 stereo
1431 920 1487 952 pa,
1504 911 1641 953 legitur,

180 951 312 983 Honore
318 950 464 989 fructum
483 961 515 982 n.
535 962 565 983 v.
583 961 611 983 υ.
633 951 696 982 hoc
712 960 814 983 seusu
828 962 837 983 :
862 959 918 991 ne,
932 951 959 982 si
975 950 1108 984 fertiles
1124 961 1345 993 sumeremus,
1361 953 1392 985 vi
1419 963 1536 986 eamur
1549 952 1641 987 fruc-

180 997 237 1025 tus
249 993 407 1025 arborum
422 993 572 1026 vendere
586 993 716 1026 honore
731 993 987 1035 sacrificiorum,
1010 1004 1079 1036 qno
1104 1004 1165 1027 nos
1188 1001 1447 1029 remunerarent
1468 996 1568 1039 quasi
1583 997 1641 1030 ho-

179 1036 311 1067 mines:
327 1041 366 1068 ut
382 1036 432 1068 ita
444 1036 542 1068 honor
554 1037 624 1078 ille,
637 1036 712 1068 Diis
727 1036 877 1076 habitus,
889 1041 979 1068 esset
994 1037 1087 1079 quasi
1099 1037 1262 1079 pretium,
1278 1047 1347 1081 quo
1363 1049 1384 1070 a
1398 1039 1476 1072 Diis
1490 1038 1641 1072 fructum

179 1083 216 1110 et
233 1077 450 1110 fertilitatem
466 1079 687 1112 redimerent.
713 1079 800 1112 Nam
814 1079 923 1120 honor,
935 1089 999 1120 pro
1015 1079 1206 1121 sacrificiis,
1219 1081 1343 1121 passim
1359 1082 1518 1115 occurrit.
1548 1082 1639 1116 Vide

180 1131 265 1163 quos
289 1124 457 1153 memorat
478 1121 706 1163 Burmannus,
731 1122 862 1164 Cuper.
883 1131 925 1154 11.
942 1122 1028 1155 obs.
1044 1125 1076 1155 3.
1102 1126 1139 1155 et
1159 1123 1374 1157 Brouckhus.
1391 1124 1434 1157 ad
1448 1125 1642 1165 'sibullam‘

179 1167 213 1196 6.
229 1167 260 1196 1.
303 1164 397 1205 Lege
412 1164 527 1204 etiam,
543 1174 619 1206 quae
635 1164 726 1196 idem
742 1165 916 1206 congessit
931 1165 974 1197 ad
990 1165 1132 1198 Petron.
1149 1174 1226 1207 cap.
1243 1169 1317 1199 133.
1354 1167 1509 1199 Maxime
1519 1165 1640 1200 Schef-

179 1205 275 1238 ferus
302 1206 484 1239 lectionem
510 1207 640 1239 Honore
654 1206 799 1246 fructum
819 1206 1002 1247 defendit;
1025 1217 1126 1250 quam
1142 1212 1256 1240 tamen
1271 1212 1368 1241 recte
1381 1210 1562 1253 repudiant
1575 1210 1639 1243 viri

179 1248 286 1287 docti,
311 1253 448 1281 tuentes
472 1249 633 1281 Honorem
650 1249 782 1289 fructu.-
811 1259 887 1292 quae
913 1250 1113 1292 conjectura
1130 1250 1329 1283 confirmata
1344 1257 1397 1284 est
1411 1253 1643 1295 Cornucopia&

179 1291 332 1333 Perotti,
345 1292 380 1323 in
395 1301 460 1334 quo
476 1296 539 1333 est,
554 1293 715 1324 Honorem
726 1292 839 1331 fructu
854 1301 892 1324 ne
905 1292 1071 1325 videantur
1091 1295 1223 1326 vendere
1232 1304 1246 1332 ,·
1267 1303 1343 1326 cum
1363 1294 1397 1326 in
1418 1295 1486 1328 Ms.
1503 1295 1639 1329 Perotti

178 1334 386 1375 inveniatur,
412 1334 557 1367 honorem
578 1334 709 1374 fructus
731 1345 769 1367 ne
792 1334 962 1367 videamur.
1007 1335 1060 1367 Ex
1085 1339 1230 1378 utroque
1251 1341 1364 1369 antem
1387 1336 1482 1370 facili
1496 1339 1638 1382 negotio

180 1377 355 1409 emendari
396 1381 496 1417 otest,
521 1377 682 1410 Honorem
688 1377 812 1416 fructu.
841 1377 1243 1412 Quamemenda'tionem
1263 1380 1413 1421 probant
1435 1384 1564 1422 praeter
1579 1381 1640 1414 Ri-

180 1420 264 1460 galt.
295 1387 425 1452 Bucfin.
445 1419 597 1452 Bentlei.
629 1421 831 1461 Neveletus‚
857 1419 979 1461 Faber,
991 1421 1050 1463 qui
1075 1421 1190 1454 tamen
1207 1421 1326 1455 'edidit
1347 1422 1639 1467 Honoresruchim,

179 1463 297 1494 Ursin.
312 1462 520 1494 Freinshem.
548 1462 677 1504 Guyet.
694 1463 844 1506 Richter.
860 1461 1019 1504 Albinus,
1035 1464 1150 1496 Burm.
1170 1464 1380 1507 Heusinger.
1395 1466 1536 1499 Lallem.
1549 1467 1638 1504 Bro-

179 1505 259 1536 tier.
272 1505 448 1546 Bipontin.
471 1505 660 1537 Desbillon.
705 1505 773 1537 Sed
797 1505 940 1538 Kohlius
965 1505 1000 1537 in
1018 1506 1218 1540 ‘Commenn
1245 1507 1334 1540 crit.
1357 1508 1507 1541 Pentad.
1523 1518 1565 1542 ιι.
1577 1509 1636 1543 lib.

180 1556 302 1579 xxxn.
329 1557 364 1589 p.
381 1550 456 1579 180.
477 1548 755 1580 commodissime
779 1557 851 1580 rem
867 1549 917 1581 sic
932 1548 1088 1590 expediri
1104 1554 1217 1591 putat,
1232 1555 1282 1591 ut,
1303 1552 1473 1583 communi
1486 1552 1638 1586 lectione

180 1590 309 1622 Honore
315 1590 462 1629 fructum
478 1594 626 1631 retenta,
642 1590 862 1632 Hypallagen
887 1601 961 1623 esse
981 1591 1144 1632 dicamus,
1167 1591 1419 1635 frequentatam
1435 1593 1548 1636 poetis
1570 1596 1640 1628 cul-

179 1632 320 1664 tissimis
346 1631 503 1674 figuram.
547 1633 671 1675 Itaque
694 1633 914 1666 immutandis
930 1634 1208 1675 permutandisve
1225 1636 1369 1678 casibus,
1396 1638 1588 1679 postulante
1600 1638 1639 1671 'id

179 1679 304 1714 metro,
321 1675 450 1707 Honore
457 1674 614 1714 fructum,
627 1686 702 1718 pro,
715 1676 860 1708 honorem
871 1677 997 1718 fructu,
1012 1677 1177 1720 scriptum
1191 1677 1342 1711 Phaedro'
1351 1678 1485 1722 statuit,
1499 1680 1640 1715 laudans

177 1715 277 1759 Virg.
292 1718 365 1749 Ecl.
377 1727 428 1750 xv.
444 1720 555 1750 60-63.
579 1718 703 1750 Kohlio
718 1719 861 1751 assentit
881 1719 1096 1752 Schirachius
1106 1722 1149 1752 V.
1166 1722 1212 1753 D.
1231 1721 1326 1755 clav,
1339 1722 1381 1755 P.
1393 1732 1420 1755 ι.
1437 1732 1469 1755 v.
1495 1724 1637 1757 vendere.

181 1759 238 1792 Cf.
251 1760 295 1792 cl.
313 1760 516 1792 Wakefield.
533 1761 567 1791 in
583 1761 720 1793 Delect.
735 1761 895 1802 Tragoed.
912 1762 955 1794 ad
970 1763 1074 1804 Soph.
1088 1763 1239 1796 Philoct.
1253 1767 1329 1796 324.
1341 1774 1383 1797 11.
1398 1775 1433 1807 p.
1448 1764 1524 1798 18⁷.
1541 1769 1544 1771 ’
1562 1766 1636 1808 E'go

180 1802 318 1845 quidem
346 1803 504 1835 adhaereo
530 1803 673 1835 lectioni
698 1803 858 1836 Honorem
864 1804 989 1846 fructu,
1003 1807 1147 1847 propter
1163 1807 1406 1839 auctoritatem
1417 1806 1558 1840 ‘Codicis
1571 1808 1638 1842 Pe-

179 1845 276 1877 rotti.
313 1845 471 1887 Guyetus
487 1845 555 1887 legi
571 1847 643 1878 vult
657 1857 665 1878 ι
690 1846 850 1878 Honorem
857 1847 972 1887 fructu
986 1858 1023 1880 ne
1037 1848 1196 1880 videamur
1215 1850 1360 1891 pendere,
1384 1854 1424 1883 ut
1434 1852 1568 1892 pendere
1581 1853 1639 1894 sit,

180 1887 391 1929 expendere,
420 1889 669 1922 destinare.-8
691 1889 749 1921 Me
763 1889 930 1922 Hercules.
955 1890 998 1922 In
1018 1890 1105 1923 Mss.
1126 1891 1222 1924 Pith.
1248 1892 1346 1925 Rem.
1366 1897 1407 1925 'et
1428 1903 1495 1925 non
1516 1895 1634 1935 paucis

179 1931 290 1963 Editt.
300 1931 427 1972 legitur
440 1942 448 1963 ε
461 1931 508 1964 At
515 1941 564 1963 me
576 1932 726 1971 Hercule,
737 1931 953 1964 claudicante
965 1937 1088 1973 metro,
1098 1937 1137 1965 ut
1149 1938 1281 1975 putant.
1294 1932 1371 1969 Quo
1383 1932 1514 1974 factum
1524 1941 1589 1979 est,
1600 1942 1639 1970 ut

177 1973 285 2006 variis
300 1973 408 2006 modis
424 1984 625 2006 succurrere
641 1979 816 2007 tentarent
832 1975 895 2007 viri
909 1975 1015 2009 docti.
1032 1976 1034 1979 ’
1058 1976 1137 2008 Vid.
1151 1975 1316 2009 Schefferi
1332 1981 1374 2019 'et
1388 1977 1636 2021 Hoogstrat'ani

179 2020 290 2048 notas.
334 2016 514 2049 Bentleins
527 2017 658 2049 intrusa
669 2018 791 2050 vocula
804 2018 862 2049 ina
876 2018 942 2060 legi
951 2018 1074 2060 jubet:
1088 2019 1146 2060 Ae,
1161 2015 1339 2061 mehercule,
1348 2021 1419 2062 illa,
1428 2025 1547 2063 narret,

179 2059 247 2100 quis
274 2059 419 2099 voluerit,
447 2060 588 2092 laudans
612 2060 729 2092 Plaut.
765 2061 865 2093 Pers.
890 2070 948 2093 111.
975 2064 1006 2094 l.
1031 2064 1085 2094 46.
1111 2062 1287 2095 ‘Ursinust
1311 2063 1358 2096 At
1371 2064 1438 2096 'haec
1450 2064 1640 2107 (Minerva)

179 2102 350 2134 mehercule
361 2106 467 2134 narret
485 2113 514 2144 q.
539 2113 568 2144 q.
589 2113 619 2134 υ.
644 2103 800 2144 Guyetus
822 2113 883 2144 per
905 2104 1042 2144 τμῆσινι
1065 2104 1111 2137 At
1134 2114 1182 2137 me
1201 2106 1343 2138 narrabit
1362 2106 1496 2140 Hercule
1510 2118 1541 2150 q.
1558 2119 1589 2151 q.
1605 2119 1636 2144 v.

180 2144 344 2176 Heinsius
375 2150 453 2186 post
478 2146 574 2176 varia
601 2143 735 2177 tentata
756 2145 851 2188 (Vid.
877 2147 934 2188 Ej.
950 2147 1015 2189 Ep.
1037 2156 1147 2180 xxm.
1171 2148 1215 2179 ad
1234 2147 1357 2182 Scheff.
1372 2149 1406 2181 in
1421 2147 1538 2184 Burm.
1553 2152 1636 2193 Syll.

179 2187 271 2227 Epp.
287 2191 368 2219 tom.
380 2197 413 2219 v.
429 2197 464 2228 p.
479 2187 550 2227 40.)
565 2188 602 2219 it.
626 2188 754 2219 Har-ius
770 2193 806 2220 et
821 2189 940 2222 Burm.
953 2190 1137 2232 conjiciunt
1148 2191 1344 2232 mehercules,
1358 2196 1398 2224 ut
1413 2193 1543 2234 priores
1557 2194 1635 2227 dnae

181 2229 324 2270 syllabae
341 2230 375 2260 in
391 2239 491 2261 unam
509 2231 766 2262 contrahantur.
812 2230 918 2264 Hisce
943 2237 1066 2274 parent
1093 2233 1245 2266 Brotier.
1274 2234 1415 2276 Bipont.
1442 2236 1635 2270 Desbillon.

179 2271 249 2303 alii.
295 2271 362 2303 Sed
379 2272 507 2303 Han-ius
522 2273 675 2305 ultimam
690 2274 784 2305 vocis
801 2274 938 2306 Hercule
962 2275 1053 2317 apud
1075 2276 1231 2318 antiquos
1247 2277 1430 2318 ancipitem
1445 2277 1550 2311 fuisse
1564 2290 1636 2312 sns-

180 2314 330 2355 picatur.
370 2313 424 2346 Cf.
451 2315 655 2356 Heusinger.
671 2315 729 2357 qui
744 2316 862 2348 laudat
875 2317 1046 2350 Vechneri
1062 2318 1278 2351 Hellenolex.
1304 2329 1324 2351 a
1344 2325 1382 2351 se
1410 2321 1549 2353 editam.
1571 2322 1632 2355 lib.

181 2365 208 2388 1.
227 2356 268 2388 P.
282 2359 312 2389 1.
328 2366 360 2389 c.
376 2359 407 2389 3.
425 2366 459 2398 p.
475 2359 528 2390 35.
564 2358 733 2392 Priscian.
755 2359 814 2392 lib.
829 2368 879 2392 vr.
903 2363 990 2393 extr.
1004 2371 1039 2403 p.
1054 2363 1130 2394 723.
1145 2361 1203 2394 lib.
1218 2370 1284 2394 vn.
1301 2372 1334 2404 p.
1348 2365 1424 2396 730.
1448 2365 1557 2397 Recte
1572 2364 1632 2407 igi-

842 2466 983 2501 NOTAE

182 2543 259 2573 erat
274 2540 403 2582 populo
427 2543 579 2583 ornatus,
602 2550 679 2574 cum
705 2541 884 2576 descendit
935 2553 998 2576 nos
1012 2544 1142 2586 colunt,
1158 2545 1309 2581 vendere
1323 2546 1474 2580 fructum
1499 2547 1633 2581 illarum

183 2590 227 2622 ad
252 2589 388 2623 Inferos
411 2590 598 2624 educturus
613 2601 733 2626 canem
756 2593 883 2626 Cerbe-
937 2594 1094 2626 arborum
1110 2605 1173 2637 pro
1188 2596 1328 2630 honore.
1371 2597 1491 2629 Malim
1505 2607 1570 2639 ego
1585 2599 1633 2631 le-

181 2650 270 2674 rum.
654 2656 655 2659 ¹
935 2653 1031 2686 gere,
1053 2644 1142 2686 quod
1167 2646 1293 2678 alicubi
1314 2646 1499 2688 invenitur,
1524 2647 1634 2680 Hono-

225 2694 245 2723 7
270 2692 429 2725 Honorem
434 2692 561 2734 fructu]
575 2694 720 2735 [Honore
725 2694 883 2736 fructum]
935 2703 1001 2726 rem
1007 2694 1166 2733 fractane
1180 2695 1340 2728 videamur
1353 2698 1495 2738 vendere,
1510 2707 1631 2740 nempe

183 2742 355 2782 Elegimns
367 2743 503 2776 arbores
511 2745 621 2777 nullos
632 2744 784 2777 ferentes
793 2744 882 2777 fruc·
935 2744 1048 2777 dando
1062 2745 1250 2778 hominibus
1265 2746 1413 2780 fructum
1429 2758 1491 2790 pro
1506 2748 1632 2781 honore

184 2795 251 2832 tus,
264 2801 305 2824 ne
320 2792 508 2835 videamur,
537 2795 564 2827 si
581 2794 716 2837 quando
731 2795 880 2828 homines
935 2805 1002 2837 quo
1018 2805 1077 2827 nos
1094 2794 1256 2828 afficiunt.
