1806 3236
662 194 815 226 maim
848 192 922 226 111.
956 192 1065 224 mn.
1097 182 1166 224 15.
1539 180 1626 223 175

154 291 430 349 Ddcemqne
447 293 606 347 sponte
626 292 813 345 praestat
831 289 1181 332 benevolentiam
1195 289 1216 330 'l

153 360 285 406 Facit
301 363 503 417 parentes
521 359 713 411 henim,
729 371 821 402 non
839 358 1097 402 necessitas·

211 429 303 472 His
320 428 619 472 demonstrare
639 427 782 470 voluit
800 429 952 470 auctor
971 427 1189 478 versibuS,

153 496 387 542 Obsistere
408 495 611 542 homines
630 494 823 551 legibus,
844 494 1014 538 meritis
1032 497 1154 551 capi.

151 626 309 667 sericam
328 631 486 674 destituti,
507 635 539 664 et
554 631 637 664 mibi
651 632 793 673 largitur
818 618 902 664 ultro
917 641 1055 663 amorem
1076 627 1274 669 jucundum?
1320 629 1449 662 Caritas
1466 630 1554 670 fucit
1575 641 1632 672 pa·

151 679 267 715 rentes,
288 685 351 708 non
365 678 492 708 natura.
537 675 658 708 Auctor
673 675 771 708 votuit
794 676 957 708 ostendere
975 675 1028 707 Ιιὶε
1049 673 1202 716 versibus,
1224 672 1363 706 hominen
1376 674 1538 706 adversari
1553 675 1632 716 legi-

151 719 220 763 bus,
231 718 371 752 detineri
383 717 558 762 beneficiis.

771 793 1013 808 O‘OOuul‘OO

152 858 356 901 spondendo
370 858 460 900 cani,
483 858 541 901 qui
566 862 760 898 monuerat,
792 858 803 876 ‘
819 859 950 891 Tamen
974 858 1034 891 illa
1058 862 1113 891 est
1129 857 1265 900 potior.’
1311 857 1402 890 Vide
1417 858 1465 891 ill.
1481 859 1525 892 de
1540 859 1635 892 Schi-

153 903 246 935 racb.
265 902 361 936 ClaV.
376 902 418 935 P.
435 911 461 935 1.
476 912 507 935 ν.
521 904 636 944 pocior.
681 901 816 934 Gudius
830 901 1039 944 conjiciebat
1053 913 1062 934 ς
1090 902 1187 942 Cuius
1198 905 1340 944 potestas
1353 903 1438 934 nulla
1451 902 1486 934 in
1498 904 1634 944 gignen-

151 948 190 979 do
197 945 284 987 fnit,
301 946 369 979 Cur
383 943 474 979 Μυῒ
506 946 550 978 sit
564 945 682 987 potior,
696 955 766 987 quoe
780 944 917 985 ,iacentis
929 945 1072 978 miserita
1085 948 1131 978 est
1140 956 1154 983 ;
1177 945 1237 977 sed
1253 946 1328 978 haec
1344 952 1539 988 repugnant
1555 948 1635 980 sim·

152 989 303 1032 plicitati
317 988 472 1023 Pbaedri.
516 988 629 1021 Aliam
643 988 882 1031 conjecturam
899 997 1020 1030 parum
1036 987 1250 1031 probabilem
1266 988 1479 1032 eandemque
1493 989 1636 1024 minime

151 1033 382 1066 necessariam
397 1030 530 1075 profert
543 1032 580 1064 Τ.
592 1032 624 1066 J.
641 1031 687 1065 A.
702 1029 849 1064 sc‘hiitze
866 1031 901 1063 in
918 1030 1006 1064 erit.
1021 1031 1056 1064 in
1073 1031 1213 1065 Phaedr.
1229 1031 1317 1065 Obs.
1341 1042 1378 1074 p.
1401 1034 1431 1064 3.
1457 1032 1518 1066 ubi
1541 1033 1635 1068 vide.

152 1076 232 1111 coll.
246 1076 290 1109 P.
306 1085 348 1109 n.
361 1074 504 1109 Pbaedri
521 1084 555 1117 p.
570 1078 645 1108 115.
694 1075 815 1117 Neque
830 1084 917 1117 opus
927 1079 1009 1117 >erat
1024 1075 1266 1108 emendatione
1282 1075 1431 1117 Heinsii,
1458 1076 1557 1118 cnjus
1579 1087 1636 1119 po-

151 1123 251 1153 testas
263 1119 348 1152 nulla
368 1119 537 1161 giguendi,
561 1119 618 1151 vel
639 1117 805 1160 gignentis
821 1117 892 1158 suit
901 1128 914 1156 ‚·
948 1117 994 1151 cf.
1011 1118 1130 1151 Daris.
1147 1118 1191 1150 ad
1207 1119 1280 1152 Cic.
1293 1119 1393 1151 Tusc.
1410 1128 1436 1151 1.
1449 1122 1504 1152 42.
1521 1129 1635 1162 neque

151 1163 258 1196 etiam
273 1162 425 1206 Bartbii,
437 1161 642 1204 corrigentis
658 1161 749 1194 Adv.
766 1170 860 1194 xur.
877 1171 908 1194 c.
925 1164 979 1195 14.
1007 1162 1075 1194 Cur
1087 1161 1154 1194 hoec
1173 1163 1218 1194 sit
1239 1162 1358 1204 potior,
1381 1173 1451 1204 φη
1472 1164 1636 1196 nascentis

150 1217 195 1282 3¹5·
210 1217 237 1283 i·
251 1203 896 1292 ‘⁸³1“ligii“,fss‘c'fflss‘hess'issiieii³¹¹5?
909 1205 1123 1281 igtlffibssil
1126 1252 1140 1281 t
1174 1205 1317 1291 352222?
1333 1205 1638 1291 32222332330222

150 1294 240 1326 tiam.
283 1292 343 1326 Ita
356 1293 449 1326 enim
463 1297 566 1335 putat
579 1301 716 1325 versum
732 1292 1002 1325 commodiorem
1033 1302 1115 1334 ore;
1142 1272 1197 1325 'sic
1213 1303 1351 1336 quoque
1367 1293 1637 1336 Cuninghamus.

149 1335 203 1370 At
227 1335 403 1378 Sauadon,
425 1335 579 1379 Philipp.
607 1335 812 1369 Lallemant.
836 1333 971 1368 frustra
993 1340 1130 1369 mutant
1155 1341 1192 1368 et
1217 1337 1396 1369 invertunt
1420 1336 1487 1369 hoc
1509 1337 1637 1373 modo:

108 1397 110 1399 ·
151 1379 228 1414 Hac
239 1380 299 1413 ius
319 1380 438 1423 potior,
451 1389 522 1423 quoe
536 1378 677 1421 jacentis
689 1378 833 1412 miserita
846 1382 906 1421 est,
920 1379 1113 1422 Dulcemque
1125 1383 1235 1422 sponte
1247 1380 1366 1422 praebet
1381 1379 1639 1425 benevolentiam,

153 1423 308 1462 Qua-mi·
318 1427 459 1466 potestas
469 1424 554 1456 nulla
567 1423 602 1456 in
614 1423 777 1465 gignendo
789 1422 959 1462 suia—1⁷
983 1423 1175 1457 Necessitas.
1219 1424 1261 1456 In
1278 1425 1426 1457 Romulo
1441 1423 1584 1458 Divion.
1600 1429 1639 1461 et

148 1466 304 1501 Ulmens.
322 1476 425 1511 quem
439 1476 626 1518 perperam
640 1466 762 1499 dicunt
777 1465 975 1507 Rimicium,
986 1466 1106 1500 fabula
1121 1467 1291 1510 inscripta
1307 1471 1382 1500 est:
1418 1467 1557 1501 Bonitas
1577 1479 1639 1511 pa-

149 1509 611 1552 rmoesaett,mnatwitoes‚
632 1509 802 1553 probante
824 1510 1010 1544 Neveleto.
1058 1511 1151 1544 Hinc
1176 1511 1330 1544 nativitas
1351 1515 1561 1553 receperunt
1577 1512 1638 1544 Sa·

150 1553 278 1597 nedon,
291 1553 448 1597 Philipp.
463 1553 608 1587 Lellem.
654 1553 722 1586 Sed
739 1553 870 1596 optime
881 1554 965 1588 Mas.
983 1554 1081 1588 Pith.
1101 1555 1201 1587 Rem'.
1217 1559 1258 1588 et
1272 1553 1379 1588 Editt.
1393 1555 1494 1588 Vett.
1510 1555 1640 1591 habent

149 1599 330 1641 necuim,
375 1597 444 1631 nod
466 1601 598 1640 proeter
611 1596 838 1638 Gronovium,
854 1601 998 1630 tuentur
1015 1598 1134 1631 Barth.
1161 1597 1252 1632 Adv.
1276 1607 1366 1631 xut-
1395 1608 1426 1631 c.
1454 1601 1506 1631 14.
1531 1602 1569 1632 et
1591 1599 1637 1636 ad

150 1641 241 1674 Stat.
255 1641 352 1684 Sylv.
381 1641 426 1674 ib.
443 1649 486 1674 11.
503 1643 536 1674 1.
551 1643 604 1673 87.
631 1644 669 1673 et
691 1641 847 1674 Brotier.
873 1641 917 1674 ad
934 1641 975 1674 h.
996 1642 1020 1684 l.
1043 1641 1103 1685 qui
1117 1639 1156 1673 τὸ
1170 1641 1326 1674 minim
1340 1651 1460 1674 vocem
1486 1651 1564 1675 esse
1586 1652 1640 1675 se-

174 1683 282 1718 nioris
296 1684 363 1718 tevi
377 1689 416 1718 et
433 1683 584 1718 Phaedro
599 1693 742 1726 prorsus
757 1683 934 1726 indignam
951 1688 1049 1718 recte
1069 1684 1220 1728 judicat.
1267 1685 1339 1719 Pro
1351 1688 1501 1728 parentes
1515 1685 1550 1718 in
1567 1686 1637 1720 Ms.

151 1694 236 1762 ger.
251 1732 307 1761 est
319 1730 594 1771 parentem—18.
610 1729 652 1760 19
673 1726 818 1760 Koblius
833 1727 1029 1762 Comment-
1044 1729 1120 1762 crit.
1135 1737 1161 1762 1.
1174 1731 1229 1762 49.
1251 1730 1316 1771 §4-
1339 1732 1455 1771 putat,
1475 1729 1537 1762 hos
1563 1739 1639 1762 ver-

151 1772 209 1804 su's
231 1772 276 1806 ab
291 1771 428 1805 bomine
442 1770 591 1815 quodam
607 1770 796 1803 hebetioris
810 1771 941 1814 ingenii
964 1773 1020 1804 vel
1047 1771 1169 1805 dedita
1194 1782 1301 1815 opera
1325 1772 1475 1814 additos,
1489 1773 1545 1805 vel
1568 1773 1639 1815 pri-

151 1815 245 1848 mm
259 1814 563 1849 commentationis
602 1814 690 1847 ratia
705 1815 889 1858 ascriptos,
906 1814 1032 1848 deinde
1058 1825 1124 1858 per
1146 1815 1415 1859 imprudentiam
1440 1815 1476 1848 in
1502 1820 1639 1849 textum

151 1863 418 1902 essereceptos.
460 1859 472 1877 ⁸
487 1858 572 1892 1⁸11ae
601 1857 652 1899 ri„’
675 1857 800 1901 inquit,
821 1858 832 1877 ‘
850 1868 918 1892 non
942 1868 1031 1901 esse,
1055 1869 1111 1892 res
1126 1859 1204 1902 ipsa
1213 1859 1379 1903 loquitur.
1423 1859 1510 1894 Quis
1533 1860 1639 1902 enim,

150 1910 279 1946 quoto,
291 1903 323 1936 is
338 1906 473 1944 auctor,
487 1911 590 1946 quem
606 1901 691 1934 dicit
706 1902 758 1935 his
783 1901 940 1935 versibus
968 1901 1204 1936 demonstrare
1220 1903 1383 1945 voluisse,
1396 1903 1566 1935 obsistere
1580 1904 1640 1936 ho-

151 1946 262 1980 mines
275 1945 423 1989 legibus,
441 1946 572 1978 meritis
593 1945 697 1988 capi?
729 1955 810 1978 num
825 1945 901 1988 ipse
917 1946 1111 1979 Phaedrus?
1145 1946 1179 1979 id
1198 1946 1338 1989 quidem
1363 1945 1545 1988 probabile
1569 1957 1639 1980 non

151 1994 219 2032 est,
230 1989 419 2023 Pboedrum
435 1989 480 2022 de
502 1999 539 2021 se
564 1988 639 2032 ipso
654 1989 831 2022 locutum:
866 1999 909 2022 an
927 1999 1008 2022 vero
1024 1990 1192 2032 AEsopns?
1224 1994 1261 2023 at
1276 1991 1335 2022 ille
1352 1990 1499 2023 Graecns
1516 1995 1638 2023 auctor

152 2033 267 2067 uoluta
278 2033 423 2076 scripsit
435 2033 594 2066 oratione
608 2032 788 2074 apologos,
802 2042 869 2066 non
887 2032 1019 2075 ligata!
1071 2033 1189 2066 Facile
1214 2032 1436 2074 crediderim,
1460 2033 1638 2076 AEsopum,

152 2085 255 2119 quem
271 2076 440 2110 Phaedru-
461 2075 571 2109 bocce
586 2075 775 2118 epimytbio
799 2076 989 2116 notaverit,
1014 2085 1080 2108 non
1107 2086 1182 2109 esse
1209 2081 1388 2109 auctorem
1404 2076 1543 2118 fabula‘,
1559 2087 1645 2111 cum:

152 2120 227 2153 baec
242 2129 311 2157 non
325 2120 523 2162 reperiatur
538 2119 631 2151 inter
645 2119 789 2152 Graecas
806 2119 926 2161 AEsopi
941 2118 1096 2161 fabulas;
1117 2119 1182 2153 etsi
1200 2120 1307 2162 probe
1318 2120 1439 2161 sciam,
1449 2130 1518 2153 non
1533 2131 1644 2154 unam

151 2163 268 2206 poeto
281 2162 432 2198 fabulam
449 2163 559 2196 latere
576 2171 676 2205 posse
691 2162 726 2194 in
742 2161 911 2203 tenebris,
926 2163 1008 2195 olim
1023 2162 1138 2196 forsan
1165 2163 1200 2196 in
1227 2164 1342 2196 lucem
1358 2164 1639 2207 protrahendam.

153 2206 204 2240 At
218 2216 387 2250 ponamus
403 2206 590 2241 Pboedrum
605 2204 757 2238 fabulam
774 2205 907 2248 AEsopi,
922 2207 1034 2240 soluta
1050 2207 1206 2240 oratione
1222 2208 1403 2250 scriptam,
1424 2208 1647 2258 expressisse·

154 2251 177 2283 li
205 2254 276 2292 ata,
300 2251 325 2283 i.
339 2260 372 2283 e.
397 2249 555 2283 versibus
581 2249 747 2282 senariis:
779 2259 823 2282 an
848 2256 1038 2293 propterea
1053 2250 1286 2294 AEsopusdici
1302 2261 1369 2284 non
1383 2255 1500 2294 potuit
1514 2257 1638 2285 auctor

154 2293 191 2327 fa
239 2295 310 2328 loe?
334 2294 486 2328 certer.
495 2292 590 2327 Prol.
603 2296 633 2326 1.
649 2292 766 2334 docet,
780 2292 902 2336 utique
917 2293 986 2327 dici
1003 2304 1118 2337 posse.
1163 2294 1230 2327 Sed
1247 2294 1367 2338 quidni
1383 2296 1458 2338 ipse
1467 2295 1639 2329 Phaedrus

152 2337 453 2381 bujss'epimytliii
467 2341 591 2370 auctor
605 2346 683 2369 esse
700 2337 823 2379 possit,
838 2336 1000 2380 equidem
1025 2347 1093 2371 non
1116 2337 1240 2379 vide03
1272 2348 1350 2371 cum
1375 2348 1394 2371 e
1420 2348 1462 2371 u.
1488 2338 1583 2371 Prol.
1606 2342 1640 2372 7.

153 2391 223 2415 non
237 2381 386 2415 obscure
402 2380 626 2423 intelligatur,
641 2389 707 2413 non
723 2380 843 2422 inepte
858 2389 894 2413 se
911 2381 1024 2423 ipsum
1040 2381 1074 2414 h.
1099 2381 1122 2414 l.
1147 2380 1275 2415 fabnlae
1291 2382 1521 2425 appellavisse
1533 2386 1640 2414 aucto-

151 2435 229 2459 rem.
274 2424 426 2459 Accedit
439 2434 512 2458 mos
527 2423 679 2466 Pbaedri,
700 2428 829 2467 praeter
854 2424 1084 2468 epimythium
1110 2422 1439 2469 vel‘promythium,
1463 2426 1508 2458 ad
1529 2425 1639 2459 -finem

823 2533 967 2568 NOTAE

197 2614 239 2644 17
264 2610 358 2644 Facit
370 2613 519 2654 parentes
531 2610 667 2654 bonitas,
691 2621 752 2644 non
766 2621 869 2645 neces·
915 2614 1055 2657 juvant.
1118 2646 1123 2650 ,

152 2662 246 2706 sitas]
268 2661 326 2696 Illi
336 2671 417 2695 vere
430 2662 498 2696 dici
513 2667 658 2706 possunt
670 2663 869 2708 patres‚qui
967 2669 1010 2699 19
1035 2666 1195 2699 Obsistere
1209 2664 1347 2698 homines
1369 2662 1504 2706 legibus]
1536 2665 1641 2708 Nam,

154 2723 222 2747 non
238 2714 448 2748 necessitate
469 2714 616 2758 quadam
641 2718 775 2747 natnrae
793 2724 869 2758 pro·
923 2721 963 2750 nt
988 2717 1036 2750 ait
1059 2717 1192 2750 Poeta:
1216 2717 1226 2734 ‘
1244 2716 1400 2749 Nitimur
1426 2716 1460 2748 in
1491 2716 1645 2758 vetitum¹

155 2770 278 2798 creant
293 2765 433 2805 liberos,
458 2765 520 2798 sed
536 2766 594 2809 qui
614 2766 807 2809 procreatis
821 2766 870 2799 vi-
924 2778 1075 2812 semper,
1089 2767 1319 2811 cupimusque
1335 2767 1486 2810 negata?

157 2823 227 2851 tam
242 2818 416 2853 sustinent
442 2819 628 2862 alimentis,
654 2826 691 2853 et
715 2820 869 2860 consiliis
