1806 3236
335 221 538 254 ruffina!
573 221 680 254 ran.
713 219 1019 254 AEsormaum
1055 218 1153 250 ma.
1188 217 1254 249 iv.
1286 207 1357 249 17.

104 313 426 363 ‘Maluent-
463 317 572 359 Schef.
629 317 734 352 Forte
754 318 822 350 Ex·

110 368 261 411 aaa,
297 369 355 403 vel
383 369 597 404 Proclamat.
643 369 821 403 Heinsius.

112 421 224 456 m
249 419 465 455 sebefferuu
497 422 549 455 ita
566 420 647 454 Val.
664 422 779 454 Flacc.
796 430 822 454 1.

112 473 190 508 m
210 473 223 492 ⁶
236 472 369 506 Rursus
384 472 518 515 Hylan,
540 476 578 506 et
603 482 721 505 rursus
747 471 823 513 Hy-

111 518 169 557 lan
192 533 259 567 per
280 524 386 567 longa
406 524 575 557 reclamat
595 523 709 556 Avia!
752 522 824 556 Ubi

49 579 52 582 '
110 575 214 620 plura
227 575 394 609 dicemus.
450 575 528 609 Nisi
542 575 600 608 bic
615 575 691 618 quis
706 575 824 618 legere

111 627 253 662 uallet:
275 626 474 661 Declamas-t
487 637 603 660 omnes.
625 628 746 659 Burm.

105 699 123 714 .·
154 681 199 714 ¹¹7
231 678 291 712 Sia.-
313 682 362 712 eat
383 677 519 720 lomus]
563 678 690 711 Mallet
704 677 824 710 Meur-

111 730 197 772 siun,
211 730 280 764 Hic
301 734 349 763 eet
371 730 504 771 loeutus,
518 729 608 773 qnod
625 739 691 761 non
707 728 825 772 displi-

112 787 180 816 cet.
225 781 314 815 Vide
330 782 353 814 l.
368 791 396 814 1.
413 791 443 815 c.
463 784 513 815 13.
559 781 667 821 Schef.

156 833 213 867 Sic
231 833 425 876 aemam]
471 834 576 867 Forte
591 831 824 872 scribendum,

114 885 247 919 Πίσα
267 884 410 924 Ιοσιιίιιη
444 885 540 927 quasi
565 884 719 918 diceret:
754 883 826 916 Hic

107 935 184 979 jam
208 945 344 978 poenam
369 935 487 968 daturi
511 945 629 976 canes,
651 934 712 967 sed
744 939 826 966 ante

59 1010 65 1014 -
113 997 250 1031 poenam
257 987 400 1031 Jupiter
409 988 460 1020 ita
473 987 620 1021 locutus.
666 986 734 1019 Hic
748 995 826 1029 par-

111 1037 225 1073 ticula
247 1047 290 1071 eo
319 1047 422 1071 sensu
453 1042 490 1071 et
508 1038 579 1071 situ
605 1037 749 1080 propria
773 1040 827 1069 est

113 1089 278 1129 Phaedro,
294 1088 410 1123 multis
434 1088 471 1122 in
496 1089 603 1122 locis:
626 1089 636 1107 ‘
649 1089 721 1122 Hic
747 1097 828 1122 con·

113 1140 255 1184 spiratis
269 1140 460 1175 factionum
476 1140 656 1184 partibns‚'
670 1141 732 1174 διο.
755 1142 830 1181 Ast,

113 1192 256 1236 elegans
286 1193 470 1236 particula,
504 1197 542 1226 et
575 1192 678 1225 valde
704 1201 829 1225 conve-

114 1244 306 1278 niensbnic
322 1244 410 1278 loco.
454 1244 603 1277 Plautus
619 1243 724 1286 Capt.
740 1252 775 1276 v.
797 1245 829 1275 3.

114 1295 260 1340 ‘Siego
271 1295 330 1332 bie
353 1295 488 1340 peribo,
507 1299 562 1328 ast
583 1295 643 1327 ille
664 1294 734 1327 huc
760 1302 828 1326 non

115 1347 231 1382 redit!
274 1347 351 1382 Cic.
366 1347 412 1381 ad
426 1347 507 1381 Att.
523 1357 549 1381 1.
563 1349 595 1379 2.
616 1346 627 1365 ‘
643 1346 792 1380 Crebras
808 1355 830 1378 a

115 1398 218 1433 nobis
231 1399 352 1432 literas
363 1402 546 1441 exspecta,
566 1402 621 1431 ast
635 1399 753 1440 plures
766 1397 830 1430 eti-

116 1460 173 1487 ιιι
186 1449 342 1485 mittito?
387 1450 452 1484 Est
473 1454 512 1483 et
535 1450 571 1482 in
592 1449 829 1492 concipiendis

117 1503 210 1537 votis
226 1502 404 1539 usitatum.
450 1502 527 1535 Liv.
543 1511 580 1536 x.
601 1503 613 1520 ‘
630 1502 786 1543 Bellona,
801 1501 830 1533 si

118 1552 219 1587 nobis
235 1553 418 1604 victoriam
430 1552 519 1594 duis,
529 1556 585 1586 ast
595 1562 658 1595 ego
672 1552 735 1586 tibi
747 1558 831 1585 tem·

118 1606 216 1649 plum
229 1604 364 1640 voveo?
396 1605 500 1638 Silius
515 1605 660 1639 Italicus
672 1603 732 1638 lib.
747 1613 830 1636 viu.

118 1660 196 1691 229.
228 1657 240 1676 ‘
255 1656 421 1699 Nympha
445 1656 562 1695 decus?
582 1657 731 1699 generis,
763 1666 831 1699 quo

119 1718 191 1743 uon
213 1707 380 1741 sacratius
397 1708 506 1741 ullum
531 1708 684 1749 Numen,
701 1708 762 1744 ait,
777 1717 838 1739 no-

118 1759 173 1794 bis
187 1757 277 1792 felix
287 1759 407 1799 oblata
421 1759 605 1793 secundis:
639 1759 706 1793 Ast
720 1769 786 1802 ego
802 1763 838 1792 te

121 1820 262 1855 compos
277 1817 405 1854 pugna
419 1811 640 1854 Carthaginis
655 1821 735 1845 arce
747 1811 840 1844 Mar-

120 1862 249 1897 moreis
262 1863 382 1897 sista·
393 1863 557 1906 templis?
582 1864 670 1898 (ἕνα.

164 1914 221 1948 sic
244 1917 293 1948 eet
312 1914 433 1948 locatus
452 1918 528 1948 ante
549 1925 673 1958 poenam
690 1914 838 1958 Jupiter]

121 1966 268 2008 vernus,
294 1966 354 2010 qui
387 1966 480 2000 hunc
511 1971 718 2010 sequuntur,
755 1967 840 1999 mire

123 2017 258 2052 confusi
273 2014 365 2051 stim.
412 2019 466 2051 Ex
481 2019 551 2051 Ms.
569 2019 669 2051 Rem.
685 2023 723 2051 et
744 2019 840 2051 Pitli.

123 2071 174 2104 ita
198 2069 458 2104 constituendi:
503 2070 643 2111 Legatos
666 2081 742 2110 mm,
770 2069 840 2112 [⁸5⁶-

121 2122 167 2156 V.
178 2121 261 2156 Var.
276 2121 335 2164 Β]
388 2122 430 2155 In
447 2121 620 2164 prioribus
637 2122 749 2155 tribus
766 2132 840 2155 ver·

124 2174 219 2212 sibus
235 2178 291 2208 ter
314 2174 348 2207 in
370 2173 470 2208 initio
485 2174 570 2208 illud
583 2178 630 2208 est
645 2174 838 2218 geminaba-

125 2233 198 2271 tur,
221 2227 315 2272 quod
341 2228 514 2270 ingratum
540 2233 628 2262 erat.
676 2228 717 2262 In
735 2228 842 2262 tertio

124 2281 349 2321 correximus,
370 2280 447 2314 Stet
465 2281 535 2314 hoc.
579 2281 639 2314 Sic
664 2280 757 2323 apud
784 2280 842 2313 Ci-

125 2340 312 2366 ceronems
335 2331 347 2351 ‘
363 2332 442 2366 Stat
456 2332 542 2366 illud
556 2331 580 2374 ς’
614 2333 682 2375 Ep.
696 2332 720 2364 l.
738 2340 792 2366 tx.
806 2334 841 2365 2.

125 2383 136 2403 ⁴
151 2382 261 2416 Modo
276 2386 348 2416 stet
361 2383 463 2416 nobis
478 2383 577 2425 illud,
587 2393 657 2416 una
670 2383 786 2416 vivere
807 2383 843 2415 in

127 2435 252 2470 studiis
278 2435 429 2468 nostris!
485 2436 533 2469 Et
561 2436 720 2469 absolute
740 2436 751 2454 ‘
765 2436 843 2469 Sta·

127 2486 216 2529 bat,'
237 2486 282 2520 ad
297 2486 404 2521 Attio.
419 2488 487 2530 Ep.
501 2487 563 2520 lib.
580 2496 642 2520 111.
656 2490 710 2521 14.
756 2487 844 2520 Sub-

126 2538 336 2572 andiendum
362 2548 459 2580 vero,
473 2539 667 2581 decretum,
682 2544 722 2572 ut
751 2538 845 2581 apud

128 2591 279 2634 Livium,
292 2591 304 2610 ‘
320 2591 400 2625 Stat
415 2589 613 2624 sententia!
657 2590 733 2623 Stat
748 2599 845 2632 vero,

128 2643 270 2687 proprie
293 2653 357 2686 pro
395 2643 606 2676 auctoritate
633 2646 671 2675 et
701 2642 845 2685 imperio

129 2695 212 2730 Jovi
232 2694 390 2738 loquenti
415 2694 629 2737 adjungitur.
671 2694 730 2727 Sic
751 2693 845 2737 apud

131 2747 282 2780 Statium
307 2746 415 2779 Theb.
444 2746 505 2779 lib.
530 2755 583 2779 ιι.
611 2745 672 2779 ubi
702 2746 846 2789 Jupiter

132 2798 232 2831 Deos
248 2797 332 2831 alios
344 2796 532 2840 alloquitur
547 2808 556 2831 z
586 2797 597 2815 ⁴
609 2796 767 2830 Vidimus
793 2806 846 2829 ar-

131 2847 286 2891 miferos,
307 2858 376 2891 qno
395 2847 450 2881 fas
477 2852 554 2881 erat
577 2859 700 2893 usque,
713 2848 847 2883 furores

220 2903 336 2946 Delph.
353 2906 384 2936 et
400 2902 477 2937 ναν.
494 2903 581 2937 Clas.

824 2903 956 2936 Phaedr.

1500 205 1589 250 625

878 315 1078 358 Coelicolae,'
1101 317 1166 348 dcc.
1227 314 1324 348 Finit
1345 313 1486 348 tandem
1511 321 1590 348 ora·

878 368 1008 402 tionem
1025 378 1122 404 suam
1137 376 1146 400 ι
1169 367 1178 385 ⁶
1194 366 1434 410 Stat2parcere
1449 366 1591 407 mundo,

877 419 940 464 (al.
975 419 1066 461 εει-1ο)
1103 418 1344 460 Coelicolisque
1379 417 1488 450 meis!
1544 418 1592 450 Et

879 471 970 514 apud
997 470 1104 504 Ovid.
1121 472 1212 504 Met.
1226 479 1253 504 ι.
1279 470 1435 513 Jupiter,
1460 469 1591 503 diluvio

879 522 1082 565 perditurus
1107 522 1292 554 humanum
1321 530 1442 563 genus,
1467 529 1592 553 convo-

879 579 961 608 cato
986 574 1132 607 concilio
1156 574 1323 614 Deorum,
1344 572 1484 606 tandem
1511 581 1592 605 con-

879 626 1013 660 cludit:
1049 626 1060 645 ‘
1078 627 1175 659 Dent
1205 625 1303 658 ocius
1340 634 1459 657 omnes
1496 624 1592 659 Quas

878 687 1038 712 meruere
1054 677 1129 719 pati
1141 676 1208 721 (sic
1225 680 1298 710 stat
1313 674 1505 718 sententia)
1521 685 1592 717 poe-

878 728 966 762 nas.'
1021 729 1080 762 Sic
1108 728 1300 761 orationem
1325 737 1421 760 suam
1452 726 1595 769 Jupiter

880 780 972 823 apud
987 780 1170 822 Virgilium
1185 779 1246 811 lib.
1261 787 1300 812 x.
1314 778 1438 820 incipit
1457 788 1476 811 a
1491 779 1594 811 vehe-

879 832 987 865 menti
1003 831 1284 874 expostulatione
1299 840 1377 863 cum
1387 830 1462 862 Diis
1478 831 1523 863 de
1536 839 1594 862 eo-

880 893 954 915 rum
967 881 1199 915 inconstantia
1213 890 1300 925 ,ηοω
1311 881 1346 914 in
1359 882 1457 915 Deos
1468 881 1595 915 cadere

879 945 949 967 non
964 934 1112 967 debeat:
1136 936 1146 952 ‘
1160 934 1336 967 Coelicolae
1360 933 1486 976 magni,
1499 933 1595 976 quia-

882 997 960 1019 nam
976 986 1150 1019 sententia
1165 985 1264 1018 vobis
1278 986 1388 1018 Versa
1403 991 1510 1025 retro,
1524 993 1598 1017 tan-

881 1042 1024 1081 tumque
1040 1038 1161 1070 animis
1174 1037 1318 1071 certatis
1335 1037 1459 1080 iniquis
1472 1037 1495 1069 ?'
1525 1036 1597 1070 Ubi

882 1090 1029 1132 quianam
1043 1094 1110 1130 est,
1123 1099 1285 1129 curnam3
1300 1089 1508 1121 Ennianum.
1538 1088 1597 1120 Sic

882 1142 1042 1174 Deorum
1069 1140 1254 1173 sententiae
1281 1149 1420 1182 semper
1444 1139 1599 1173 breviter

884 1193 1121 1226 enuntiantur.
1169 1192 1336 1234 Virgilius
1362 1192 1440 1225 AEn.
1468 1191 1528 1224 lib.
1545 1201 1599 1225 iv.

883 1247 894 1264 ‘
911 1244 1090 1286 Naviget?
1135 1244 1195 1277 Sic
1221 1248 1258 1277 et
1284 1244 1328 1276 de
1341 1243 1480 1278 Junone
1495 1243 1600 1276 Vale-

885 1296 955 1329 rius
970 1297 1115 1329 Flaccus
1127 1305 1162 1330 v.
1176 1305 1226 1330 vs.
1242 1298 1319 1329 288.
1335 1296 1346 1314 ‘
1364 1295 1443 1328 Stat
1455 1298 1599 1337 pectore

883 1346 990 1380 fixum
1027 1347 1137 1380 AEetoe
1174 1347 1308 1380 sociare
1344 1345 1491 1379 manus!
1551 1346 1601 1379 Et

885 1399 977 1441 apud
1002 1399 1148 1432 eundem
1171 1397 1260 1441 Arg.
1285 1397 1348 1431 lib.
1363 1407 1399 1431 v.
1424 1397 1601 1430 inducitur

886 1451 1083 1492 AEmnidezz,
1095 1450 1153 1494 qui
1169 1461 1248 1483 cum
1261 1450 1351 1484 Jove
1367 1453 1602 1492 comparatur,

886 1502 934 1535 ita
950 1503 1093 1545 loquens
1108 1514 1117 1535 ι
1151 1503 1161 1520 ‘
1178 1502 1325 1544 Quaque
1339 1501 1396 1534 via
1412 1500 1535 1543 patriis
1548 1509 1602 1532 re·

887 1554 1037 1588 feramus
1061 1555 1191 1587 vellera
1214 1555 1330 1596 terris,
1356 1554 1435 1586 Stet
1458 1550 1605 1595 potius?

889 1607 930 1640 In
966 1606 1191 1650 sequentibus
1227 1605 1344 1638 verbis
1379 1604 1606 1645 correximus,

880 1658 999 1699 seretis
1012 1668 1069 1700 pro
1083 1658 1218 1698 justitia
1236 1657 1427 1699 proernium5
1450 1655 1603 1699 quamvis

885 1718 946 1750 pro
961 1709 1086 1749 judicio
1113 1708 1225 1751 possit
1248 1707 1431 1750 explicari,
1443 1713 1483 1740 ut
1504 1707 1515 1725 ‘
1530 1707 1604 1740 Pro

889 1760 1080 1802 concione,’
1093 1760 1103 1778 ‘
1122 1760 1194 1793 Pro
1211 1759 1399 1802 tribunali:
1413 1761 1423 1778 ‘
1438 1760 1509 1792 Pro
1525 1769 1604 1801 sug·

889 1811 1015 1854 gestu,'
1050 1807 1161 1855 apud'
1178 1812 1327 1855 Livium,
1351 1813 1539 1853 Caesarem,
1568 1815 1606 1844 et

890 1865 996 1905 alios;
1027 1866 1151 1898 melior
1167 1871 1281 1898 tamen
1304 1875 1424 1898 sensus
1437 1870 1476 1897 et
1491 1863 1607 1897 sanior

891 1917 1099 1950 restituetur
1111 1918 1236 1959 versui,
1251 1917 1278 1950 si
1290 1928 1348 1961 pro
1362 1917 1497 1958 ,iustitia
1511 1917 1606 1959 lega·

892 1972 962 2008 tur,
977 1969 1012 2001 id
1029 1974 1098 2010 est,
1109 1970 1297 2002 secundum
1307 1970 1502 2012 Justitiam3
1526 1978 1606 2001 nam

893 2020 956 2052 Dii
970 2020 1033 2062 pro
1052 2020 1194 2062 justitia
1210 2020 1306 2053 bonis
1323 2021 1414 2053 bona
1429 2026 1465 2053 et
1481 2020 1609 2062 ampla,

891 2071 992 2104 malis
1019 2081 1104 2104 vero
1125 2072 1326 2113 rependunt
1350 2071 1518 2105 exitialia.
1563 2071 1608 2104 In

893 2122 1008 2155 animo
1024 2121 1145 2155 habuit
1160 2122 1300 2164 Virgilii
1323 2123 1375 2155 sui
1397 2132 1514 2156 versus
1529 2122 1607 2155 AEn.

893 2172 954 2206 lib.
984 2182 1012 2206 1.
1042 2173 1235 2206 Phaedrus:
1269 2175 1279 2192 ‘
1296 2174 1358 2206 Dii
1385 2173 1462 2216 tibi,
1486 2173 1513 2206 si
1539 2183 1608 2217 qua

893 2223 968 2266 pios
984 2229 1187 2266 respectant
1202 2224 1353 2266 numina,
1378 2226 1407 2257 si
1434 2225 1519 2268 quid
1543 2225 1609 2258 Us-

894 2287 994 2334 quam
1004 2276 1155 2319 justitiae
1170 2281 1236 2319 est,
1253 2281 1289 2310 et
1315 2287 1412 2310 mens
1439 2278 1504 2311 sibi
1527 2287 1609 2311 con-

893 2330 966 2364 aeia
980 2329 1082 2370 recti,
1096 2328 1248 2362 Praemia
1258 2327 1364 2371 digna
1378 2327 1515 2362 ferant!
1558 2329 1610 2362 Ut

893 2380 942 2414 ibi
958 2380 1056 2413 bonis
1078 2380 1217 2422 justitia
1235 2378 1341 2421 bona,
1366 2379 1416 2413 sic
1439 2380 1611 2413 Phaedrus

894 2433 950 2467 hic
974 2437 1119 2476 propter
1147 2431 1352 2465 maleficium
1385 2442 1430 2465 ex
1455 2431 1609 2474 justitia,

895 2495 975 2529 quoe
1002 2495 1100 2517 suum
1128 2484 1254 2526 cuique
1279 2483 1414 2525 tribuit,
1447 2483 1539 2515 mala
1561 2483 1612 2516 ait

895 2536 984 2570 dari.
1022 2535 1113 2568 Vide
1129 2535 1334 2568 Ciceronem
1350 2534 1394 2566 de
1410 2534 1494 2567 Nat.
1503 2534 1611 2567 Deor.

896 2594 932 2622 et
949 2588 992 2620 de
1011 2587 1125 2620 Finib.
1140 2591 1178 2619 et
1193 2586 1236 2618 de
1253 2586 1390 2618 Invent.
1410 2590 1448 2618 et
1471 2585 1515 2617 ad
1538 2585 1611 2619 He·

897 2649 972 2673 ren.
1016 2639 1114 2671 Idem
1131 2638 1174 2670 de
1189 2636 1259 2670 Off.
1275 2637 1334 2670 lib.
1346 2646 1372 2670 1.
1388 2637 1398 2654 ‘
1411 2635 1613 2669 Videndum

898 2695 965 2732 est,
989 2695 1030 2723 ut
1055 2690 1181 2732 cuique
1198 2699 1262 2731 pro
1286 2689 1456 2731 dignitate
1481 2688 1613 2722 tribua-

899 2742 981 2776 tur!
1023 2742 1210 2775 Salmasius
1235 2741 1280 2774 ad
1306 2741 1497 2784 marginem
1524 2741 1613 2784 legit

897 2795 955 2828 bic
969 2794 1165 2837 proejudicim
1191 2794 1286 2828 Gud.

941 2850 984 2881 28
1009 2847 1083 2880 Non
1108 2850 1156 2880 est
1176 2846 1310 2890 legatos]
1355 2846 1430 2879 Non
1452 2850 1499 2879 est
1513 2846 1614 2890 regis,
