1806 3236
229 227 316 271 532

226 333 311 367 sima
327 342 409 366 sane
425 333 632 376 conjectura.
675 331 845 365 Phaedrus
868 332 930 366 lib.

226 394 278 416 ιν.
294 385 528 417 Graecanicam
552 384 638 416 hanc
663 392 782 416 vocem
802 383 930 416 iterum

224 435 425 477 usurpavit:
449 435 459 452 ‘
475 434 601 467 Factus
617 434 770 476 periculo
786 438 858 466 tum
871 444 930 476 gu·

224 485 386 520 bernator
398 483 545 526 sophus?
587 485 797 526 Pomponius
813 485 857 517 de
879 485 929 518 0-

223 537 288 577 rig.
303 536 399 570 Juris
424 537 447 569 l.
463 545 505 568 ιι.
526 537 537 555 ‘
552 536 633 569 Fuit
649 542 726 578 post
741 546 800 570 eos
821 537 928 570 maxi-

221 597 288 620 mae
313 587 467 619 scientiae
494 587 727 629 Sempronius,
743 596 841 630 quem
868 597 928 629 po-

222 639 322 680 pulus
340 638 441 671 Rom.
454 637 604 679 Sophum
620 637 816 679 appellavit.
852 638 928 670 Nec

221 690 396 732 quisquam
423 693 504 720 ante
529 688 632 725 bunc}
649 692 709 720 aut
734 692 813 730 post
838 688 929 721 hune

219 740 286 772 hoc
302 739 438 772 nomine
453 738 713 780 cognominatus
729 738 806 771 est.’
847 738 927 779 Rig.

269 790 379 823 Victor
401 788 528 831 sophus]
573 788 695 830 Immo,
718 788 829 821 victus
854 793 928 821 erat

220 841 377 882 AEsopus,
388 840 536 873 Phaedre
550 849 558 871 ε
590 849 668 871 nam
683 838 844 880 profecto
859 848 927 871 non

220 895 276 924 est
300 891 410 932 virile,
425 899 583 923 recreare
609 899 646 922 se
670 890 763 922 inter
787 899 925 931 pueros.

219 944 301 976 Non
328 942 430 974 ludus
464 942 507 974 ad
534 941 803 974 oblectationem
831 941 926 972 inho-

219 998 338 1025 nestus
355 997 442 1034 erat,
455 992 582 1024 sedhic
596 991 726 1024 modus.
770 991 926 1034 Scilicet,

219 1050 259 1077 ut
286 1044 397 1077 Poeta
419 1044 544 1086 inquit,
566 1044 576 1062 ‘
595 1044 657 1076 Est
682 1043 800 1075 modus
821 1043 855 1075 in
872 1053 925 1075 re-

219 1095 308 1137 bus,’
322 1097 388 1128 διο.
433 1094 484 1127 At
495 1094 596 1126 video
610 1093 764 1136 Agesilai
778 1094 868 1136 regis
885 1094 924 1126 il-

218 1146 324 1178 lustre
340 1146 550 1187 exemplum,
570 1150 607 1177 et
622 1145 686 1177 hoc
711 1145 863 1186 objicies,
885 1149 925 1177 ut

219 1196 310 1229 tueri
334 1199 370 1228 te
397 1196 517 1237 possis.
563 1195 629 1227 Sed
646 1196 751 1228 etiam
766 1196 821 1228 hic
835 1194 924 1227 frus·

218 1251 337 1289 traes.
381 1247 461 1279 Non
485 1247 545 1279 ille
560 1256 638 1279 cum
653 1246 768 1289 pueris
783 1246 924 1280 ludebat

218 1297 284 1338 vir,
311 1296 372 1329 sed
401 1305 478 1328 cum
505 1296 622 1332 liberis
648 1300 761 1338 pater.
805 1296 924 1338 Vides,

219 1357 321 1389 quam
338 1346 413 1378 haec
439 1347 539 1387 longe
563 1346 632 1378 alia
655 1346 756 1380 ratio.
801 1347 922 1378 Meurs.

216 1397 323 1429 Diem
352 1397 407 1428 hic
432 1396 583 1428 Phaedro
620 1395 705 1428 dicit
737 1396 923 1428 Meursius.

217 1447 288 1479 Sed
304 1446 450 1479 fortasse
473 1446 598 1488 injuria
619 1445 661 1478 fit
675 1446 828 1478 auctori:
864 1446 924 1488 qui

216 1506 315 1529 suum
331 1496 375 1528 de
392 1506 434 1529 ea
448 1505 486 1528 re
506 1495 676 1537 judicium
691 1495 775 1528 satis
791 1500 862 1528 tum
877 1496 924 1527 vi·

216 1548 321 1580 detur
345 1547 533 1588 declarare,
559 1555 661 1588 quum
684 1546 694 1564 ‘
711 1545 922 1578 Derisorem’

216 1603 320 1630 vocat
336 1598 507 1639 AEsopum.
553 1595 658 1628 Aliud
682 1605 762 1628 vero
790 1600 844 1628 est
865 1595 923 1628 de-

215 1649 344 1689 ridere,
366 1647 458 1680 aliud
478 1647 649 1689 repellere
665 1646 819 1678 veritatis
844 1646 923 1678 viri-

215 1699 291 1732 bus.
327 1698 450 1731 Victor
465 1697 571 1739 igitur
582 1696 727 1738 AEsopus
741 1697 920 1731 celeritate

213 1749 355 1792 ingenii,
369 1749 510 1780 solertia
522 1748 741 1789 inventionis,
753 1748 920 1789 applausu

214 1799 467 1833 circumstantis
503 1798 608 1839 vulgi.
666 1799 791 1840 Neque
829 1798 919 1830 enim

207 1849 381 1892 justitiam
397 1859 522 1890 causae,
533 1848 594 1880 sed
611 1848 766 1889 aenigma,
778 1848 920 1889 respicit

213 1903 291 1934 haec
307 1901 445 1941 locutio,
459 1900 551 1942 quod
577 1899 710 1931 solvere
734 1908 801 1930 non
824 1902 919 1940 pote-

213 1957 270 1985 rat
285 1952 522 1994 reprehensor.
554 1951 683 1992 Liquet
698 1950 762 1982 hoc
777 1960 820 1982 ex
832 1960 918 1992 prae-

214 2002 419 2036 cedentibus
434 2013 442 2034 :
465 2001 475 2019 ‘
490 2002 566 2034 Nec
582 2000 780 2043 quaestionis
796 2001 918 2042 positae

214 2064 370 2086 caussam
397 2052 582 2094 intelligit:
623 2051 815 2084 Novissime
842 2061 918 2084 suc-

214 2102 370 2136 cumbit.’
426 2103 628 2144 Quanquam
652 2101 680 2133 si
705 2101 779 2144 quis
808 2102 919 2133 lusum

213 2154 331 2195 AEsopi
348 2163 422 2186 cum
440 2153 553 2195 pueris
575 2151 760 2184 defendere
768 2153 871 2193 ·velit,
886 2152 918 2184 ei

212 2214 282 2237 non
308 2204 471 2236 defutura
493 2206 548 2234 est
573 2203 662 2234 ratio
687 2207 724 2235 et
747 2203 917 2244 exempla.

212 2255 307 2296 Lege
335 2254 378 2286 sis
403 2255 497 2286 Dan.
524 2252 674 2284 Souterii
698 2252 917 2284 Palamedem

212 2314 270 2337 111.
297 2308 329 2337 2.
375 2305 508 2336 Prasch.
562 2302 621 2335 Sic
636 2302 798 2344 AEsopum
816 2307 917 2335 vocat

212 2355 457 2387 consuetudine
482 2353 604 2393 veteri,
626 2352 669 2384 de
699 2363 766 2395 qua
793 2363 858 2394 ago
880 2354 916 2385 in

210 2405 380 2447 peculiari
396 2414 514 2446 opere,
529 2404 582 2436 De
598 2407 721 2435 natura
742 2407 777 2435 et
792 2404 917 2435 consti-

211 2455 346 2486 tutione
394 2454 617 2495 philosopbiae
663 2452 916 2494 Pythagoricae.

216 2506 327 2538 Victor
347 2509 463 2537 autem
480 2505 619 2544 dicitur,
632 2503 722 2545 quia,
735 2503 824 2545 quod
840 2503 914 2544 ipse

210 2560 388 2599 posuerat,
411 2556 500 2588 alter
518 2554 740 2596 interpretari
762 2563 829 2585 non
854 2564 915 2595 po-

210 2611 317 2639 terat.
361 2606 505 2639 Meursii
528 2605 737 2647 objectiones
758 2609 914 2636 nostrum

211 2667 279 2690 non
306 2657 448 2690 feriunt.
492 2656 535 2688 Id
557 2655 648 2698 quod
672 2660 708 2687 et
733 2654 913 2686 Praschius

211 2712 308 2739 recte
325 2707 496 2739 observat.
530 2705 638 2745 Schef.
687 2705 840 2738 Victorem
856 2715 914 2736 vo-

176 2797 179 2800 .
211 2761 281 2797 cat,
294 2761 429 2798 sumpta
441 2756 616 2788 locutione
632 2766 651 2789 e
663 2755 915 2797 certaminibus,

212 2807 283 2848 ubi,
301 2807 410 2839 victus
436 2816 513 2839 cum
531 2806 779 2848 succubuisset,
797 2809 831 2838 et
847 2815 914 2838 ma-

692 237 835 270 No'rAE
867 237 1134 269 VARIORUM
1168 237 1219 269 ΙΝ

980 342 1045 365 nus
1060 332 1281 375 porrexisset,
1308 335 1380 365 tum
1404 330 1542 364 demum
1564 329 1686 364 Victor

979 384 1275 425 pronuntiabatur.
1321 383 1401 416 vid.
1416 381 1539 416 Alard.
1551 381 1596 415 ad
1606 381 1685 415 Vni.

979 434 1074 467 Flac.
1089 444 1139 468 ιν.
1155 437 1230 467 323.
1275 435 1334 467 De
1348 434 1480 476 magnis
1495 442 1575 466 vero
1591 431 1686 474 viris,

978 485 1036 527 qni
1061 484 1209 517 ludendo
1224 484 1327 517 etiam
1348 494 1426 517 cum
1441 484 1554 526 pueris
1570 479 1688 517 deleo?

979 534 1044 567 tati
1058 533 1209 576 fuerunt,
1234 534 1305 568 vid.
1321 534 1442 568 AElian.
1458 535 1542 567 Var.
1568 535 1593 566 l.
1610 542 1684 568 xu-

979 587 1032 618 15.
1048 588 1084 617 et
1098 585 1147 617 ibi
1162 585 1469 618 Commentatores.
1507 585 1685 618 Freinshe-

977 635 1063 667 mius
1077 635 1184 667 etiam
1201 634 1384 678 respondet
1409 635 1682 669 cavillationibus

977 686 1134 718 Meursii.
1156 686 1273 718 Burm.

1019 735 1154 777 Sophus]
1191 735 1336 778 Repetit
1348 736 1413 769 hoc
1428 736 1526 769 verbi
1539 735 1612 770 fab.
1624 738 1680 770 78.

977 786 1180 817 Tenendum
1196 790 1326 826 autem,
1349 785 1439 828 quod
1455 786 1536 818 olim
1551 785 1682 829 palma-

977 835 1063 867 rium
1079 835 1161 878 quid
1180 835 1374 868 dicentibus
1400 835 1582 868 acclamari
1605 835 1684 869 soli-

977 890 1070 918 tum:
1104 885 1250 927 Sophus!
1272 886 1422 919 Consule
1443 885 1614 919 Budaenm
1635 886 1679 920 sd

975 936 1037 969 lib.
1053 946 1094 969 n.
1119 938 1149 979 §.
1163 936 1244 978 fuit,
1266 939 1320 969 37.
1345 936 1390 969 de
1417 936 1464 969 Ο.
1480 936 1510 969 1.
1525 937 1681 981 Brisson.

974 988 1087 1021 Form.
1112 989 1187 1021 soll.
1215 998 1250 1030 p.
1266 991 1341 1020 736.
1362 988 1475 1030 Bang.
1491 987 1579 1021 obs.
1594 987 1678 1022 Phi-

974 1038 1030 1070 lol.
1049 1048 1084 1080 p.
1099 1041 1174 1072 764.
1219 1038 1297 1072 Quo
1313 1036 1428 1070 forsan
1443 1038 1573 1070 Noster
1594 1038 1680 1072 allu-

973 1089 1028 1122 sit.
1073 1090 1205 1121 Prasch.
1259 1089 1349 1121 Vide
1363 1116 1366 1118 .
1379 1088 1556 1121 meliorem
1578 1088 1678 1131 hujus

970 1133 1212 1181 'appellationis
1228 1140 1397 1172 rationem
1412 1139 1503 1182 apud
1519 1140 1678 1175 perizon.

973 1190 1016 1222 ad
1032 1190 1155 1223 AElian.
1169 1191 1250 1223 Var.
1264 1190 1358 1223 Hist.
1374 1199 1416 1223 11.
1432 1193 1486 1222 81.
1507 1190 1624 1224 Bam.

1014 1239 1150 1281 Sophus]
1195 1241 1308 1273 Recte
1333 1240 1531 1273 restitutum
1557 1244 1678 1273 contra

970 1290 1076 1324 libros
1091 1292 1354 1333 manuscriptos,
1379 1291 1413 1323 in
1438 1290 1562 1334 quibus
1584 1300 1678 1324 men·

971 1341 1053 1374 dose
1073 1343 1218 1384 AE'sopus.
1270 1341 1328 1374 Sic
1349 1342 1359 1360 ‘
1378 1340 1584 1374 Fabulamm
1600 1340 1676 1383 phi-

970 1391 1158 1434 losophum’
1181 1398 1283 1425 vocat
1302 1392 1463 1434 AEsopum
1490 1392 1625 1424 Plinius
1651 1392 1675 1424 l.

972 1451 1103 1476 xxxvi.
1128 1446 1182 1476 12.
1209 1447 1246 1476 et
1274 1452 1342 1476 vox
1366 1442 1488 1484 Sophus
1500 1442 1676 1475 latinitate

973 1494 1101 1527 donata
1115 1498 1190 1534 est;
1224 1494 1396 1535 Pompon.
1417 1493 1461 1526 de
1482 1492 1582 1534 Orig.
1596 1492 1675 1526 Jur.

970 1544 993 1577 l.
1018 1553 1060 1577 11.
1084 1546 1114 1586 §.
1133 1547 1187 1578 37.
1210 1544 1314 1576 ‘Fuit
1330 1547 1411 1586 post
1436 1553 1496 1576 eos
1519 1543 1676 1575 maximas

971 1591 1127 1628 scientiae
1143 1595 1378 1637 Sempronius,
1401 1603 1502 1637 quem
1529 1594 1675 1636 populus

971 1647 1144 1678 Romanus
1158 1646 1323 1688 Sophum,
1338 1645 1373 1677 id
1389 1649 1456 1686 est,
1482 1645 1675 1687 sapientem

971 1696 1183 1738 appellavit.’
1240 1696 1403 1728 Meminit
1438 1695 1539 1737 hujus
1567 1695 1675 1738 Sophi

970 1747 1047 1778 Val.
1065 1747 1162 1779 Max.
1178 1746 1238 1778 lib.
1253 1755 1307 1778 vr.
1321 1748 1353 1778 3.
1377 1745 1461 1778 Gna.
1603 1771 1606 1775 .

1013 1801 1054 1829 10
1080 1798 1152 1830 Cito
1165 1807 1300 1839 rumpes,
1311 1796 1380 1837 θα]
1401 1796 1504 1828 Publ.
1518 1796 1623 1838 Syrus
1638 1795 1673 1828 in

970 1847 1106 1880 Mimis:
1128 1848 1138 1865 ‘
1150 1846 1279 1879 Arcum
1293 1846 1443 1878 intensio
1455 1845 1596 1887 frangit,
1604 1847 1674 1878 ani·

968 1907 1060 1930 mum
1076 1896 1254 1930 remissio!
1291 1897 1375 1930 Neo.
1428 1896 1672 1938 [Bentlaemp.

969 1951 994 1981 t.
1008 1958 1034 1981 s.
1048 1947 1095 1989 1ι.]

1013 1999 1088 2031 cito
1102 2008 1238 2040 rumpes,
1245 1998 1316 2040 εμπ]
1331 1997 1498 2040 Apuleius
1514 1997 1629 2030 Miles.
1645 2006 1671 2031 ι.

969 2050 979 2068 ‘
996 2049 1125 2083 Arcum
1140 2060 1251 2082 meum
1265 2054 1301 2082 et
1313 2050 1388 2091 ipse
1399 2049 1498 2091 vigor
1507 2047 1673 2090 attendit,

969 2105 1005 2134 et
1017 2100 1146 2142 oppido
1161 2099 1320 2142 formido,
1341 2109 1386 2132 ne
1410 2109 1535 2133 nervus
1550 2099 1672 2141 rigoris

967 2151 1149 2184 nimietate
1175 2150 1377 2193 rumpatur!
1419 2149 1553 2182 Amasis
1578 2149 1669 2192 apud

969 2202 1183 2235 Herodotum
1198 2202 1258 2235 lib.
1271 2211 1313 2234 11.
1333 2200 1380 2234 Τὰ
1392 2200 1466 2242 τόξα
1479 2201 1509 2233 οἱ
1521 2198 1672 2240 κεκτημέ-

967 2264 1024 2294 νοι,
1051 2252 1144 2285 ἐπεὰν
1163 2251 1222 2292 μὲν
1244 2251 1373 2285 δέωνται
1393 2253 1538 2295 χρᾶσθαι,
1564 2248 1670 2284 ἐνίων-

967 2302 1082 2336 ubam.
1097 2302 1191 2335 ἐπεὰν
1212 2301 1247 2335 δὲ
1267 2302 1455 2345 χρήσωνται,
1476 2301 1629 2336 ἐκλύουσι.
1644 2302 1672 2335 εἴ

966 2354 1028 2396 ’γὰρ
1044 2354 1081 2393 δὴ
1094 2353 1150 2386 τὸν
1163 2352 1269 2386 πάντα
1281 2353 1395 2396 χρόνον
1409 2351 1596 2394 ἐντεταμένα
1608 2353 1669 2394 εἴη,

967 2404 1111 2447 ἐκραγείη
1124 2404 1174 2446 ἂν,
1187 2404 1269 2438 ὥστε
1287 2405 1319 2438 ἐς
1331 2404 1369 2437 τὸ
1383 2403 1452 2437 δέον
1465 2405 1521 2436 οὐκ
1535 2403 1575 2436 ἂν
1587 2403 1670 2445 ἔχοι-

966 2468 1000 2488 εν
1013 2456 1133 2488 αὐτοῖσι
1145 2457 1291 2498 χρῆσθαι.
1314 2455 1394 2488 οὕτω
1404 2455 1442 2494 δὴ
1452 2454 1504 2487 καὶ
1514 2453 1670 2496 ἀνθρώπων

965 2505 1170 2539 κατάστασις·
1208 2505 1235 2539 εἰ
1270 2507 1369 2538 ἐθέλοι
1405 2502 1667 2537 κατεσπουδάσθαι

966 2556 1035 2598 aie),
1060 2556 1137 2597 μηδὲ
1158 2557 1190 2589 ἐς
1214 2555 1358 2597 παιγνίην
1381 2555 1420 2587 τὸ
1437 2553 1528 2597 μέρος
1555 2554 1669 2587 ἑωῦτὸν

964 2607 1087 2649 ἀνιέναι,
1103 2606 1192 2639 λάθοι
1205 2606 1245 2639 ἂν
1263 2606 1331 2644 ἥτοι
1347 2604 1452 2645 μανεὶς
1474 2604 1495 2643 ἣ
1516 2604 1573 2646 ὅγε
1591 2604 1667 2637 ἀπό-

963 2664 1103 2696 πληκτος
1116 2656 1288 2697 γενόμενος.
1311 2656 1389 2696 Rig.

1009 2708 1083 2738 Cito
1096 2717 1231 2748 rumpes,
1241 2706 1311 2747 asca]
1333 2705 1435 2738 Ovid.
1449 2705 1594 2737 Heroid.
1612 2714 1664 2738 iv.

963 2761 1017 2791 91.
1048 2758 1058 2775 ⁴
1075 2756 1186 2789 Arcus
1207 2756 1261 2799 (et
1285 2765 1378 2788 arma
1403 2760 1472 2788 tuae
1500 2755 1562 2788 tibi
1586 2760 1665 2788 sunt

964 2807 1130 2840 imitanda
1143 2804 1296 2848 Dianae),
1311 2806 1349 2839 Si
1370 2815 1538 2848 nunquam
1555 2814 1664 2839 cesses
