1806 3236
204 207 292 250 304
468 218 724 250 ΑΡΡΕΝΒῙΧ
759 218 1072 252 FABULARUM
1106 220 1427 254 AESOPIARUM.

265 312 370 365 His,
391 313 469 370 qui
486 314 708 357 lacessunt
724 314 979 358 innocentes
996 315 1151 367 infimi,

207 380 386 424 Vexare
405 381 540 425 sortes
556 384 772 434 metuunt,
793 382 959 437 scripta
976 386 1044 426 est
1060 383 1228 427 fabula.

715 729 928 768 FABULA
969 730 1157 770 XXVIII.

589 883 886 934 FORMICA
916 885 997 929 ΕΤ
1027 885 1286 932 CICADA.

210 1016 421 1059 HYEM1s
444 1017 650 1061 Formica
669 1032 806 1074 grana
824 1023 1019 1076 tempore
1039 1035 1064 1064 e
1085 1034 1201 1064 cavo

209 1085 409 1128 Trahens
427 1085 640 1138 siccabat,
662 1100 764 1142 quae
785 1087 977 1143 prudens
998 1090 1239 1145 collegerat,

210 1153 405 1201 AEstate.
464 1153 677 1197 Esuriens
694 1154 822 1206 hanc,
844 1159 893 1198 ut
912 1156 1081 1211 aliquid
1100 1157 1187 1199 sibi
1204 1157 1344 1209 daret,

211 1220 363 1276 Rogat
379 1220 562 1266 Cicada.
622 1222 706 1265 Cui
727 1223 950 1275 Formica,
981 1224 1158 1267 AEstate
1179 1225 1288 1280 quid

210 1288 423 1343 Agebas‘i
454 1290 606 1345 inquit.
666 1290 780 1334 Illa:
812 1291 919 1334 Non
939 1295 1032 1335 erat
1049 1293 1203 1345 otium,

211 1355 275 1412 Ut
294 1356 349 1399 de
367 1357 511 1400 futuro
528 1358 767 1413 cogitarem
784 1362 868 1401 tem
873 1373 1003 1415 pore:

210 1423 426 1467 Errabam
447 1429 632 1468 cantans
647 1440 726 1481 per
747 1441 878 1483 sepes
898 1431 945 1470 et
962 1441 1147 1483 pascua.
1320 1475 1324 1479 ,

211 1491 381 1535 Ridens
400 1493 620 1545 Formica,
640 1498 685 1536 et
704 1499 844 1548 grana
859 1494 1061 1546 referens,
1084 1497 1151 1538 sic
1174 1496 1258 1538 ait:

210 1560 392 1602 AEstate
413 1573 513 1616 quae
535 1561 741 1612 cantasti,
763 1574 858 1616 age,
878 1563 994 1605 salta
1011 1562 1187 1617 frigore.

270 1627 404 1683 Piger
422 1629 598 1671 laboret
617 1632 738 1671 certo
759 1642 937 1685 semper
957 1634 1166 1686 tempore,

213 1695 301 1747 Ne,
323 1709 426 1738 cum
446 1696 511 1738 nil
530 1696 707 1748 habeat,
728 1711 921 1752 poscens
941 1691 1137 1755 accipiat
1155 1698 1276 1741 nihil.

867 1807 1012 1840 NOTAE

1615 315 1683 384 ¹⁰

1617 1631 1673 1674 10

254 1881 355 1914 Hanc
378 1880 528 1914 fabulam
550 1881 700 1923 reperies
722 1890 778 1924 ap.
795 1882 917 1916 Rimic.
970 1885 1025 1915 44.
1048 1883 1162 1916 Bur-m.
1205 1882 1275 1925 Ap.
1302 1882 1402 1917 Rom.
1426 1883 1508 1918 Div.
1530 1887 1568 1917 et
1582 1883 1674 1918 Ulm.

213 1932 273 1965 lib.
290 1941 340 1965 ιν.
356 1931 427 1965 fab.
444 1934 498 1965 1⁷.
535 1931 650 1965 Anon.
666 1932 738 1965 fab.
750 1935 804 1965 56.
820 1933 917 1966 Rom.
970 1933 1033 1966 lib.
1048 1942 1098 1966 xv.
1111 1932 1178 1967 fab.
1197 1936 1249 1967 19.
1271 1933 1374 1966 Schw-

761 2113 1101 2121 -----

738 2272 949 2314 FABULA
997 2275 1149 2316 XXIX.

644 2412 855 2465 EQUUS
889 2413 969 2456 ΕΤ
999 2413 1252 2461 ASINUS.

217 2545 404 2596 EQUUM
424 2546 611 2600 rogabat
629 2544 797 2588 Asinus
814 2547 1040 2601 paululum
1059 2548 1224 2590 hordei.

217 2613 438 2667 Libenter,
455 2614 546 2669 ait3
578 2615 638 2665 et,
660 2614 699 2656 si
719 2619 982 2669 superesset,
998 2616 1175 2670 largiter

875 2724 1023 2760 NOTAE
1163 2777 1166 2781 Ι

523 2786 625 2821 Solus
652 2785 766 2822 Anon.
791 2787 879 2822 hanc
907 2791 1012 2825 habet
1040 2790 1192 2825 fabulam
1206 2799 1354 2825 n.1.vm.
