1806 3236
165 202 276 274 ¹3:22

191 309 302 343 adhuc
319 309 410 343 unda
423 309 536 343 nitore
551 312 659 343 caret.
694 309 753 342 Sic
773 309 897 343 iterum

192 365 292 393 tonat
307 370 367 393 ore
386 361 507 403 lupus:
537 360 622 392 Mihi
645 360 770 399 damna
791 360 899 393 mina-

192 412 262 444 ris?
285 411 365 444 Non
388 411 511 451 minor,
536 421 640 453 agnus
665 411 734 452 ait;
757 412 813 445 cui
835 413 899 445 Lu-

193 473 276 504 pus:
296 462 370 494 Imo
382 461 489 494 facis:
506 462 605 495 Fecit
622 462 710 494 idem
724 467 802 495 tuus
818 467 899 495 ante

192 518 292 555 pater
308 523 369 544 sex
386 513 560 545 mensibus
576 513 683 546 actis:
708 514 794 546 Cum
811 513 900 546 bene

193 564 369 605 pati-isses,
384 562 527 595 crimine
544 563 654 605 patris
676 562 745 596 obi.
779 562 902 605 Agnus

193 614 238 646 ad
261 614 358 646 lraec:
386 613 500 646 Tanto
530 622 597 646 non
627 613 699 645 vixi
726 618 901 654 tempore3

194 663 313 705 praedo
334 664 391 696 Sic
409 669 528 697 tonat:
552 663 608 699 An
622 662 784 707 loqueris,
797 663 902 697 furci-

193 714 270 747 fer?
294 715 452 757 huncque
469 720 581 748 vorat.
616 714 674 748 Sic
689 720 794 748 nocet
809 715 904 747 inno-

194 777 260 799 cuo
275 776 416 807 nocuus,
436 776 642 809 causamque
669 766 816 799 nocendi
845 767 904 800 In-

194 817 312 850 venit:
337 818 392 850 hei
418 822 566 859 regnant
576 817 731 860 qualibet
746 822 822 850 arte
835 818 905 851 Lu·

198 867 267 908 pi?
305 868 408 900 Hom.
433 868 475 900 ΙΙ.
505 871 545 900 Χ.
577 866 658 900 Οὐδὲ
680 866 771 900 λύκοι
790 880 828 900 τε
853 868 906 900 καὶ

196 917 283 958 ἄρνες
298 919 451 961 ὁμόφρονα
462 919 556 960 θυμὸν
566 918 705 961 ἔχουςῐιν,
714 919 816 952 Ἀλλὰ
825 920 908 952 κακὰ

196 968 357 1011 φρονέουσι
371 968 531 1013 διάμπερες
545 970 745 1010 ἀλλήλοισιν.
779 971 907 1006 Horat.

197 1022 309 1064 Epod.
326 1032 378 1056 ιν.
393 1023 403 1040 ‘
417 1024 522 1065 Lupis
536 1027 573 1055 et
588 1023 708 1066 agnis,'
722 1026 788 1057 διο.
827 1024 907 1065 Rig.

239 1077 261 1106 2
284 1073 448 1115 Superior]
486 1073 601 1106 Livius
623 1083 705 1107 xxi.
728 1077 783 1108 27.
808 1074 818 1093 ‘
835 1074 908 1107 Ad·

196 1124 282 1156 versi
306 1123 455 1156 fluminis
485 1125 653 1167 impetum
681 1130 780 1167 parte
807 1135 909 1168 supe-

197 1175 288 1208 riore
324 1174 576 1217 transmittens,
617 1176 907 1218 tranquillitatem

198 1224 290 1258 infra
316 1225 565 1267 trajicientibns
593 1226 754 1260 lintribus
781 1227 909 1260 dabat!

199 1276 291 1309 Ibid.
311 1286 341 1309 c.
364 1278 419 1309 47.
450 1278 460 1295 ‘
479 1278 658 1320 superiora
682 1278 771 1311 Padi
795 1278 909 1312 vada.'

203 1328 318 1360 Heins.

242 1381 262 1410 3
286 1379 370 1411 Face
392 1379 549 1422 improba]
581 1381 674 1415 Quid
703 1380 732 1413 si
757 1381 829 1414 voce
851 1381 910 1414 im·

197 1427 321 1471 proba?
337 1430 453 1472 Lupus
469 1431 558 1463 latro
575 1431 737 1464 incitatus
754 1432 911 1475 improba

201 1479 287 1513 voce
316 1491 467 1513 caussam
483 1482 593 1524 jurgii
620 1483 790 1526 quaesivit.
835 1484 912 1517 Nisi

202 1540 266 1572 pro
295 1531 407 1572 latro,
435 1532 617 1573 legendum
650 1534 710 1574 sit,
739 1534 852 1576 Lucro,
873 1539 912 1567 ut

203 1582 331 1622 praedae
347 1592 442 1624 spem
459 1582 639 1625 intelligat.
660 1585 835 1627 Scioppius.
867 1585 909 1617 Id

203 1637 270 1672 est,
286 1632 456 1665 desiderio
471 1633 639 1675 improbo.
680 1636 836 1668 Utuntur
848 1636 912 1668 hac

203 1685 429 1716 translatione
444 1685 650 1727 ‚scriptorum
667 1686 911 1728 probatissimi.

204 1735 402 1767 Retinenda
412 1739 465 1767 est
480 1735 598 1777 igitur,
615 1746 681 1768 non
689 1736 780 1776 fame
793 1738 909 1778 legen-

204 1785 296 1816 dum.
320 1785 386 1817 Siti
399 1785 512 1826 potius
529 1787 716 1827 urgebatur
732 1787 842 1828 lupus.
871 1787 912 1819 In

205 1847 329 1878 agnum
345 1840 459 1869 autem
487 1837 577 1870 forte
594 1847 697 1880 quum
721 1838 911 1878 incidisset,

206 1896 249 1918 ex
274 1886 455 1928 repentino
471 1887 641 1929 adspectu
657 1893 775 1920 natum
791 1892 845 1920 est
860 1898 913 1921 re-

205 1939 383 1978 pentinum
399 1938 559 1979 potiundi
574 1938 798 1971 desiderium:
823 1939 915 1982 quod

207 1998 227 2020 a
243 1986 334 2020 fame
346 1988 527 2029 plurimum
543 1989 663 2022 distat.
686 1990 812 2030 Taceo,
824 1990 915 2032 quod

205 2047 271 2070 nec
301 2039 450 2071 Gabrias
481 2038 551 2072 fab.
581 2042 637 2072 35.
675 2051 739 2073 nec
770 2040 916 2082 AEeopus

206 2087 277 2121 fab.
302 2092 377 2121 233.
410 2099 474 2121 nec
502 2090 691 2123 Fabulator
719 2090 917 2133 Anonymus

207 2137 276 2169 fab.
299 2142 331 2170 2.
359 2138 458 2170 famis
475 2139 639 2173 meminit.
661 2141 795 2173 Prusch.
843 2142 917 2174 Rit-

209 2189 394 2220 tershusius
410 2190 602 2231 suspicatur
627 2192 812 2232 legendum
828 2192 918 2232 fame

208 2238 346 2280 improba
358 2249 370 2276 ,·
418 2239 625 2282 Sdroppius,
659 2251 729 2273 voce
767 2242 919 2283 improba,

204 2289 486 2332 jungendumque
513 2301 588 2323 cum
614 2292 666 2329 iis,
682 2303 759 2334 quae
776 2303 918 2334 sequun-

212 2345 279 2381 tur,
300 2341 406 2381 jurgii
431 2352 555 2373 causum
584 2342 702 2375 intulit.
748 2343 918 2384 Rigaltius

211 2391 292 2422 olim
323 2391 409 2433 legit
442 2391 517 2430 face
547 2393 697 2434 improba,
726 2403 789 2435 por
812 2394 919 2433 facem

210 2443 294 2474 iram
320 2442 529 2484 intelligens,
555 2443 646 2486 quod
684 2444 820 2476 minime
849 2455 919 2476 om-

211 2493 304 2525 nium
330 2493 484 2535 probem.
513 2494 624 2526 Faber.
675 2495 779 2527 Fuuce
805 2495 919 2536 impro-

210 2543 264 2584 ba]
292 2543 347 2575 Sic
370 2543 481 2576 Faber
504 2548 541 2576 et
567 2544 701 2586 Rigalt.
718 2544 859 2577 edidere
876 2555 919 2578 ex

213 2594 312 2626 Rem.
342 2594 419 2627 cod.
462 2594 614 2627 Pithoeus
647 2594 834 2636 caeterique
860 2595 919 2626 ha-

210 2644 295 2677 bent
314 2644 401 2685 sace,
431 2644 522 2686 quod
551 2655 613 2676 cur
638 2649 802 2687 respuant
828 2649 919 2677 tant-

212 2705 330 2736 opere,
343 2706 407 2727 non
427 2696 536 2729 video.
558 2696 649 2728 Sane
666 2705 788 2727 causum
804 2695 920 2735 inferre

203 2745 312 2785 fauce,
328 2756 408 2778 num
424 2746 559 2779 dicatur
581 2747 671 2788 apud
698 2747 849 2786 Latinos,
871 2746 919 2788 ig-

213 2805 310 2837 noro,
343 2807 455 2840 neque
488 2798 621 2830 incitare
644 2797 739 2837 fauce
774 2798 920 2840 reperio.

649 214 791 246 NOTAE
825 214 1095 247 vAmoRUM
1130 215 1182 247 IN

950 308 1000 343 At
1015 310 1091 350 sace
1112 310 1256 351 incitari,
1275 310 1367 344 sicut
1391 311 1401 330 ‘
1417 308 1556 344 incitari
1581 312 1654 347 ira'

949 361 1041 403 apud
1054 362 1214 395 ciceron.
1229 359 1299 396 off.
1309 361 1336 395 i.
1349 361 1506 396 ‘incitari
1519 361 1655 405 studio’

949 411 1040 453 apud
1080 411 1254 445 Caesarem
1288 412 1370 445 osv.
1393 413 1481 446 aen.
1511 412 1571 446 iu».
1597 404 1657 448 rii.

951 463 1043 495 Nam
1064 467 1101 496 et
1115 463 1179 503 fax
1194 462 1249 496 hic
1263 463 1347 497 nihil
1363 464 1455 497 aliud
1471 463 1659 507 significat,

950 523 1051 557 quam
1067 514 1241 547 stimulum
1250 514 1461 557 cupiditatis.
1476 509 1658 550 Quomodo

951 565 1196 608 Quintilianus,
1212 566 1267 598 vel
1287 567 1482 610 quicunque
1507 565 1659 610 denique

951 616 1105 658 opusculi
1143 616 1188 649 de
1222 616 1334 649 canois
1362 617 1452 660 eloq.
1480 621 1657 660 corrupto

952 672 1085 707 auctor,
1100 676 1177 710 cap.
1191 669 1247 711 ⁴9·
1280 666 1290 686 ⁴
1309 668 1484 714 Quantum
1501 663 1659 701 ardorem

952 717 1114 760 ingeniis,
1142 727 1226 760 quae
1256 717 1448 751 oratoribus
1477 717 1572 752 fauet
1594 717 1660 754 'nd-

952 767 1136 801 movebant
1145 767 1166 800 2’
1191 767 1293 801 Adde
1308 769 1482 803 Bai-thium
1490 792 1492 794 v
1499 767 1590 802 miv.
1599 768 1661 804 lib.

954 827 1069 852 xnvu.
1098 822 1152 852 10.
1189 820 1406 862 Quanquam,
1429 828 1475 852 ne
1497 819 1581 863 quid
1603 816 1662 854 bie

954 869 1175 912 dissimulem,
1195 869 1230 901 in
1253 870 1367 902 animo
1389 867 1550 903 babuisse
1570 869 1664 904 No«-

955 925 1010 954 ter
1025 921 1186 954 videatur
1210 921 1323 954 locum
1349 920 1497 963 virgilii,
1520 920 1580 964 qui
1607 924 1664 955 est

955 972 1030 1005 AEn.
1045 981 1087 1005 ιι.
1107 981 1156 1005 vs.
1171 975 1247 1018 ³55.
1271 975 1309 1005 et
1334 981 1406 1017 seq.
1429 971 1489 1004 ubi
1514 970 1664 1014 ‘impre-

956 1023 1035 1055 bam
1051 1023 1182 1055 ventris
1198 1022 1353 1064 rabiem:
1376 1027 1414 1056 et
1433 1022 1447 1042 ⁴
1465 1021 1583 1056 fauces
1597 1018 1665 1056 'nle-

956 1073 1034 1106 cas'
1070 1070 1183 1106 Poeta
1219 1074 1254 1106 in
1287 1073 1377 1116 lupia
1409 1077 1664 1113 commemoret.

957 1123 1060 1158 Quod
1075 1125 1103 1157 si
1121 1134 1238 1157 verum
1254 1129 1322 1167 est,
1338 1133 1401 1167 per
1409 1123 1537 1164 faucem
1549 1124 1667 1167 impre-

957 1176 1027 1208 bam
1042 1175 1143 1208 famis
1164 1176 1447 1218 magnitudinem,
1460 1180 1497 1209 et
1512 1174 1665 1209 studium

957 1226 1160 1268 devorandi,
1173 1227 1237 1260 hoc
1253 1227 1288 1259 in
1303 1227 1381 1260 loco
1400 1226 1592 1268 intelligere
1607 1226 1667 1259 de-

957 1278 1084 1311 bemus.
1129 1279 1176 1311 Et
1190 1279 1256 1311 hnc
1271 1277 1409 1320 quidem
1424 1277 1566 1311 inclinat
1585 1284 1665 1310 cum

958 1329 1193 1362 Freinshemio
1203 1328 1410 1362 Gebhardus
1421 1327 1665 1370 Crepuudrlib.

959 1388 1000 1412 u.
1020 1382 1053 1412 6.
1085 1380 1290 1422 Quanquam
1315 1387 1400 1410 vero
1424 1377 1525 1411 valde
1551 1377 1668 1411 verisi-

960 1429 1038 1462 mile
1055 1430 1113 1470 sit,
1129 1429 1179 1461 ita
1195 1428 1373 1470 scripsisse
1395 1427 1666 1469 Phaedrome-1
1719 1461 1725 1465 ,

960 1485 1104 1522 propter
1121 1480 1263 1512 allatum
1278 1479 1392 1512 locum
1405 1477 1554 1521 Virgilii,
1564 1487 1667 1522 qoem

961 1530 995 1562 iu
1026 1530 1094 1562 suis
1117 1534 1212 1563 amat
1238 1529 1346 1573 sequi,
1370 1534 1485 1562 tamen
1507 1532 1578 1562 stat
1603 1537 1669 1572 pro

962 1581 1111 1613 lectione
1125 1581 1237 1612 altera
1253 1579 1382 1613 Pithoei
1396 1578 1520 1613 codex.
1563 1576 1671 1622 Cujus

961 1641 1038 1664 eum
1056 1641 1098 1663 ne
1114 1630 1221 1673 i‘psius
1237 1629 1375 1674 quidem
1389 1639 1513 1663 seusus
1535 1633 1596 1663 aut
1617 1629 1670 1677 lo-

962 1683 1088 1725 quendi
1105 1681 1252 1714 formula
1268 1682 1314 1714 sit
1328 1681 1461 1723 inepta,
1470 1689 1594 1714 cauus
1602 1680 1670 1714 uti·

962 1744 1028 1776 que
1045 1743 1112 1765 non
1137 1737 1254 1775 potest
1277 1733 1353 1766 dari
1379 1737 1488 1774 certa,
1503 1741 1567 1766 cur
1591 1741 1670 1775 pro-

962 1785 1036 1818 bari
1063 1784 1215 1825 tandem,
1230 1784 1321 1827 quod
1347 1784 1422 1816 vult
1439 1784 1524 1816 Tan.
1548 1782 1672 1822 Faber,

962 1836 1086 1876 altera,
1101 1834 1282 1876 repudiata
1305 1835 1383 1875 ista,
1401 1834 1538 1867 debeat.
1570 1834 1672 1867 Dicit

964 1886 1102 1929 quidem
1117 1885 1250 1918 Faber:
1275 1885 1286 1904 ‘
1299 1895 1377 1918 nam
1391 1894 1455 1927 per
1468 1885 1597 1924 fontem
1611 1885 1671 1918 inu-

961 1936 1090 1978 probam
1133 1935 1297 1978 intelligit
1340 1935 1571 1977 ferocitatem,
1610 1945 1670 1968 seu

966 1997 1080 2019 acrem
1105 1987 1178 2029 lupi
1202 1985 1329 2019 famem
1340 1986 1362 2019 :'
1395 1986 1485 2030 quod
1514 1986 1599 2019 illud
1615 1986 1671 2028 ip-

967 2048 1041 2070 sum
1068 2043 1135 2080 est,
1158 2038 1248 2080 quod
1269 2038 1344 2079 jam
1370 2037 1452 2070 olim
1480 2037 1587 2071 oti-m
1611 2045 1673 2071 nm

967 2088 1204 2121 indicavimus.
1249 2088 1297 2121 At
1322 2089 1399 2131 quis
1427 2086 1675 2121 hinc'eonelu-

968 2140 1040 2179 dat,
1056 2149 1137 2182 crgo
1155 2139 1258 2172 lectio
1281 2139 1355 2171 haee
1377 2148 1460 2171 vera
1479 2142 1536 2172 est
1547 2137 1675 2171 infalli-

969 2189 1104 2221 biliter?
1124 2190 1234 2222 Nemo
1249 2188 1294 2220 de
1309 2188 1598 2230 interpretatione
1613 2187 1676 2220 du·

969 2240 1074 2280 bitat3
1109 2240 1152 2272 de
1182 2248 1266 2271 voce
1291 2239 1367 2281 ipsa
1387 2238 1498 2280 sance,
1519 2248 1600 2272 nuru
1628 2239 1676 2271 sit

968 2290 1120 2330 Phaedri,
1145 2290 1288 2322 necdum
1317 2292 1466 2321 constat.
1509 2289 1601 2322 Saue
1624 2288 1674 2320 in-

967 2340 1063 2372 citari
1070 2340 1167 2381 fauce
1187 2340 1272 2372 licet
1297 2349 1364 2371 non
1389 2339 1580 2381 repudiem,
1601 2339 1675 2372 sine

968 2392 1127 2431 exemplo
1158 2396 1272 2424 tamen
1296 2391 1363 2423 dici
1385 2390 1522 2423 credam
1553 2400 1595 2424 eo
1620 2400 1675 2422 us·

968 2452 1046 2485 que,
1077 2443 1186 2474 donec
1216 2442 1352 2484 aliquod
1381 2452 1402 2474 a
1431 2441 1540 2474 Fabro
1568 2440 1675 2473 fuerit

969 2494 1121 2526 allatum.
1145 2491 1250 2532 ScheJ.
1286 2493 1389 2525 mee
1401 2500 1446 2524 ex
1461 2492 1505 2525 V.
1521 2491 1562 2524 C.
1577 2495 1674 2524 reete

969 2544 1109 2584 legitur.
1132 2544 1227 2576 Male
1242 2543 1298 2575 alii
1306 2542 1394 2584 sace,
1407 2553 1484 2575 cum
1500 2542 1624 2585 quibus
1639 2546 1676 2575 et

969 2595 1089 2627 Barth.
1107 2594 1195 2627 Adv.
1214 2604 1318 2627 xxiv.
1334 2597 1386 2627 lo.
1401 2598 1436 2626 et
1454 2594 1478 2626 l.
1495 2593 1606 2627 xtvn.
1623 2597 1676 2627 10.

970 2645 1068 2678 facit.
1104 2647 1218 2678 Heius.
1272 2646 1360 2678 Vide
1386 2646 1512 2687 Cuper.
1542 2645 1676 2679 observ·

971 2707 1011 2729 n.
1023 2699 1076 2730 20.
1106 2698 1173 2731 Qui
1183 2697 1258 2736 sace
1272 2696 1462 2730 defendere
1478 2697 1582 2738 volet,
1598 2707 1676 2739 poe-

969 2752 1022 2780 set
1037 2757 1161 2790 capere
1178 2758 1240 2790 pro
1255 2748 1348 2780 rabie
1365 2749 1503 2785 ventris,
1515 2758 1591 2791 quae
1602 2750 1677 2785 Bou-

970 2799 1056 2840 λιμία
1078 2800 1210 2832 Graecis
1231 2799 1370 2839 dicitur,
1388 2798 1430 2831 de
1446 2809 1514 2841 qua
1533 2798 1676 2841 plurima
