1806 3236
251 217 310 264 88
481 232 684 264 Jumcm
717 233 779 264 Εἰ·
810 233 1122 270 'rssstoMA
1155 235 1220 267 nn
1253 235 1485 269 PHAEDRO.

253 325 491 370 Multorum
524 328 710 370 aliorum
738 328 911 384 judicia
942 331 1123 386 collegit
1149 332 1473 387 eruditissimus
1494 330 1715 386 Axmiua,

308 409 412 452 quae
434 397 586 440 videre
608 398 727 453 apud
748 399 1060 455 ipsumpotes.
1107 399 1240 444 Addo
1260 402 1456 455 unicum,
1475 404 1609 457 nimis
1626 404 1718 447 dis-

200 471 203 475 '
244 496 246 499 -
275 510 278 511 ⁷
310 475 494 521 crepans
516 480 544 510 a
577 467 747 519 ceteriS,
777 469 856 511 sed
875 473 1024 515 tamen
1043 470 1225 525 dignum
1243 471 1348 526 legi,
1378 475 1426 514 ut
1438 471 1636 527 liquent,
1653 472 1718 515 nil

307 539 396 579 tam
418 537 526 578 bene
547 535 652 588 dici,
681 540 838 582 utnon
856 537 1053 587 inveniat
1073 538 1386 584 adversarium.

309 659 555 703 Scriverius
576 658 634 700 ad
657 669 733 700 111.
755 658 842 714 Ep.
862 658 1059 703 Martial.
1071 660 1142 703 20.
1162 661 1240 705 ubi
1259 660 1413 716 poeta.
1434 660 1659 706 Anaemu-

643 726 758 768 latur
775 728 997 783 improbi'
979 741 1109 784 Jocos
1131 728 1326 772 Phaedri.

296 817 546 860 Possuntue
567 816 712 870 magis
730 815 977 873 decoquere
996 816 1050 859 de
1057 816 1248 876 Judlclo
1266 830 1318 861 ac
1334 819 1474 874 magis
1492 818 1642 867 ludere
1661 820 1718 869 de

252 888 347 930 otio
372 897 453 929 suo
473 885 557 928 viri
578 885 717 934 docti,
749 885 827 940 qui
863 885 1134 937 existimant,
1162 886 1453 930 fabulatorem
1474 887 1718 933 Phaedrum

250 969 278 998 a
299 955 368 998 Cl.
390 953 570 996 Pithoeo
586 954 769 1006 editum,
800 958 846 996 et
881 954 1010 1010 cujus
1037 953 1235 998 Avienus
1265 955 1448 1010 quidam
1477 957 1524 999 in
1554 956 1718 1014 praefa-

249 1025 369 1067 tione
391 1022 641 1065 fabularum
662 1034 837 1064 suarum
859 1022 1143 1077 AEsopiarum
1164 1023 1222 1064 ad
1242 1022 1546 1069 Theodosium
1564 1026 1719 1072 memi-

247 1083 328 1142 nit,
349 1091 468 1132 hunc
492 1089 679 1132 eundem
699 1102 814 1141 esse,
843 1089 899 1132 de
921 1103 1009 1144 quo
1029 1089 1225 1146 loquitur
1245 1090 1498 1136 Martialis?
1544 1093 1718 1145 Volunt

248 1173 331 1202 nos
353 1159 528 1201 credere
547 1158 731 1210 scilicet,
753 1158 983 1200 Libertum
999 1157 1121 1200 illum
1137 1158 1330 1214 Augusti
1347 1160 1543 1204 Caesaris
1561 1162 1716 1216 fuisse,

250 1229 366 1283 stylo
397 1231 531 1282 atque
559 1230 758 1282 tempore
786 1239 934 1282 parem
967 1226 1275 1281 proximumve
1296 1228 1484 1274 Laberio
1503 1231 1575 1273 vel
1595 1231 1717 1274 Pub-

250 1297 312 1338 lio
353 1295 512 1347 Mimo,
550 1298 593 1338 et
632 1295 826 1349 quidem,
869 1298 1082 1350 quantum
1116 1296 1376 1352 conjiciunt,
1408 1298 1491 1340 sub
1530 1290 1714 1342 Tiberio

242 1364 439 1415 ⁴vixisse,
487 1367 620 1418 atque
658 1363 771 1405 adeo
808 1367 910 1418 post
949 1363 1161 1419 Sejanum
1201 1364 1471 1410 damnatum.
1549 1365 1713 1423 Nugae.

248 1431 392 1484 Certe,
435 1432 522 1473 nisi
559 1431 840 1474 vehementer
877 1431 1023 1483 fallor,
1072 1444 1172 1475 aevo
1223 1432 1303 1477 illo
1342 1434 1501 1488 dignus
1541 1436 1715 1478 censeri

247 1500 424 1542 minime
454 1503 603 1554 potest
634 1499 825 1554 scriptor
852 1499 952 1550 iste,
985 1499 1130 1542 euicui
1163 1501 1340 1543 tandem
1376 1502 1451 1558 ille
1486 1503 1642 1558 alapas
1668 1506 1717 1545 et

246 1569 496 1611 libertatem
514 1568 684 1610 debeat.
744 1567 891 1610 Pareo
925 1573 1188 1623 argumenta
1213 1569 1438 1623 sigillatim
1471 1582 1715 1626 apponere,
1778 1597 1795 1609 κ

249 1650 352 1692 quae
398 1649 471 1678 me
514 1641 707 1688 movent,
738 1641 784 1679 et
818 1641 987 1692 cogunt
1021 1651 1223 1681 seorsum
1264 1639 1442 1689 sentire,
1472 1638 1716 1695 soetumque

252 1705 573 1747 alienissimum
612 1706 898 1759 pronuntiare
930 1705 1162 1761 impellunt
1196 1718 1226 1748 a
1255 1705 1374 1760 jocis
1409 1705 1607 1758 Phaedri,
1629 1719 1715 1749 ,cu-

241 1773 316 1829 jus
336 1773 410 1815 hic
433 1773 651 1815 Martialis
669 1774 881 1816 meminit.
943 1773 1185 1817 Ostendam
1210 1774 1400 1818 fortasse
1431 1774 1547 1816 alias
1568 1774 1714 1830 plene,

245 1841 324 1883 ubi
351 1842 489 1884 otium
509 1842 607 1893 erit,
638 1845 680 1883 et
714 1843 887 1884 animus
918 1843 1045 1885 istaec
1079 1842 1238 1885 frivola
1267 1842 1578 1898 pertractandi.
1638 1842 1716 1885 In-

245 1910 374 1951 terim
409 1910 641 1952 considera
678 1910 800 1962 mihi,
831 1923 933 1966 quae
987 1911 1092 1953 olim
1133 1910 1353 1973 Perottus,
1397 1909 1607 1952 Pontifex
1636 1909 1715 1953 Se—

246 1978 455 2033 pontinus
476 1978 524 2020 in
544 1977 882 2023 Commentariis
921 1979 1014 2022 suis
1035 1978 1092 2021 ad
1110 1977 1272 2027 librum
1292 1989 1326 2022 1.
1357 1977 1582 2030 Martialis
1608 1991 1714 2031 oon·

251 2046 446 2100 signavit
479 2046 537 2089 ad
566 2046 684 2089 hunc
716 2045 891 2089 locum.
924 2046 1086 2098 ‘Quid
1117 2050 1307 2101 possunt
1337 2045 1512 2089 hederae
1543 2045 1717 2094 Bacchi
1760 2088 1765 2095 ‚

249 2114 383 2166 dare,'
423 2118 501 2157 διο.
572 2114 753 2167 Allusit,
794 2115 953 2170 inquit,
1005 2113 1063 2156 ad
1106 2113 1317 2165 fabulam,
1369 2127 1500 2170 quam
1538 2127 1620 2157 nos
1656 2126 1713 2157 ex

247 2181 422 2224 Avieno
449 2183 497 2225 in
527 2182 735 2228 Fabellas
755 2186 928 2229 nostras
949 2182 1257 2227 adolescentes
1286 2182 1485 2226 iambico
1518 2182 1714 2226 carmine

249 2251 571 2302 transtulimus,

508 2317 628 2361 Olim
660 2331 774 2374 quas
804 2318 964 2363 vellent
993 2331 1095 2361 esse
1124 2317 1172 2366 in
1194 2317 1332 2365 tutela
1361 2330 1469 2368 sua:

247 2392 294 2429 et
328 2400 427 2442 quae
460 2390 699 2445 sequuntur
719 2386 782 2428 ibi
815 2386 922 2429 totis
956 2384 1192 2431 duodecim
1225 2385 1445 2437 versibuS,
1472 2389 1516 2432 et
1543 2362 1713 2439 finiunt,

411 2453 513 2517 Nisi
533 2454 642 2500 utile
660 2458 745 2506 est,
767 2453 891 2511 quod
912 2452 1119 2505 facimuS,
1141 2452 1275 2497 stulta
1294 2456 1364 2503 est
1383 2447 1578 2509 gloria:

251 2536 351 2578 quae
371 2515 603 2579 ipsissima
619 2521 797 2569 Phaedri
818 2522 936 2565 illius
959 2524 1062 2565 sunt
1083 2534 1112 2563 a
1129 2520 1306 2570 Pithoeo
1326 2523 1531 2582 primum,
1545 2525 1590 2569 et
1606 2527 1715 2581 post

248 2604 276 2635 a
297 2589 612 2654 Rittershusio,
633 2589 850 2654 Rigaltio‚
873 2592 1009 2644 atque
1041 2588 1142 2635 aliis
1161 2588 1283 2643 editi,
1302 2589 1506 2649 notisque
1522 2592 1568 2635 et
1586 2589 1715 2649 κὴρ·

252 2658 325 2706 liis
346 2650 573 2705 illustrati.
632 2651 799 2710 Extant
816 2657 892 2702 lib.
914 2667 988 2699 111.
1007 2655 1096 2703 fab.
1114 2657 1186 2709 18.
