1806 3236
793 220 994 254 FABULA
1028 223 1073 254 V.

1586 211 1674 256 283

781 532 994 573 FABULA
1040 533 1088 575 V.

596 683 789 730 HOMO
833 685 916 729 ET
955 685 1275 732 ARBORES.

190 840 462 894 PEREUNT,
481 841 578 886 suis
598 842 816 886 auxilium
837 844 915 899 qui
934 843 1042 887 dant
1060 844 1280 889 hostibus.

248 909 392 955 Facta
408 911 593 967 bipenni
611 911 794 967 quidam
817 913 873 954 ab
896 913 1129 955 arboribus
1148 914 1280 968 petit,

192 978 480 1023 Manubrium
500 982 550 1022 ut
565 979 718 1023 darent
736 993 761 1022 e
780 980 916 1035 ligno,
939 980 1063 1035 quod
1084 980 1201 1024 soret

190 1046 414 1092 Firmum:
438 1049 665 1105 jusserunt
685 1061 840 1091 omnes
862 1049 1105 1091 oleastrum
1126 1047 1236 1091 dari.

188 1115 384 1173 Accepit
403 1130 582 1169 munus,
604 1120 767 1173 aptans
787 1121 833 1160 et
852 1118 1132 1160 manubrium
1644 1117 1673 1158 5

188 1183 346 1241 Coepit
364 1185 510 1228 securi
530 1198 694 1241 magna
714 1185 928 1228 excidere
947 1185 1127 1228 robora.

188 1253 401 1311 Dumque
420 1253 632 1310 eligebat,
655 1267 758 1311 quae
779 1254 934 1306 vellet,
956 1254 1025 1296 sic
1047 1252 1246 1297 Fraxino

857 1388 1000 1422 NOTAE

230 1468 250 1500 1
276 1465 344 1504 Qui
355 1464 451 1507 aeut]
473 1465 544 1507 sic,
563 1465 575 1484 ‘
588 1465 732 1499 consilia
745 1465 805 1509 qui
820 1464 905 1498 dant

186 1515 320 1560 pravo:
360 1515 543 1549 Phaedrus.
607 1517 677 1550 Et:
708 1518 719 1535 ‘
737 1515 807 1551 Qui
830 1516 904 1550 fert

186 1567 288 1602 malis
312 1567 491 1609 auxilium,
514 1572 596 1611 post
620 1572 756 1610 tempus
784 1567 905 1600 dolet-⁹

186 1619 197 1644 ⁴
214 1617 394 1652 Auxilium
408 1618 494 1651 dare
506 1617 516 1633 '
539 1623 594 1652 est
609 1618 757 1662 Virgilii.
792 1619 881 1653 Gna.

227 1672 251 1704 2
290 1670 393 1704 Facta
425 1670 554 1713 bipenni
589 1672 731 1714 quidam]
773 1670 902 1704 Melius

183 1719 300 1756 forte:
336 1721 440 1755 Facta
461 1722 564 1755 securi
577 1722 706 1764 quidam
718 1722 758 1755 ab
779 1722 903 1755 arbon·-

183 1773 348 1818 ζημιοῖ.
393 1775 484 1807 Nam
499 1773 603 1815 hom,
618 1773 712 1817 quod
735 1773 772 1807 in
797 1783 902 1807 mem-

183 1826 302 1861 branis
317 1830 384 1869 est,
397 1826 535 1859 videtur
559 1835 604 1858 ex
630 1827 744 1868 glossa
759 1835 848 1867 esse,
864 1830 902 1859 et

182 1877 328 1912 relative
343 1877 484 1921 quidem
510 1877 602 1920 apud
630 1877 817 1910 Phaedrum
841 1887 902 1911 oc·

184 1929 309 1968 currit,
335 1929 397 1962 sed
422 1939 492 1962 non
516 1929 725 1972 simpliciter
759 1940 824 1972 pro
847 1940 902 1972 eo,

184 1979 279 2024 quod
294 1979 407 2014 Gallis
422 1990 465 2013 τοι
479 1980 602 2013 homme
612 1991 626 2020 ‚·
650 1981 835 2015 Germanis
849 1981 902 2014 ein

183 2030 331 2066 Meneta.
375 2031 443 2065 Sed
459 2032 546 2065 illud
568 2032 696 2074 quidum
722 2034 899 2076 proprium

183 2082 221 2116 in
235 2082 403 2125 ejusmodi
416 2081 544 2116 fabulis
558 2083 701 2116 Pbaedri
716 2088 783 2117 est.
822 2083 899 2117 Lib.

184 2133 228 2168 u.
243 2131 318 2167 fob.
331 2136 365 2167 2.
381 2134 392 2153 ‘
406 2134 598 2168 laceratus
610 2134 749 2177 quidam
764 2135 902 2176 morsu,'

185 2185 254 2218 διὀ.
302 2184 379 2219 Lib.
393 2194 450 2218 ιιι.
466 2184 537 2218 fab.
549 2187 583 2219 4.
600 2185 611 2204 ‘
628 2186 791 2220 Pendere
807 2187 900 2230 apud

184 2237 312 2271 lanium
339 2237 478 2281 quidam
505 2237 591 2271 vidit
617 2238 776 2272 simium.'
821 2239 899 2273 Lib.

185 2296 244 2322 m.
260 2287 331 2321 fab.
347 2292 381 2322 6.
405 2294 413 2308 ⁸
432 2289 560 2331 AEsopo
575 2290 712 2333 qnidam
740 2292 901 2332 petulans

184 2341 337 2385 lapidem
353 2341 570 2384 impegerat:
615 2342 692 2376 Lib.
706 2352 763 2376 ιιι.
779 2343 850 2376 fab.
866 2346 899 2377 8.

183 2392 364 2426 ‘babebat
388 2393 529 2436 quidam
554 2393 685 2427 filiam?
744 2394 816 2428 Lib.
840 2404 899 2428 111.

182 2443 256 2478 sab.
271 2445 325 2478 1³.
340 2445 352 2463 ⁶
366 2445 557 2477 Puerorum
573 2444 606 2476 in
625 2445 726 2478 turba
740 2438 901 2488 quidam!

108 2520 117 2522 -
184 2494 263 2530 Lib.
287 2505 338 2531 nr.
364 2494 436 2529 fab.
456 2498 490 2529 4.
517 2495 584 2540 (6.)
604 2497 616 2514 ⁴
630 2495 781 2530 Quidam
799 2497 901 2530 dece-

185 2544 273 2581 dens
301 2552 372 2580 tres
397 2547 538 2590 reliquit
562 2546 677 2580 filias!
719 2548 730 2567 ‘
747 2547 839 2582 Gelu
857 2550 900 2582 ri-

187 2604 327 2643 gentem
355 2598 519 2642 quidam!
577 2599 587 2616 ‘
605 2598 754 2633 Quidam
781 2599 900 2633 immo-

185 2650 314 2684 huet:
369 2654 378 2669 ⁸
399 2651 565 2683 Facturus
602 2650 700 2683 ludos
734 2651 899 2694 quidam!

186 2701 294 2735 Hm
309 2707 425 2735 tamen
452 2707 505 2734 est
531 2701 590 2734 lib.
608 2711 659 2735 ιν.
681 2703 692 2720 ⁴
708 2704 826 2736 necuit
842 2705 900 2736 ho-

187 2752 315 2786 minem
344 2752 527 2796 protinus:
564 2759 601 2786 et
639 2753 762 2787 eodem
798 2755 901 2797 libro,

187 2802 199 2822 ‘
217 2802 332 2837 Homo
353 2804 578 2847 perturbatus
606 2805 740 2838 excitat
754 2805 902 2839 Simoni·

189 2853 293 2889 dem?
335 2855 382 2889 Et
396 2854 518 2890 eodem
532 2855 622 2890 libro
636 2854 708 2891 fab.
723 2859 758 2890 3.
772 2856 783 2875 ‘
796 2855 903 2890 Auxi-

953 1465 1038 1498 lium
1053 1464 1159 1508 petiit
1172 1463 1342 1498 hominis?
1367 1463 1456 1497 Gud.

998 1516 1106 1558 Petit]
1128 1517 1193 1548 Est
1209 1525 1286 1557 pro,
1301 1514 1421 1557 petiit,
1436 1517 1477 1548 ut
1484 1514 1583 1558 perit,
1594 1524 1672 1558 pro,

954 1567 1074 1609 periit,
1087 1566 1181 1609 apud
1203 1565 1394 1599 Phaedrum
1421 1564 1483 1598 lib.
1499 1574 1549 1598 ιν.
1570 1565 1582 1584 ⁴
1597 1566 1672 1599 Vos

954 1618 1047 1660 qnod
1073 1617 1246 1660 rapuistis,
1273 1616 1392 1659 perit!
1447 1616 1566 1660 Atque
1590 1616 1671 1652 hine

953 1675 1115 1712 apparet,
1127 1669 1281 1712 postulat,
1302 1667 1393 1712 quod
1410 1667 1446 1700 iu
1461 1667 1671 1702 membranis

952 1726 1020 1763 est,
1045 1732 1066 1754 a
1092 1721 1262 1754 monacho
1277 1728 1367 1762 esse,
1384 1719 1444 1763 qui
1470 1728 1539 1751 uon
1563 1719 1672 1753 auim-

952 1771 1123 1815 advertit,
1145 1772 1230 1815 petit
1255 1770 1430 1814 praeteriti
1447 1780 1523 1804 esse
1539 1774 1672 1814 tempo-

951 1825 999 1858 ris
1011 1835 1022 1866 3
1045 1825 1163 1868 itaque
1179 1824 1434 1866 interpretatus
1448 1826 1505 1855 est
1515 1822 1672 1866 postulae,

950 1887 1028 1911 cum
1045 1877 1221 1910 debuisset
1235 1875 1417 1918 postulavit.
1447 1875 1540 1908 Gud.

993 1931 1014 1962 8
1039 1930 1071 1962 E
1086 1929 1189 1971 ligno]
1227 1929 1286 1961 Sic
1303 1928 1421 1961 Plaut.
1445 1928 1455 1946 ‘
1472 1937 1492 1960 e
1507 1927 1603 1961 ferro
1619 1926 1672 1961 fa·

949 1980 1121 2013 bricatum
1137 1978 1216 2013 est?
1259 1978 1269 1997 ‘
1283 1978 1410 2011 Lorica
1424 1987 1469 2010 ex
1484 1978 1578 2020 aere,'
1593 1977 1674 2012 Vir-

949 2030 1007 2072 gil.
1051 2029 1144 2063 Vide
1161 2033 1289 2071 tamen,
1306 2039 1350 2062 au
1372 2038 1436 2071 pro
1451 2039 1469 2062 e
1483 2029 1570 2070 ligno
1585 2029 1671 2063 scri-

949 2081 1101 2115 bendum
1119 2081 1165 2113 sit
1179 2081 1338 2122 {lignume
1360 2089 1439 2112 nam
1454 2082 1465 2099 ‘
1481 2080 1589 2123 iligna
1600 2089 1670 2114 ma·

948 2132 1073 2165 nubi-ia
1084 2132 1093 2147 ’
1125 2131 1245 2164 laudat
1283 2131 1432 2163 Plinius.
1488 2131 1670 2166 Dicebant

950 2189 1089 2217 veteres
1102 2182 1223 2224 §lignus
1237 2186 1274 2215 et
1288 2182 1434 2224 iligneam.
1479 2182 1566 2216 Hor.
1592 2183 1668 2218 snt.

950 2244 993 2268 ιι.
1007 2237 1041 2268 4.
1057 2237 1113 2268 40.
1172 2234 1315 2266 Firmum
1341 2233 1481 2276 proprie
1505 2233 1549 2267 de
1574 2234 1670 2278 liguo

951 2285 1136 2319 durissimo
1152 2285 1196 2319 ad
1220 2285 1450 2318 imitationem
1464 2285 1604 2328 Virgilii
1617 2287 1670 2319 sui

950 2338 1028 2370 AEn.
1043 2338 1104 2370 lib.
1121 2347 1163 2371 n.
1187 2339 1197 2355 ‘
1213 2336 1314 2369 firma
1339 2336 1477 2370 cavavit
1503 2336 1670 2378 Robora:

950 2389 975 2422 i.
1002 2398 1034 2422 e.
1062 2389 1161 2430 dura,
1186 2398 1264 2431 quae
1296 2387 1434 2421 Plinius
1463 2393 1568 2422 vocat
1590 2389 1601 2408 ‘
1617 2389 1670 2423 in-

949 2438 1143 2474 flexibilia.’
1170 2440 1257 2473 Gud.

994 2498 1014 2527 5
1031 2494 1171 2536 Aptans]
1192 2496 1202 2512 ⁴
1217 2493 1352 2535 Aptare
1366 2492 1461 2527 facta
1476 2493 1670 2528 manubria’

951 2551 1006 2578 est
1021 2545 1112 2588 apud
1131 2546 1205 2577 Col.
1223 2545 1283 2578 lib.
1300 2554 1351 2578 xi.
1377 2545 1465 2578 Gnd.

995 2603 1017 2632 6
1044 2600 1201 2631 Excidere
1216 2597 1343 2640 robora]
1377 2598 1441 2631 Eat
1456 2597 1549 2642 apud
1561 2599 1668 2636 ovid.

950 2649 961 2668 ‘
976 2651 1091 2684 securi
1116 2649 1288 2684 caederez'
1323 2649 1416 2692 apud
1443 2651 1542 2693 virg.
1573 2652 1584 2670 ‘
1600 2661 1668 2686 et.

952 2704 1036 2737 dere
1053 2702 1219 2737 arbores.¹
1265 2702 1339 2736 Cic.
1365 2702 1409 2736 de
1438 2703 1559 2738 Divin.
1582 2704 1593 2724 ‘
1608 2706 1668 2748 qui

951 2756 1056 2789 robur
1086 2755 1169 2789 illuc
1203 2753 1358 2788 cecidit:
1411 2754 1464 2790 Id.
1489 2755 1526 2789 iu
1552 2757 1667 2791 Divin.
