<?xml version="1.0" encoding="UTF-8"?>
<!DOCTYPE html PUBLIC "-//W3C//DTD XHTML 1.0 Transitional//EN"
    "http://www.w3.org/TR/xhtml1/DTD/xhtml1-transitional.dtd">
<html xmlns="http://www.w3.org/1999/xhtml" xml:lang="en" lang="en">
 <head>
  <title>
</title>
<meta http-equiv="Content-Type" content="text/html;charset=utf-8" />
  <meta name='ocr-system' content='tesseract 3.04.00' />
  <meta name='ocr-capabilities' content='ocr_page ocr_carea ocr_par ocr_line ocrx_word'/>
</head>
<body>
  <div class='ocr_page' id='page_1' title='image "./fabualeaesopiae00phaeuoft_0270.png"; bbox 0 0 1806 3236; ppageno 0'>
   <div class='ocr_carea' id='block_1_1' title="bbox 235 185 1404 229">
    <p class='ocr_par' dir='ltr' id='par_1_1' title="bbox 235 185 1404 229">
     <span class='ocr_line' id='line_1_1' title="bbox 235 185 1404 229; baseline -0.004 0"><span class='ocrx_word' id='word_1_1' title='bbox 235 185 320 229; x_wconf 71' lang='lat'><strong>258</strong></span> <span class='ocrx_word' id='word_1_2' title='bbox 521 191 722 227; x_wconf 73' lang='lat' dir='ltr'><strong>PHAEDM</strong></span> <span class='ocrx_word' id='word_1_3' title='bbox 757 193 1070 225; x_wconf 65' lang='lat' dir='ltr'>FABULARUM</span> <span class='ocrx_word' id='word_1_4' title='bbox 1104 192 1404 227; x_wconf 75' lang='lat' dir='ltr'>AESOPIARUM</span> 
     </span>
    </p>
   </div>
   <div class='ocr_carea' id='block_1_2' title="bbox 234 287 1695 615">
    <p class='ocr_par' dir='ltr' id='par_1_2' title="bbox 234 287 1695 615">
     <span class='ocr_line' id='line_1_2' title="bbox 236 287 1252 347; baseline -0.004 -13"><span class='ocrx_word' id='word_1_5' title='bbox 236 291 356 343; x_wconf 87' lang='lat' dir='ltr'><strong>Nisi,</strong></span> <span class='ocrx_word' id='word_1_6' title='bbox 377 291 452 347; x_wconf 92' lang='lat' dir='ltr'><strong>qui</strong></span> <span class='ocrx_word' id='word_1_7' title='bbox 473 290 662 334; x_wconf 82' lang='lat' dir='ltr'><strong>nutritus</strong></span> <span class='ocrx_word' id='word_1_8' title='bbox 682 289 761 333; x_wconf 88' lang='lat' dir='ltr'><strong>illo</strong></span> <span class='ocrx_word' id='word_1_9' title='bbox 777 289 859 339; x_wconf 80' lang='lat' dir='ltr'><strong>est,</strong></span> <span class='ocrx_word' id='word_1_10' title='bbox 875 287 1104 343; x_wconf 82' lang='lat' dir='ltr'><strong>jugulatus</strong></span> <span class='ocrx_word' id='word_1_11' title='bbox 1125 288 1252 331; x_wconf 84' lang='lat' dir='ltr'><strong>soret.</strong></span> 
     </span>
     <span class='ocr_line' id='line_1_3' title="bbox 293 355 1113 414; baseline -0.006 -12"><span class='ocrx_word' id='word_1_12' title='bbox 293 359 444 414; x_wconf 90' lang='lat' dir='ltr'><strong>Hujus</strong></span> <span class='ocrx_word' id='word_1_13' title='bbox 466 360 666 414; x_wconf 79' lang='lat' dir='ltr'><strong>respectu</strong></span> <span class='ocrx_word' id='word_1_14' title='bbox 686 356 852 399; x_wconf 81' lang='lat' dir='ltr'><strong>fabulae</strong></span> <span class='ocrx_word' id='word_1_15' title='bbox 868 355 1113 408; x_wconf 81' lang='lat' dir='ltr'><strong>deterrituS‚</strong></span> 
     </span>
     <span class='ocr_line' id='line_1_4' title="bbox 235 423 1156 480; baseline -0.005 -10"><span class='ocrx_word' id='word_1_16' title='bbox 235 427 539 470; x_wconf 88' lang='lat' dir='ltr'><strong>Periculosum</strong></span> <span class='ocrx_word' id='word_1_17' title='bbox 556 438 732 480; x_wconf 83' lang='lat' dir='ltr'>semper</span> <span class='ocrx_word' id='word_1_18' title='bbox 751 424 951 479; x_wconf 85' lang='lat' dir='ltr'><strong>reputavi</strong></span> <span class='ocrx_word' id='word_1_19' title='bbox 972 423 1156 466; x_wconf 86' lang='lat' dir='ltr'><strong>lucrum.</strong></span> 
     </span>
     <span class='ocr_line' id='line_1_5' title="bbox 235 491 1200 548; baseline -0.005 -10"><span class='ocrx_word' id='word_1_20' title='bbox 235 495 324 537; x_wconf 85' lang='lat' dir='ltr'><strong>Sed</strong></span> <span class='ocrx_word' id='word_1_21' title='bbox 345 494 471 546; x_wconf 87' lang='lat' dir='ltr'><strong>dicis,</strong></span> <span class='ocrx_word' id='word_1_22' title='bbox 494 492 584 546; x_wconf 83' lang='lat' dir='ltr'><strong>Qui</strong></span> <span class='ocrx_word' id='word_1_23' title='bbox 603 505 788 548; x_wconf 82' lang='lat' dir='ltr'><strong>rapuere</strong></span> <span class='ocrx_word' id='word_1_24' title='bbox 809 491 1005 543; x_wconf 82' lang='lat' dir='ltr'><strong>divitias,</strong></span> <span class='ocrx_word' id='word_1_25' title='bbox 1019 491 1200 534; x_wconf 82' lang='lat' dir='ltr'><strong>habent.</strong></span> 
     </span>
     <span class='ocr_line' id='line_1_6' title="bbox 234 557 1695 615; baseline -0.004 -10"><span class='ocrx_word' id='word_1_26' title='bbox 234 561 529 604; x_wconf 83' lang='lat' dir='ltr'><strong>Numeremus</strong></span> <span class='ocrx_word' id='word_1_27' title='bbox 547 559 747 615; x_wconf 85' lang='lat' dir='ltr'>agedum,</span> <span class='ocrx_word' id='word_1_28' title='bbox 767 558 845 615; x_wconf 89' lang='lat' dir='ltr'><strong>qui</strong></span> <span class='ocrx_word' id='word_1_29' title='bbox 861 558 1068 614; x_wconf 77' lang='lat' dir='ltr'><strong>deprensi</strong></span> <span class='ocrx_word' id='word_1_30' title='bbox 1087 558 1315 614; x_wconf 84' lang='lat' dir='ltr'><strong>perierint:</strong></span> <span class='ocrx_word' id='word_1_31' title='bbox 1638 557 1695 600; x_wconf 85' lang='lat'><strong>10</strong></span> 
     </span>
    </p>
   </div>
   <div class='ocr_carea' id='block_1_3' title="bbox 237 667 1696 755">
    <p class='ocr_par' dir='ltr' id='par_1_3' title="bbox 237 667 1696 755">
     <span class='ocr_line' id='line_1_7' title="bbox 237 667 1694 713; baseline -0.004 -9"><span class='ocrx_word' id='word_1_32' title='bbox 237 675 341 705; x_wconf 67' lang='lat' dir='ltr'><strong>natus.</strong></span> <span class='ocrx_word' id='word_1_33' title='bbox 389 671 568 704; x_wconf 70' lang='lat' dir='ltr'><strong>Deterrims</strong></span> <span class='ocrx_word' id='word_1_34' title='bbox 581 670 700 702; x_wconf 76' lang='lat' dir='ltr'><strong>intuitu</strong></span> <span class='ocrx_word' id='word_1_35' title='bbox 712 668 836 713; x_wconf 59' lang='lat' dir='ltr'><strong>Imiyxe</strong></span> <span class='ocrx_word' id='word_1_36' title='bbox 849 668 1040 710; x_wconf 77' lang='lat' dir='ltr'><strong>argumenti,</strong></span> <span class='ocrx_word' id='word_1_37' title='bbox 1054 668 1132 709; x_wconf 76' lang='lat' dir='ltr'><strong>fugi</strong></span> <span class='ocrx_word' id='word_1_38' title='bbox 1145 672 1292 710; x_wconf 77' lang='lat' dir='ltr'><strong>perpetuo</strong></span> <span class='ocrx_word' id='word_1_39' title='bbox 1305 671 1457 709; x_wconf 65' lang='lat' dir='ltr'><strong>questum</strong></span> <span class='ocrx_word' id='word_1_40' title='bbox 1468 668 1594 710; x_wconf 73' lang='lat' dir='ltr'><strong>plenum</strong></span> <span class='ocrx_word' id='word_1_41' title='bbox 1606 667 1694 704; x_wconf 69' lang='lat' dir='ltr'><strong>alea.</strong></span> 
     </span>
     <span class='ocr_line' id='line_1_8' title="bbox 238 711 1696 755; baseline -0.004 -7"><span class='ocrx_word' id='word_1_42' title='bbox 238 716 353 748; x_wconf 83' lang='lat' dir='ltr'><strong>Verum</strong></span> <span class='ocrx_word' id='word_1_43' title='bbox 366 714 496 754; x_wconf 59' lang='lat' dir='ltr'><strong>objicis.-</strong></span> <span class='ocrx_word' id='word_1_44' title='bbox 534 714 598 750; x_wconf 76' lang='lat' dir='ltr'><strong>Qui</strong></span> <span class='ocrx_word' id='word_1_45' title='bbox 612 716 807 746; x_wconf 72' lang='lat' dir='ltr'><strong>corraserant</strong></span> <span class='ocrx_word' id='word_1_46' title='bbox 832 722 916 755; x_wconf 81' lang='lat' dir='ltr'><strong>opes,</strong></span> <span class='ocrx_word' id='word_1_47' title='bbox 938 712 997 744; x_wconf 82' lang='lat' dir='ltr'><strong>has</strong></span> <span class='ocrx_word' id='word_1_48' title='bbox 1009 711 1178 754; x_wconf 70' lang='lat' dir='ltr'><strong>possident.</strong></span> <span class='ocrx_word' id='word_1_49' title='bbox 1221 711 1366 753; x_wconf 77' lang='lat' dir='ltr'><strong><em>Agedum</em></strong></span> <span class='ocrx_word' id='word_1_50' title='bbox 1380 719 1600 754; x_wconf 60' lang='lat' dir='ltr'><strong>recusemus,</strong></span> <span class='ocrx_word' id='word_1_51' title='bbox 1619 713 1696 753; x_wconf 69' lang='lat' dir='ltr'><strong>quot</strong></span> 
     </span>
    </p>
   </div>
   <div class='ocr_carea' id='block_1_4' title="bbox 848 797 1087 815">
    <p class='ocr_par' dir='ltr' id='par_1_4' title="bbox 848 797 1087 815">
     <span class='ocr_line' id='line_1_9' title="bbox 848 797 1087 815; baseline -0.004 -4"><span class='ocrx_word' id='word_1_52' title='bbox 848 797 1087 815; x_wconf 57' lang='lat' dir='ltr'><strong>eoooeeeepeoo</strong></span> 
     </span>
    </p>
   </div>
   <div class='ocr_carea' id='block_1_5' title="bbox 227 849 1697 2519">
    <p class='ocr_par' dir='ltr' id='par_1_5' title="bbox 227 849 1697 1832">
     <span class='ocr_line' id='line_1_10' title="bbox 233 849 1695 894; baseline -0.004 -7"><span class='ocrx_word' id='word_1_53' title='bbox 233 863 371 887; x_wconf 85' lang='lat' dir='ltr'><strong>necnon</strong></span> <span class='ocrx_word' id='word_1_54' title='bbox 383 851 502 892; x_wconf 87' lang='lat' dir='ltr'><strong>Rem.)</strong></span> <span class='ocrx_word' id='word_1_55' title='bbox 521 857 588 894; x_wconf 86' lang='lat' dir='ltr'><strong>est,</strong></span> <span class='ocrx_word' id='word_1_56' title='bbox 602 853 748 885; x_wconf 82' lang='lat' dir='ltr'><strong>Libenter</strong></span> <span class='ocrx_word' id='word_1_57' title='bbox 763 855 873 890; x_wconf 66' lang='grc' dir='ltr'><strong>ιιιιιηις</strong></span> <span class='ocrx_word' id='word_1_58' title='bbox 906 850 966 884; x_wconf 78' lang='lat' dir='ltr'><strong>sed</strong></span> <span class='ocrx_word' id='word_1_59' title='bbox 991 849 1208 892; x_wconf 76' lang='lat' dir='ltr'><strong>transpositae</strong></span> <span class='ocrx_word' id='word_1_60' title='bbox 1230 850 1353 883; x_wconf 83' lang='lat' dir='ltr'><strong>millies</strong></span> <span class='ocrx_word' id='word_1_61' title='bbox 1377 853 1458 882; x_wconf 83' lang='lat' dir='ltr'><strong>sunt</strong></span> <span class='ocrx_word' id='word_1_62' title='bbox 1478 858 1594 891; x_wconf 74' lang='lat' dir='ltr'><strong>voees,</strong></span> <span class='ocrx_word' id='word_1_63' title='bbox 1614 849 1695 892; x_wconf 72' lang='lat' dir='ltr'><strong>qnia</strong></span> 
     </span>
     <span class='ocr_line' id='line_1_11' title="bbox 234 891 1695 937; baseline -0.001 -8"><span class='ocrx_word' id='word_1_64' title='bbox 234 898 327 937; x_wconf 89' lang='lat' dir='ltr'><strong>olim,</strong></span> <span class='ocrx_word' id='word_1_65' title='bbox 341 906 435 929; x_wconf 86' lang='lat' dir='ltr'><strong>more</strong></span> <span class='ocrx_word' id='word_1_66' title='bbox 452 896 553 928; x_wconf 87' lang='lat' dir='ltr'><strong>soluti</strong></span> <span class='ocrx_word' id='word_1_67' title='bbox 568 896 746 936; x_wconf 82' lang='lat' dir='ltr'><strong>sermonis,</strong></span> <span class='ocrx_word' id='word_1_68' title='bbox 769 895 908 936; x_wconf 86' lang='lat' dir='ltr'><strong>scriptae</strong></span> <span class='ocrx_word' id='word_1_69' title='bbox 935 892 1034 925; x_wconf 83' lang='lat' dir='ltr'><strong>fuere</strong></span> <span class='ocrx_word' id='word_1_70' title='bbox 1057 894 1108 925; x_wconf 77' lang='lat' dir='ltr'><strong>¹1ae</strong></span> <span class='ocrx_word' id='word_1_71' title='bbox 1133 892 1271 934; x_wconf 84' lang='lat' dir='ltr'><strong>fabulae,</strong></span> <span class='ocrx_word' id='word_1_72' title='bbox 1294 903 1400 936; x_wconf 86' lang='lat' dir='ltr'><strong>quare</strong></span> <span class='ocrx_word' id='word_1_73' title='bbox 1416 892 1576 934; x_wconf 72' lang='lat' dir='ltr'><strong>religiose</strong></span> <span class='ocrx_word' id='word_1_74' title='bbox 1595 891 1695 927; x_wconf 62' lang='lat' dir='ltr'><strong>nini·</strong></span> 
     </span>
     <span class='ocr_line' id='line_1_12' title="bbox 234 934 1695 980; baseline -0.003 -9"><span class='ocrx_word' id='word_1_75' title='bbox 234 940 389 972; x_wconf 81' lang='lat' dir='ltr'>ordinem</span> <span class='ocrx_word' id='word_1_76' title='bbox 406 949 557 979; x_wconf 89' lang='lat' dir='ltr'><strong>servare,</strong></span> <span class='ocrx_word' id='word_1_77' title='bbox 572 939 599 970; x_wconf 87' lang='lat' dir='ltr'><strong>si</strong></span> <span class='ocrx_word' id='word_1_78' title='bbox 626 939 734 980; x_wconf 86' lang='lat' dir='ltr'><strong>legem</strong></span> <span class='ocrx_word' id='word_1_79' title='bbox 757 938 935 970; x_wconf 83' lang='lat' dir='ltr'><strong>metricam</strong></span> <span class='ocrx_word' id='word_1_80' title='bbox 959 936 1075 977; x_wconf 89' lang='lat' dir='ltr'><strong>solvit,</strong></span> <span class='ocrx_word' id='word_1_81' title='bbox 1090 937 1231 969; x_wconf 82' lang='lat' dir='ltr'><strong>stultum</strong></span> <span class='ocrx_word' id='word_1_82' title='bbox 1246 940 1313 969; x_wconf 89' lang='lat' dir='ltr'><strong>est.</strong></span> <span class='ocrx_word' id='word_1_83' title='bbox 1357 936 1471 968; x_wconf 86' lang='lat' dir='ltr'><strong>Bentl.</strong></span> <span class='ocrx_word' id='word_1_84' title='bbox 1488 935 1546 977; x_wconf 88' lang='lat' dir='ltr'><strong>qui</strong></span> <span class='ocrx_word' id='word_1_85' title='bbox 1563 934 1695 967; x_wconf 82' lang='lat' dir='ltr'><strong>centies</strong></span> 
     </span>
     <span class='ocr_line' id='line_1_13' title="bbox 234 977 1696 1022; baseline -0.003 -8"><span class='ocrx_word' id='word_1_86' title='bbox 234 983 388 1015; x_wconf 90' lang='lat' dir='ltr'><strong>turbavit</strong></span> <span class='ocrx_word' id='word_1_87' title='bbox 404 982 556 1014; x_wconf 86' lang='lat' dir='ltr'>ordinem</span> <span class='ocrx_word' id='word_1_88' title='bbox 570 980 817 1022; x_wconf 84' lang='lat' dir='ltr'><strong>vulgatum,hic</strong></span> <span class='ocrx_word' id='word_1_89' title='bbox 833 989 908 1012; x_wconf 86' lang='lat' dir='ltr'><strong>eam</strong></span> <span class='ocrx_word' id='word_1_90' title='bbox 922 979 1122 1020; x_wconf 81' lang='lat' dir='ltr'><strong>religionem</strong></span> <span class='ocrx_word' id='word_1_91' title='bbox 1140 978 1339 1021; x_wconf 77' lang='lat' dir='ltr'><strong>praeferens,</strong></span> <span class='ocrx_word' id='word_1_92' title='bbox 1353 978 1434 1011; x_wconf 88' lang='lat' dir='ltr'><strong>inde</strong></span> <span class='ocrx_word' id='word_1_93' title='bbox 1447 978 1532 1011; x_wconf 78' lang='lat' dir='ltr'><strong>facit</strong></span> <span class='ocrx_word' id='word_1_94' title='bbox 1545 977 1696 1010; x_wconf 74' lang='lat' dir='ltr'><strong>Libenter</strong></span> 
     </span>
     <span class='ocr_line' id='line_1_14' title="bbox 232 1020 1697 1064; baseline -0.004 -7"><span class='ocrx_word' id='word_1_95' title='bbox 232 1025 340 1057; x_wconf 72' lang='lat' dir='ltr'><strong>istum.</strong></span> <span class='ocrx_word' id='word_1_96' title='bbox 385 1025 496 1059; x_wconf 84' lang='lat' dir='ltr'><strong>Quam</strong></span> <span class='ocrx_word' id='word_1_97' title='bbox 514 1025 603 1056; x_wconf 88' lang='lat' dir='ltr'><strong>belle</strong></span> <span class='ocrx_word' id='word_1_98' title='bbox 620 1022 734 1056; x_wconf 84' lang='lat' dir='ltr'><strong>autem</strong></span> <span class='ocrx_word' id='word_1_99' title='bbox 755 1023 902 1061; x_wconf 86' lang='lat' dir='ltr'><strong>dicatur,</strong></span> <span class='ocrx_word' id='word_1_100' title='bbox 916 1022 1012 1053; x_wconf 79' lang='lat' dir='ltr'><strong>istum</strong></span> <span class='ocrx_word' id='word_1_101' title='bbox 1031 1025 1247 1063; x_wconf 63' lang='lat' dir='ltr'><strong>appeterem,</strong></span> <span class='ocrx_word' id='word_1_102' title='bbox 1267 1027 1431 1064; x_wconf 88' lang='lat' dir='ltr'><strong>sequente</strong></span> <span class='ocrx_word' id='word_1_103' title='bbox 1446 1029 1538 1062; x_wconf 84' lang='lat' dir='ltr'><strong>mox,</strong></span> <span class='ocrx_word' id='word_1_104' title='bbox 1553 1020 1629 1052; x_wconf 67' lang='lat' dir='ltr'><strong>Nion·</strong></span> <span class='ocrx_word' id='word_1_105' title='bbox 1641 1020 1697 1062; x_wconf 72' lang='lat' dir='ltr'><strong>qui</strong></span> 
     </span>
     <span class='ocr_line' id='line_1_15' title="bbox 227 1062 1696 1109; baseline -0.004 -9"><span class='ocrx_word' id='word_1_106' title='bbox 227 1068 376 1100; x_wconf 68' lang='lat' dir='ltr'><strong>nutritus</strong></span> <span class='ocrx_word' id='word_1_107' title='bbox 404 1068 471 1107; x_wconf 80' lang='lat' dir='ltr'><strong>illo,</strong></span> <span class='ocrx_word' id='word_1_108' title='bbox 498 1067 650 1109; x_wconf 88' lang='lat' dir='ltr'><strong>relinquo</strong></span> <span class='ocrx_word' id='word_1_109' title='bbox 676 1066 782 1108; x_wconf 83' lang='lat' dir='ltr'><strong>ipsius</strong></span> <span class='ocrx_word' id='word_1_110' title='bbox 810 1065 960 1098; x_wconf 77' lang='lat' dir='ltr'><strong>Bentleii</strong></span> <span class='ocrx_word' id='word_1_111' title='bbox 987 1064 1124 1097; x_wconf 69' lang='lat' dir='ltr'><strong>&#39;udicim</strong></span> <span class='ocrx_word' id='word_1_112' title='bbox 1162 1065 1277 1097; x_wconf 78' lang='lat' dir='ltr'><strong>Bur-m.</strong></span> <span class='ocrx_word' id='word_1_113' title='bbox 1322 1063 1408 1096; x_wconf 88' lang='lat' dir='ltr'><strong>Cod.</strong></span> <span class='ocrx_word' id='word_1_114' title='bbox 1435 1064 1518 1096; x_wconf 87' lang='lat' dir='ltr'><strong>Per.</strong></span> <span class='ocrx_word' id='word_1_115' title='bbox 1545 1062 1696 1095; x_wconf 71' lang='lat' dir='ltr'><strong>Libenter</strong></span> 
     </span>
     <span class='ocr_line' id='line_1_16' title="bbox 233 1106 1695 1181; baseline -0.003 -39"><span class='ocrx_word' id='word_1_116' title='bbox 233 1110 341 1151; x_wconf 77' lang='lat' dir='ltr'><strong>istum,</strong></span> <span class='ocrx_word' id='word_1_117' title='bbox 362 1110 436 1152; x_wconf 87' lang='lat' dir='ltr'><strong>(Ita</strong></span> <span class='ocrx_word' id='word_1_118' title='bbox 451 1119 583 1152; x_wconf 86' lang='lat' dir='ltr'><strong>quoque</strong></span> <span class='ocrx_word' id='word_1_119' title='bbox 599 1109 767 1151; x_wconf 85' lang='lat' dir='ltr'><strong>Cuningh.</strong></span> <span class='ocrx_word' id='word_1_120' title='bbox 790 1108 952 1181; x_wconf 49' lang='grc' dir='ltr'><strong>[Αιιῑοιιὶ]Ι</strong></span> <span class='ocrx_word' id='word_1_121' title='bbox 1003 1106 1078 1149; x_wconf 86' lang='lat' dir='ltr'><strong>all.)</strong></span> <span class='ocrx_word' id='word_1_122' title='bbox 1098 1107 1158 1139; x_wconf 90' lang='lat' dir='ltr'><strong>ubi</strong></span> <span class='ocrx_word' id='word_1_123' title='bbox 1173 1106 1325 1139; x_wconf 88' lang='lat' dir='ltr'><strong>Bentleii</strong></span> <span class='ocrx_word' id='word_1_124' title='bbox 1350 1116 1446 1139; x_wconf 89' lang='lat' dir='ltr'><strong>mens</strong></span> <span class='ocrx_word' id='word_1_125' title='bbox 1469 1106 1593 1138; x_wconf 83' lang='lat' dir='ltr'><strong>iterum</strong></span> <span class='ocrx_word' id='word_1_126' title='bbox 1616 1114 1695 1138; x_wconf 87' lang='lat' dir='ltr'><strong>cnm</strong></span> 
     </span>
     <span class='ocr_line' id='line_1_17' title="bbox 233 1148 1695 1194; baseline -0.003 -9"><span class='ocrx_word' id='word_1_127' title='bbox 233 1153 373 1185; x_wconf 88' lang='lat' dir='ltr'><strong>Perotti</strong></span> <span class='ocrx_word' id='word_1_128' title='bbox 390 1162 490 1184; x_wconf 90' lang='lat' dir='ltr'><strong>manu</strong></span> <span class='ocrx_word' id='word_1_129' title='bbox 505 1153 691 1194; x_wconf 81' lang='lat' dir='ltr'><strong>conspirat,</strong></span> <span class='ocrx_word' id='word_1_130' title='bbox 705 1157 742 1183; x_wconf 88' lang='lat' dir='ltr'><strong>et</strong></span> <span class='ocrx_word' id='word_1_131' title='bbox 755 1151 846 1183; x_wconf 89' lang='lat' dir='ltr'><strong>unde</strong></span> <span class='ocrx_word' id='word_1_132' title='bbox 862 1161 927 1183; x_wconf 91' lang='lat' dir='ltr'><strong>con</strong></span> <span class='ocrx_word' id='word_1_133' title='bbox 954 1159 1035 1182; x_wconf 87' lang='lat' dir='ltr'><strong>cere</strong></span> <span class='ocrx_word' id='word_1_134' title='bbox 1058 1150 1180 1191; x_wconf 84' lang='lat' dir='ltr'><strong>possit,</strong></span> <span class='ocrx_word' id='word_1_135' title='bbox 1200 1150 1294 1182; x_wconf 81' lang='lat' dir='ltr'><strong>istum</strong></span> <span class='ocrx_word' id='word_1_136' title='bbox 1308 1149 1411 1182; x_wconf 86' lang='lat' dir='ltr'><strong>etiam</strong></span> <span class='ocrx_word' id='word_1_137' title='bbox 1427 1149 1582 1181; x_wconf 71' lang='grc' dir='ltr'><strong><em>δεικτικῶς</em></strong></span> <span class='ocrx_word' id='word_1_138' title='bbox 1598 1148 1695 1191; x_wconf 87' lang='lat' dir='ltr'><strong>poni,</strong></span> 
     </span>
     <span class='ocr_line' id='line_1_18' title="bbox 237 1190 1694 1237; baseline -0.003 -10"><span class='ocrx_word' id='word_1_139' title='bbox 237 1196 327 1237; x_wconf 89' lang='lat' dir='ltr'><strong>quod</strong></span> <span class='ocrx_word' id='word_1_140' title='bbox 354 1195 396 1227; x_wconf 89' lang='lat' dir='ltr'><strong>ad</strong></span> <span class='ocrx_word' id='word_1_141' title='bbox 426 1195 485 1227; x_wconf 90' lang='lat' dir='ltr'><strong>lib.</strong></span> <span class='ocrx_word' id='word_1_142' title='bbox 499 1204 524 1227; x_wconf 83' lang='lat'><strong>1.</strong></span> <span class='ocrx_word' id='word_1_143' title='bbox 547 1194 616 1227; x_wconf 79' lang='lat' dir='ltr'><strong>fab.</strong></span> <span class='ocrx_word' id='word_1_144' title='bbox 633 1198 662 1227; x_wconf 89' lang='lat'><strong>1.</strong></span> <span class='ocrx_word' id='word_1_145' title='bbox 685 1194 826 1226; x_wconf 91' lang='lat' dir='ltr'><strong>nolebat</strong></span> <span class='ocrx_word' id='word_1_146' title='bbox 851 1193 1046 1225; x_wconf 82' lang='lat' dir='ltr'><strong>admittere.</strong></span> <span class='ocrx_word' id='word_1_147' title='bbox 1075 1193 1239 1225; x_wconf 68' lang='lat' dir='ltr'><strong>Idem—6</strong></span> <span class='ocrx_word' id='word_1_148' title='bbox 1266 1193 1326 1224; x_wconf 81' lang='lat' dir='ltr'><strong>Illo</strong></span> <span class='ocrx_word' id='word_1_149' title='bbox 1339 1195 1398 1223; x_wconf 74' lang='lat' dir='ltr'><strong>est.</strong></span> <span class='ocrx_word' id='word_1_150' title='bbox 1442 1191 1499 1224; x_wconf 84' lang='lat' dir='ltr'><strong>Ita</strong></span> <span class='ocrx_word' id='word_1_151' title='bbox 1519 1191 1588 1224; x_wconf 85' lang='lat' dir='ltr'><strong>Ms.</strong></span> <span class='ocrx_word' id='word_1_152' title='bbox 1613 1190 1694 1223; x_wconf 79' lang='lat' dir='ltr'><strong>Per.</strong></span> 
     </span>
     <span class='ocr_line' id='line_1_19' title="bbox 235 1233 1694 1279; baseline -0.003 -9"><span class='ocrx_word' id='word_1_153' title='bbox 235 1239 398 1270; x_wconf 79' lang='lat' dir='ltr'><strong>Laurent.</strong></span> <span class='ocrx_word' id='word_1_154' title='bbox 421 1238 538 1279; x_wconf 90' lang='lat' dir='ltr'><strong>inepte</strong></span> <span class='ocrx_word' id='word_1_155' title='bbox 562 1237 673 1269; x_wconf 86' lang='lat' dir='ltr'><strong>edidit</strong></span> <span class='ocrx_word' id='word_1_156' title='bbox 697 1246 732 1269; x_wconf 83' lang='lat' dir='ltr'><strong>eo</strong></span> <span class='ocrx_word' id='word_1_157' title='bbox 752 1239 874 1269; x_wconf 85' lang='lat' dir='ltr'><strong>est.—8</strong></span> <span class='ocrx_word' id='word_1_158' title='bbox 899 1235 1066 1277; x_wconf 76' lang='lat' dir='ltr'><strong>Reputavi.</strong></span> <span class='ocrx_word' id='word_1_159' title='bbox 1099 1234 1155 1266; x_wconf 86' lang='lat' dir='ltr'><strong>Sic</strong></span> <span class='ocrx_word' id='word_1_160' title='bbox 1178 1235 1303 1276; x_wconf 85' lang='lat' dir='ltr'><strong>legitur</strong></span> <span class='ocrx_word' id='word_1_161' title='bbox 1326 1234 1360 1266; x_wconf 90' lang='lat' dir='ltr'><strong>in</strong></span> <span class='ocrx_word' id='word_1_162' title='bbox 1379 1234 1474 1266; x_wconf 87' lang='lat' dir='ltr'><strong>libris</strong></span> <span class='ocrx_word' id='word_1_163' title='bbox 1497 1233 1633 1275; x_wconf 83' lang='lat' dir='ltr'><strong>scriptis</strong></span> <span class='ocrx_word' id='word_1_164' title='bbox 1656 1238 1694 1266; x_wconf 87' lang='lat' dir='ltr'><strong>et</strong></span> 
     </span>
     <span class='ocr_line' id='line_1_20' title="bbox 231 1276 1695 1319; baseline -0.003 -7"><span class='ocrx_word' id='word_1_165' title='bbox 231 1281 406 1313; x_wconf 85' lang='lat' dir='ltr'><strong>veteribus</strong></span> <span class='ocrx_word' id='word_1_166' title='bbox 433 1280 519 1312; x_wconf 91' lang='lat' dir='ltr'><strong>Edd.</strong></span> <span class='ocrx_word' id='word_1_167' title='bbox 532 1284 571 1312; x_wconf 88' lang='lat' dir='ltr'><strong>nt</strong></span> <span class='ocrx_word' id='word_1_168' title='bbox 592 1279 758 1312; x_wconf 84' lang='lat' dir='ltr'><strong>Rittersh.</strong></span> <span class='ocrx_word' id='word_1_169' title='bbox 778 1279 868 1311; x_wconf 89' lang='lat' dir='ltr'><strong>Nev.</strong></span> <span class='ocrx_word' id='word_1_170' title='bbox 886 1278 966 1310; x_wconf 90' lang='lat' dir='ltr'><strong>Urs.</strong></span> <span class='ocrx_word' id='word_1_171' title='bbox 999 1277 1070 1309; x_wconf 84' lang='lat' dir='ltr'><strong>Pro</strong></span> <span class='ocrx_word' id='word_1_172' title='bbox 1091 1287 1158 1319; x_wconf 88' lang='lat' dir='ltr'><strong>quo</strong></span> <span class='ocrx_word' id='word_1_173' title='bbox 1174 1277 1301 1318; x_wconf 87' lang='lat' dir='ltr'><strong>Rigalt.</strong></span> <span class='ocrx_word' id='word_1_174' title='bbox 1316 1277 1350 1308; x_wconf 93' lang='lat' dir='ltr'><strong>in</strong></span> <span class='ocrx_word' id='word_1_175' title='bbox 1366 1276 1431 1309; x_wconf 78' lang='lat' dir='ltr'><strong>Ed.</strong></span> <span class='ocrx_word' id='word_1_176' title='bbox 1450 1280 1482 1309; x_wconf 78' lang='lat'><strong>2.</strong></span> <span class='ocrx_word' id='word_1_177' title='bbox 1503 1277 1577 1309; x_wconf 84' lang='lat' dir='ltr'><strong>sine</strong></span> <span class='ocrx_word' id='word_1_178' title='bbox 1599 1276 1695 1318; x_wconf 79' lang='lat' dir='ltr'><strong>gravi</strong></span> 
     </span>
     <span class='ocr_line' id='line_1_21' title="bbox 235 1319 1696 1364; baseline -0.003 -9"><span class='ocrx_word' id='word_1_179' title='bbox 235 1333 339 1355; x_wconf 87' lang='lat' dir='ltr'><strong>causa</strong></span> <span class='ocrx_word' id='word_1_180' title='bbox 355 1333 397 1355; x_wconf 89' lang='lat' dir='ltr'><strong>ex</strong></span> <span class='ocrx_word' id='word_1_181' title='bbox 423 1323 559 1364; x_wconf 85' lang='lat' dir='ltr'><strong>ingenio</strong></span> <span class='ocrx_word' id='word_1_182' title='bbox 582 1332 642 1354; x_wconf 86' lang='lat' dir='ltr'><strong>suo</strong></span> <span class='ocrx_word' id='word_1_183' title='bbox 669 1322 823 1364; x_wconf 81' lang='lat' dir='ltr'><strong>reposuit</strong></span> <span class='ocrx_word' id='word_1_184' title='bbox 840 1320 953 1353; x_wconf 78' lang='lat' dir='ltr'><strong>vitavi.</strong></span> <span class='ocrx_word' id='word_1_185' title='bbox 1002 1320 1119 1352; x_wconf 90' lang='lat' dir='ltr'><strong>Burm.</strong></span> <span class='ocrx_word' id='word_1_186' title='bbox 1141 1319 1240 1351; x_wconf 74' lang='lat' dir='ltr'><strong>vitavi</strong></span> <span class='ocrx_word' id='word_1_187' title='bbox 1255 1319 1368 1351; x_wconf 88' lang='lat' dir='ltr'><strong>credit</strong></span> <span class='ocrx_word' id='word_1_188' title='bbox 1384 1319 1489 1351; x_wconf 80' lang='lat' dir='ltr'><strong>fuisse</strong></span> <span class='ocrx_word' id='word_1_189' title='bbox 1511 1319 1696 1360; x_wconf 76' lang='lat' dir='ltr'><strong>glossema,</strong></span> 
     </span>
     <span class='ocr_line' id='line_1_22' title="bbox 235 1361 1694 1408; baseline -0.003 -10"><span class='ocrx_word' id='word_1_190' title='bbox 235 1366 328 1408; x_wconf 87' lang='lat' dir='ltr'><strong>quod</strong></span> <span class='ocrx_word' id='word_1_191' title='bbox 350 1366 489 1398; x_wconf 87' lang='lat' dir='ltr'><strong>miratur</strong></span> <span class='ocrx_word' id='word_1_192' title='bbox 504 1365 595 1397; x_wconf 79' lang='lat' dir='ltr'><strong>viros</strong></span> <span class='ocrx_word' id='word_1_193' title='bbox 609 1365 726 1397; x_wconf 87' lang='lat' dir='ltr'><strong>doctos</strong></span> <span class='ocrx_word' id='word_1_194' title='bbox 740 1374 808 1396; x_wconf 89' lang='lat' dir='ltr'><strong>non</strong></span> <span class='ocrx_word' id='word_1_195' title='bbox 823 1363 959 1404; x_wconf 87' lang='lat' dir='ltr'><strong>vidisse,</strong></span> <span class='ocrx_word' id='word_1_196' title='bbox 978 1367 1094 1395; x_wconf 83' lang='lat' dir='ltr'><strong>natum</strong></span> <span class='ocrx_word' id='word_1_197' title='bbox 1109 1372 1152 1395; x_wconf 89' lang='lat' dir='ltr'><strong>ex</strong></span> <span class='ocrx_word' id='word_1_198' title='bbox 1168 1362 1456 1403; x_wconf 82' lang='lat' dir='ltr'><strong>interpretatione</strong></span> <span class='ocrx_word' id='word_1_199' title='bbox 1471 1370 1563 1393; x_wconf 66' lang='grc' dir='ltr'>νει-ω</span> <span class='ocrx_word' id='word_1_200' title='bbox 1574 1361 1694 1393; x_wconf 85' lang='lat' dir='ltr'><strong>lectio·</strong></span> 
     </span>
     <span class='ocr_line' id='line_1_23' title="bbox 233 1403 1695 1451; baseline -0.003 -10"><span class='ocrx_word' id='word_1_201' title='bbox 233 1409 298 1449; x_wconf 82' lang='lat' dir='ltr'><strong>nis,</strong></span> <span class='ocrx_word' id='word_1_202' title='bbox 312 1418 412 1451; x_wconf 84' lang='lat' dir='ltr'><strong>quam</strong></span> <span class='ocrx_word' id='word_1_203' title='bbox 429 1412 530 1450; x_wconf 80' lang='lat' dir='ltr'><strong>putat</strong></span> <span class='ocrx_word' id='word_1_204' title='bbox 543 1417 617 1440; x_wconf 83' lang='lat' dir='ltr'><strong>esse</strong></span> <span class='ocrx_word' id='word_1_205' title='bbox 632 1407 784 1448; x_wconf 81' lang='lat' dir='ltr'><strong>recusavi,</strong></span> <span class='ocrx_word' id='word_1_206' title='bbox 801 1409 840 1438; x_wconf 91' lang='lat' dir='ltr'><strong>ut</strong></span> <span class='ocrx_word' id='word_1_207' title='bbox 855 1410 935 1438; x_wconf 86' lang='lat' dir='ltr'><strong>ante</strong></span> <span class='ocrx_word' id='word_1_208' title='bbox 957 1407 967 1423; x_wconf 95' lang='lat'>‘</span> <span class='ocrx_word' id='word_1_209' title='bbox 990 1404 1215 1447; x_wconf 65' lang='lat' dir='ltr'><strong>aspernatus!</strong></span> <span class='ocrx_word' id='word_1_210' title='bbox 1257 1405 1380 1437; x_wconf 88' lang='lat' dir='ltr'><strong>Senec.</strong></span> <span class='ocrx_word' id='word_1_211' title='bbox 1401 1405 1466 1445; x_wconf 88' lang='lat' dir='ltr'><strong>Ep.</strong></span> <span class='ocrx_word' id='word_1_212' title='bbox 1483 1412 1532 1436; x_wconf 73' lang='lat' dir='ltr'><strong>cl.</strong></span> <span class='ocrx_word' id='word_1_213' title='bbox 1553 1404 1563 1422; x_wconf 92' lang='lat'>‘</span> <span class='ocrx_word' id='word_1_214' title='bbox 1576 1403 1695 1436; x_wconf 88' lang='lat' dir='ltr'><strong>debili·</strong></span> 
     </span>
     <span class='ocr_line' id='line_1_24' title="bbox 235 1445 1694 1484; baseline -0.004 0"><span class='ocrx_word' id='word_1_215' title='bbox 235 1455 343 1484; x_wconf 81' lang='lat' dir='ltr'><strong>tatem</strong></span> <span class='ocrx_word' id='word_1_216' title='bbox 359 1461 426 1483; x_wconf 89' lang='lat' dir='ltr'><strong>non</strong></span> <span class='ocrx_word' id='word_1_217' title='bbox 442 1450 601 1483; x_wconf 84' lang='lat' dir='ltr'><strong>recusat.&#39;</strong></span> <span class='ocrx_word' id='word_1_218' title='bbox 648 1451 777 1482; x_wconf 84' lang='lat' dir='ltr'><strong>Noster</strong></span> <span class='ocrx_word' id='word_1_219' title='bbox 793 1449 854 1481; x_wconf 89' lang='lat' dir='ltr'><strong>lib.</strong></span> <span class='ocrx_word' id='word_1_220' title='bbox 870 1457 926 1480; x_wconf 83' lang='lat'><strong>111.</strong></span> <span class='ocrx_word' id='word_1_221' title='bbox 944 1446 1017 1480; x_wconf 80' lang='lat' dir='ltr'><strong>fab.</strong></span> <span class='ocrx_word' id='word_1_222' title='bbox 1039 1451 1068 1480; x_wconf 83' lang='lat'><strong>2.</strong></span> <span class='ocrx_word' id='word_1_223' title='bbox 1088 1450 1141 1480; x_wconf 82' lang='lat'><strong>16.</strong></span> <span class='ocrx_word' id='word_1_224' title='bbox 1177 1447 1187 1465; x_wconf 87' lang='lat'>‘</span> <span class='ocrx_word' id='word_1_225' title='bbox 1204 1447 1373 1479; x_wconf 79' lang='lat' dir='ltr'><strong>Damnum</strong></span> <span class='ocrx_word' id='word_1_226' title='bbox 1395 1445 1486 1478; x_wconf 87' lang='lat' dir='ltr'><strong>haud</strong></span> <span class='ocrx_word' id='word_1_227' title='bbox 1507 1446 1694 1479; x_wconf 69' lang='lat' dir='ltr'><strong>recusant!</strong></span> 
     </span>
     <span class='ocr_line' id='line_1_25' title="bbox 234 1489 1695 1533; baseline -0.003 -7"><span class='ocrx_word' id='word_1_228' title='bbox 234 1495 285 1527; x_wconf 90' lang='lat' dir='ltr'><strong>Ut</strong></span> <span class='ocrx_word' id='word_1_229' title='bbox 299 1498 410 1525; x_wconf 78' lang='lat' dir='ltr'><strong>metro</strong></span> <span class='ocrx_word' id='word_1_230' title='bbox 425 1503 506 1525; x_wconf 85' lang='lat' dir='ltr'><strong>vero</strong></span> <span class='ocrx_word' id='word_1_231' title='bbox 522 1492 683 1532; x_wconf 80' lang='lat' dir='ltr'><strong>satisfiat,</strong></span> <span class='ocrx_word' id='word_1_232' title='bbox 700 1491 882 1533; x_wconf 83' lang='lat' dir='ltr'><strong>legendum</strong></span> <span class='ocrx_word' id='word_1_233' title='bbox 909 1495 1028 1523; x_wconf 84' lang='lat' dir='ltr'><strong>censet</strong></span> <span class='ocrx_word' id='word_1_234' title='bbox 1050 1490 1106 1522; x_wconf 87' lang='lat' dir='ltr'><strong>vel</strong></span> <span class='ocrx_word' id='word_1_235' title='bbox 1123 1491 1333 1529; x_wconf 74' lang='lat' dir='ltr'><strong>Per-iclosum,</strong></span> <span class='ocrx_word' id='word_1_236' title='bbox 1347 1489 1402 1521; x_wconf 86' lang='lat' dir='ltr'><strong>vel</strong></span> <span class='ocrx_word' id='word_1_237' title='bbox 1422 1498 1505 1530; x_wconf 74' lang='lat' dir='ltr'><strong>saepe</strong></span> <span class='ocrx_word' id='word_1_238' title='bbox 1529 1489 1669 1522; x_wconf 61' lang='lat' dir='ltr'><strong>rma-nvn·</strong></span> <span class='ocrx_word' id='word_1_239' title='bbox 1681 1500 1695 1528; x_wconf 93' lang='lat'><strong>‚·</strong></span> 
     </span>
     <span class='ocr_line' id='line_1_26' title="bbox 234 1530 1693 1577; baseline -0.003 -8"><span class='ocrx_word' id='word_1_240' title='bbox 234 1537 345 1569; x_wconf 85' lang='lat' dir='ltr'><strong>edidit</strong></span> <span class='ocrx_word' id='word_1_241' title='bbox 360 1541 473 1568; x_wconf 79' lang='lat' dir='ltr'><strong>tamen</strong></span> <span class='ocrx_word' id='word_1_242' title='bbox 488 1536 599 1576; x_wconf 77' lang='lat' dir='ltr'><strong>vitavi,</strong></span> <span class='ocrx_word' id='word_1_243' title='bbox 609 1545 710 1577; x_wconf 88' lang='lat' dir='ltr'><strong>quam</strong></span> <span class='ocrx_word' id='word_1_244' title='bbox 723 1534 905 1566; x_wconf 84' lang='lat' dir='ltr'><strong>lectionem</strong></span> <span class='ocrx_word' id='word_1_245' title='bbox 916 1538 995 1565; x_wconf 86' lang='lat' dir='ltr'><strong>sunt</strong></span> <span class='ocrx_word' id='word_1_246' title='bbox 1009 1533 1155 1574; x_wconf 88' lang='lat' dir='ltr'><strong>amplexi</strong></span> <span class='ocrx_word' id='word_1_247' title='bbox 1171 1532 1319 1574; x_wconf 88' lang='lat' dir='ltr'><strong>plurimi.</strong></span> <span class='ocrx_word' id='word_1_248' title='bbox 1364 1530 1412 1564; x_wconf 84' lang='lat' dir='ltr'><strong>At</strong></span> <span class='ocrx_word' id='word_1_249' title='bbox 1425 1541 1509 1564; x_wconf 85' lang='lat' dir='ltr'><strong>vero</strong></span> <span class='ocrx_word' id='word_1_250' title='bbox 1520 1531 1693 1572; x_wconf 80' lang='lat' dir='ltr'><strong>Bentleio,</strong></span> 
     </span>
     <span class='ocr_line' id='line_1_27' title="bbox 235 1574 1694 1620; baseline -0.003 -8"><span class='ocrx_word' id='word_1_251' title='bbox 235 1580 402 1619; x_wconf 85' lang='lat' dir='ltr'><strong>Cuningh.</strong></span> <span class='ocrx_word' id='word_1_252' title='bbox 427 1579 514 1611; x_wconf 84' lang='lat' dir='ltr'><strong>Toll.</strong></span> <span class='ocrx_word' id='word_1_253' title='bbox 537 1578 644 1611; x_wconf 88' lang='lat' dir='ltr'><strong>Desb.</strong></span> <span class='ocrx_word' id='word_1_254' title='bbox 678 1576 839 1620; x_wconf 92' lang='lat' dir='ltr'><strong>[Anton.]</strong></span> <span class='ocrx_word' id='word_1_255' title='bbox 876 1576 980 1609; x_wconf 90' lang='lat' dir='ltr'><strong>lectio</strong></span> <span class='ocrx_word' id='word_1_256' title='bbox 1004 1575 1115 1607; x_wconf 87' lang='lat' dir='ltr'><strong>Codd.</strong></span> <span class='ocrx_word' id='word_1_257' title='bbox 1144 1576 1229 1608; x_wconf 82' lang='lat' dir='ltr'><strong>Mss.</strong></span> <span class='ocrx_word' id='word_1_258' title='bbox 1252 1579 1289 1607; x_wconf 84' lang='lat' dir='ltr'><strong>et</strong></span> <span class='ocrx_word' id='word_1_259' title='bbox 1310 1575 1392 1608; x_wconf 75' lang='lat' dir='ltr'><strong>Vet.</strong></span> <span class='ocrx_word' id='word_1_260' title='bbox 1413 1574 1524 1608; x_wconf 81' lang='lat' dir='ltr'><strong>Editt.</strong></span> <span class='ocrx_word' id='word_1_261' title='bbox 1549 1575 1694 1617; x_wconf 71' lang='lat' dir='ltr'><strong>reputavi</strong></span> 
     </span>
     <span class='ocr_line' id='line_1_28' title="bbox 235 1617 1694 1665; baseline -0.002 -11"><span class='ocrx_word' id='word_1_262' title='bbox 235 1622 381 1665; x_wconf 88' lang='lat' dir='ltr'><strong>genuina</strong></span> <span class='ocrx_word' id='word_1_263' title='bbox 409 1622 556 1662; x_wconf 84' lang='lat' dir='ltr'><strong>videtur,</strong></span> <span class='ocrx_word' id='word_1_264' title='bbox 582 1622 700 1663; x_wconf 83' lang='lat' dir='ltr'><strong>sicque</strong></span> <span class='ocrx_word' id='word_1_265' title='bbox 724 1620 876 1652; x_wconf 87' lang='lat' dir='ltr'><strong>edidere.</strong></span> <span class='ocrx_word' id='word_1_266' title='bbox 935 1618 1069 1652; x_wconf 82' lang='lat' dir='ltr'><strong>Quibus</strong></span> <span class='ocrx_word' id='word_1_267' title='bbox 1093 1627 1156 1659; x_wconf 82' lang='lat' dir='ltr'><strong>ego</strong></span> <span class='ocrx_word' id='word_1_268' title='bbox 1182 1618 1331 1657; x_wconf 76' lang='lat' dir='ltr'><strong>acced03</strong></span> <span class='ocrx_word' id='word_1_269' title='bbox 1361 1627 1430 1650; x_wconf 88' lang='lat' dir='ltr'><strong>non</strong></span> <span class='ocrx_word' id='word_1_270' title='bbox 1456 1617 1547 1650; x_wconf 82' lang='lat' dir='ltr'><strong>enim</strong></span> <span class='ocrx_word' id='word_1_271' title='bbox 1574 1617 1694 1654; x_wconf 70' lang='lat' dir='ltr'><strong>subest</strong></span> 
     </span>
     <span class='ocr_line' id='line_1_29' title="bbox 235 1659 1694 1705; baseline -0.003 -8"><span class='ocrx_word' id='word_1_272' title='bbox 235 1675 352 1705; x_wconf 85' lang='lat' dir='ltr'><strong>cansa,</strong></span> <span class='ocrx_word' id='word_1_273' title='bbox 367 1674 445 1696; x_wconf 90' lang='lat' dir='ltr'><strong>cum</strong></span> <span class='ocrx_word' id='word_1_274' title='bbox 461 1664 551 1696; x_wconf 90' lang='lat' dir='ltr'><strong>bono</strong></span> <span class='ocrx_word' id='word_1_275' title='bbox 564 1674 666 1696; x_wconf 90' lang='lat' dir='ltr'><strong>sensu</strong></span> <span class='ocrx_word' id='word_1_276' title='bbox 681 1663 817 1695; x_wconf 87' lang='lat' dir='ltr'><strong>dicatur</strong></span> <span class='ocrx_word' id='word_1_277' title='bbox 827 1661 971 1703; x_wconf 75' lang='lat' dir='ltr'><strong>reputavi</strong></span> <span class='ocrx_word' id='word_1_278' title='bbox 985 1663 1104 1693; x_wconf 77' lang='lat' dir='ltr'><strong>tucrum</strong></span> <span class='ocrx_word' id='word_1_279' title='bbox 1116 1661 1327 1702; x_wconf 66' lang='lat' dir='ltr'><strong>periculosam,</strong></span> <span class='ocrx_word' id='word_1_280' title='bbox 1343 1669 1449 1702; x_wconf 84' lang='lat' dir='ltr'><strong>quare</strong></span> <span class='ocrx_word' id='word_1_281' title='bbox 1465 1659 1694 1693; x_wconf 77' lang='lat' dir='ltr'><strong>recedendum</strong></span> 
     </span>
     <span class='ocr_line' id='line_1_30' title="bbox 236 1702 1694 1748; baseline -0.003 -9"><span class='ocrx_word' id='word_1_282' title='bbox 236 1707 283 1739; x_wconf 90' lang='lat' dir='ltr'><strong>sit</strong></span> <span class='ocrx_word' id='word_1_283' title='bbox 298 1718 318 1739; x_wconf 84' lang='lat' dir='ltr'><strong>a</strong></span> <span class='ocrx_word' id='word_1_284' title='bbox 340 1707 448 1739; x_wconf 88' lang='lat' dir='ltr'><strong>veteri</strong></span> <span class='ocrx_word' id='word_1_285' title='bbox 473 1707 656 1748; x_wconf 85' lang='lat' dir='ltr'><strong>scriptura.</strong></span> <span class='ocrx_word' id='word_1_286' title='bbox 706 1706 799 1738; x_wconf 89' lang='lat' dir='ltr'><strong>Olim</strong></span> <span class='ocrx_word' id='word_1_287' title='bbox 815 1705 918 1737; x_wconf 85' lang='lat' dir='ltr'><strong>etiam</strong></span> <span class='ocrx_word' id='word_1_288' title='bbox 941 1704 1062 1736; x_wconf 88' lang='lat' dir='ltr'><strong>Heins.</strong></span> <span class='ocrx_word' id='word_1_289' title='bbox 1077 1704 1212 1744; x_wconf 82' lang='lat' dir='ltr'><strong>legebat</strong></span> <span class='ocrx_word' id='word_1_290' title='bbox 1225 1706 1385 1746; x_wconf 76' lang='lat' dir='ltr'><strong>reputato.</strong></span> <span class='ocrx_word' id='word_1_291' title='bbox 1422 1702 1694 1736; x_wconf 67' lang='lat' dir='ltr'><strong>Mente-frustra</strong></span> 
     </span>
     <span class='ocr_line' id='line_1_31' title="bbox 234 1744 1693 1790; baseline -0.003 -8"><span class='ocrx_word' id='word_1_292' title='bbox 234 1750 410 1783; x_wconf 85' lang='lat' dir='ltr'><strong>statuebat</strong></span> <span class='ocrx_word' id='word_1_293' title='bbox 432 1754 509 1790; x_wconf 83' lang='lat' dir='ltr'><strong>post</strong></span> <span class='ocrx_word' id='word_1_294' title='bbox 524 1759 571 1782; x_wconf 89' lang='lat' dir='ltr'><strong>vs.</strong></span> <span class='ocrx_word' id='word_1_295' title='bbox 583 1753 614 1781; x_wconf 83' lang='lat'><strong>8.</strong></span> <span class='ocrx_word' id='word_1_296' title='bbox 638 1749 783 1790; x_wconf 83' lang='lat' dir='ltr'><strong>aliquem</strong></span> <span class='ocrx_word' id='word_1_297' title='bbox 799 1757 932 1779; x_wconf 90' lang='lat' dir='ltr'><strong>versum</strong></span> <span class='ocrx_word' id='word_1_298' title='bbox 947 1746 1129 1786; x_wconf 82' lang='lat' dir='ltr'><strong>excidisse,</strong></span> <span class='ocrx_word' id='word_1_299' title='bbox 1142 1747 1177 1778; x_wconf 90' lang='lat' dir='ltr'><strong>in</strong></span> <span class='ocrx_word' id='word_1_300' title='bbox 1193 1756 1262 1788; x_wconf 91' lang='lat' dir='ltr'><strong>quo</strong></span> <span class='ocrx_word' id='word_1_301' title='bbox 1277 1747 1407 1779; x_wconf 85' lang='lat' dir='ltr'><strong>lucrum</strong></span> <span class='ocrx_word' id='word_1_302' title='bbox 1422 1745 1528 1778; x_wconf 78' lang='lat' dir='ltr'><strong>fuerit</strong></span> <span class='ocrx_word' id='word_1_303' title='bbox 1541 1744 1693 1788; x_wconf 82' lang='lat' dir='ltr'><strong>descrip-</strong></span> 
     </span>
     <span class='ocr_line' id='line_1_32' title="bbox 235 1787 1693 1832; baseline -0.001 -8"><span class='ocrx_word' id='word_1_304' title='bbox 235 1796 319 1824; x_wconf 88' lang='lat' dir='ltr'><strong>tum.</strong></span> <span class='ocrx_word' id='word_1_305' title='bbox 359 1793 436 1824; x_wconf 91' lang='lat' dir='ltr'><strong>Non</strong></span> <span class='ocrx_word' id='word_1_306' title='bbox 466 1792 553 1823; x_wconf 83' lang='lat' dir='ltr'><strong>enim</strong></span> <span class='ocrx_word' id='word_1_307' title='bbox 577 1792 707 1823; x_wconf 87' lang='lat' dir='ltr'><strong>lucrum</strong></span> <span class='ocrx_word' id='word_1_308' title='bbox 732 1790 877 1832; x_wconf 79' lang='lat' dir='ltr'><strong>quodvis</strong></span> <span class='ocrx_word' id='word_1_309' title='bbox 899 1798 975 1822; x_wconf 87' lang='lat' dir='ltr'><strong>esse</strong></span> <span class='ocrx_word' id='word_1_310' title='bbox 999 1789 1242 1830; x_wconf 85' lang='lat' dir='ltr'><strong>periculosum,</strong></span> <span class='ocrx_word' id='word_1_311' title='bbox 1256 1789 1319 1823; x_wconf 77' lang='lat' dir='ltr'><strong>sed</strong></span> <span class='ocrx_word' id='word_1_312' title='bbox 1340 1787 1424 1821; x_wconf 86' lang='lat' dir='ltr'><strong>illud</strong></span> <span class='ocrx_word' id='word_1_313' title='bbox 1444 1789 1693 1829; x_wconf 75' lang='lat' dir='ltr'><strong>tantummodo,</strong></span> 
     </span>
    </p>

    <p class='ocr_par' dir='ltr' id='par_1_6' title="bbox 259 1831 1694 1879">
     <span class='ocr_line' id='line_1_33' title="bbox 259 1831 1694 1879; baseline -0.001 -13"><span class='ocrx_word' id='word_1_314' title='bbox 259 1835 326 1866; x_wconf 88' lang='lat' dir='ltr'><strong>uod</strong></span> <span class='ocrx_word' id='word_1_315' title='bbox 356 1835 532 1866; x_wconf 85' lang='lat' dir='ltr'><strong>honestam</strong></span> <span class='ocrx_word' id='word_1_316' title='bbox 562 1833 685 1866; x_wconf 83' lang='lat' dir='ltr'><strong>famam</strong></span> <span class='ocrx_word' id='word_1_317' title='bbox 708 1833 895 1875; x_wconf 81' lang='lat' dir='ltr'><strong>jugularet.</strong></span> <span class='ocrx_word' id='word_1_318' title='bbox 945 1831 1079 1874; x_wconf 86' lang='lat' dir='ltr'><strong>Reliqui</strong></span> <span class='ocrx_word' id='word_1_319' title='bbox 1103 1841 1219 1864; x_wconf 83' lang='lat' dir='ltr'><strong>versus</strong></span> <span class='ocrx_word' id='word_1_320' title='bbox 1236 1831 1270 1879; x_wconf 70' lang='lat' dir='ltr'><strong>iu</strong></span> <span class='ocrx_word' id='word_1_321' title='bbox 1285 1831 1352 1864; x_wconf 86' lang='lat' dir='ltr'><strong>Ms.</strong></span> <span class='ocrx_word' id='word_1_322' title='bbox 1368 1831 1448 1863; x_wconf 83' lang='lat' dir='ltr'><strong>Per.</strong></span> <span class='ocrx_word' id='word_1_323' title='bbox 1472 1831 1694 1866; x_wconf 63' lang='lat' dir='ltr'><strong>demum—9</strong></span> 
     </span>
    </p>

    <p class='ocr_par' dir='ltr' id='par_1_7' title="bbox 229 1873 1693 2519">
     <span class='ocr_line' id='line_1_34' title="bbox 258 1873 1691 1918; baseline -0.001 -9"><span class='ocrx_word' id='word_1_324' title='bbox 258 1882 367 1910; x_wconf 88' lang='lat' dir='ltr'><strong>terum</strong></span> <span class='ocrx_word' id='word_1_325' title='bbox 384 1882 461 1918; x_wconf 84' lang='lat' dir='ltr'><strong>post</strong></span> <span class='ocrx_word' id='word_1_326' title='bbox 474 1877 505 1910; x_wconf 83' lang='lat' dir='ltr'><strong>h.</strong></span> <span class='ocrx_word' id='word_1_327' title='bbox 516 1887 547 1909; x_wconf 90' lang='lat' dir='ltr'><strong>v.</strong></span> <span class='ocrx_word' id='word_1_328' title='bbox 559 1876 712 1909; x_wconf 86' lang='lat' dir='ltr'><strong>Meursio</strong></span> <span class='ocrx_word' id='word_1_329' title='bbox 721 1885 840 1907; x_wconf 82' lang='lat' dir='ltr'><strong>versus</strong></span> <span class='ocrx_word' id='word_1_330' title='bbox 850 1873 1021 1906; x_wconf 84' lang='lat' dir='ltr'><strong>excidisse</strong></span> <span class='ocrx_word' id='word_1_331' title='bbox 1037 1873 1186 1906; x_wconf 85' lang='lat' dir='ltr'><strong>videtur.</strong></span> <span class='ocrx_word' id='word_1_332' title='bbox 1221 1873 1344 1906; x_wconf 70' lang='lat' dir='ltr'><strong>Heius.</strong></span> <span class='ocrx_word' id='word_1_333' title='bbox 1362 1874 1459 1915; x_wconf 76' lang='lat' dir='ltr'><strong>dices,</strong></span> <span class='ocrx_word' id='word_1_334' title='bbox 1468 1878 1507 1906; x_wconf 87' lang='lat' dir='ltr'><strong>ut</strong></span> <span class='ocrx_word' id='word_1_335' title='bbox 1517 1881 1574 1906; x_wconf 84' lang='lat'><strong>111.</strong></span> <span class='ocrx_word' id='word_1_336' title='bbox 1596 1873 1691 1907; x_wconf 78' lang='lat' dir='ltr'><strong>Prul.</strong></span> 
     </span>
     <span class='ocr_line' id='line_1_35' title="bbox 235 1915 1692 1962; baseline -0.002 -10"><span class='ocrx_word' id='word_1_337' title='bbox 235 1923 266 1952; x_wconf 89' lang='grc'><strong>8.</strong></span> <span class='ocrx_word' id='word_1_338' title='bbox 289 1925 326 1952; x_wconf 85' lang='lat' dir='ltr'><strong>et</strong></span> <span class='ocrx_word' id='word_1_339' title='bbox 341 1920 441 1959; x_wconf 86' lang='lat' dir='ltr'><strong>alibi;</strong></span> <span class='ocrx_word' id='word_1_340' title='bbox 464 1919 554 1962; x_wconf 88' lang='lat' dir='ltr'><strong>quod</strong></span> <span class='ocrx_word' id='word_1_341' title='bbox 571 1923 779 1960; x_wconf 71' lang='lat' dir='ltr'><strong>receperunt</strong></span> <span class='ocrx_word' id='word_1_342' title='bbox 791 1918 903 1958; x_wconf 84' lang='lat' dir='ltr'><strong>Hoog.</strong></span> <span class='ocrx_word' id='word_1_343' title='bbox 915 1917 1033 1949; x_wconf 87' lang='lat' dir='ltr'><strong>Bentl.</strong></span> <span class='ocrx_word' id='word_1_344' title='bbox 1047 1917 1132 1948; x_wconf 85' lang='lat' dir='ltr'><strong>Lall.</strong></span> <span class='ocrx_word' id='word_1_345' title='bbox 1149 1916 1381 1949; x_wconf 84' lang='lat' dir='ltr'><strong>Brot.·Didot.</strong></span> <span class='ocrx_word' id='word_1_346' title='bbox 1398 1915 1600 1949; x_wconf 85' lang='lat' dir='ltr'><strong>Wakefield.</strong></span> <span class='ocrx_word' id='word_1_347' title='bbox 1614 1917 1692 1950; x_wconf 91' lang='lat' dir='ltr'><strong>loco</strong></span> 
     </span>
     <span class='ocr_line' id='line_1_36' title="bbox 233 1958 1691 2001; baseline -0.003 -6"><span class='ocrx_word' id='word_1_348' title='bbox 233 1973 312 1996; x_wconf 86' lang='lat' dir='ltr'><strong>mox</strong></span> <span class='ocrx_word' id='word_1_349' title='bbox 334 1963 487 1995; x_wconf 84' lang='lat' dir='ltr'><strong>citando.</strong></span> <span class='ocrx_word' id='word_1_350' title='bbox 532 1962 598 1995; x_wconf 84' lang='lat' dir='ltr'><strong>Sed</strong></span> <span class='ocrx_word' id='word_1_351' title='bbox 613 1961 694 1994; x_wconf 73' lang='lat' dir='ltr'><strong>dicis</strong></span> <span class='ocrx_word' id='word_1_352' title='bbox 716 1966 770 1993; x_wconf 89' lang='lat' dir='ltr'><strong>est</strong></span> <span class='ocrx_word' id='word_1_353' title='bbox 791 1960 828 1993; x_wconf 89' lang='lat' dir='ltr'><strong>in</strong></span> <span class='ocrx_word' id='word_1_354' title='bbox 842 1960 989 2001; x_wconf 87' lang='lat' dir='ltr'><strong>antiquis</strong></span> <span class='ocrx_word' id='word_1_355' title='bbox 1006 1958 1093 1992; x_wconf 91' lang='lat' dir='ltr'><strong>Edd.</strong></span> <span class='ocrx_word' id='word_1_356' title='bbox 1132 1959 1259 1992; x_wconf 86' lang='lat' dir='ltr'><strong>Parum</strong></span> <span class='ocrx_word' id='word_1_357' title='bbox 1275 1960 1440 1991; x_wconf 74' lang='lat' dir='ltr'><strong>interesse</strong></span> <span class='ocrx_word' id='word_1_358' title='bbox 1455 1959 1590 1995; x_wconf 79' lang='lat' dir='ltr'><strong>videtur</strong></span> <span class='ocrx_word' id='word_1_359' title='bbox 1604 1960 1691 1994; x_wconf 87' lang='lat' dir='ltr'><strong>Bur-</strong></span> 
     </span>
     <span class='ocr_line' id='line_1_37' title="bbox 232 2001 1691 2047; baseline -0.003 -9"><span class='ocrx_word' id='word_1_360' title='bbox 232 2015 379 2045; x_wconf 87' lang='lat' dir='ltr'><strong>mann0;</strong></span> <span class='ocrx_word' id='word_1_361' title='bbox 402 2010 584 2047; x_wconf 87' lang='lat' dir='ltr'><strong>utrumque</strong></span> <span class='ocrx_word' id='word_1_362' title='bbox 608 2004 696 2037; x_wconf 88' lang='lat' dir='ltr'><strong>enim</strong></span> <span class='ocrx_word' id='word_1_363' title='bbox 717 2007 862 2036; x_wconf 88' lang='lat' dir='ltr'><strong>rectum.</strong></span> <span class='ocrx_word' id='word_1_364' title='bbox 887 2002 1021 2034; x_wconf 78' lang='lat' dir='ltr'><strong>Walch.</strong></span> <span class='ocrx_word' id='word_1_365' title='bbox 1043 2006 1079 2034; x_wconf 90' lang='lat' dir='ltr'><strong>et</strong></span> <span class='ocrx_word' id='word_1_366' title='bbox 1100 2002 1277 2035; x_wconf 75' lang='lat' dir='ltr'><strong>Samon-oc.</strong></span> <span class='ocrx_word' id='word_1_367' title='bbox 1297 2003 1371 2034; x_wconf 84' lang='lat' dir='ltr'><strong>baec</strong></span> <span class='ocrx_word' id='word_1_368' title='bbox 1392 2011 1457 2044; x_wconf 79' lang='lat' dir='ltr'><strong>per</strong></span> <span class='ocrx_word' id='word_1_369' title='bbox 1470 2001 1691 2045; x_wconf 64' lang='lat' dir='ltr'><strong>interrogati-</strong></span> 
     </span>
     <span class='ocr_line' id='line_1_38' title="bbox 233 2044 1691 2089; baseline -0.001 -9"><span class='ocrx_word' id='word_1_370' title='bbox 233 2058 333 2081; x_wconf 87' lang='lat' dir='ltr'><strong>onem</strong></span> <span class='ocrx_word' id='word_1_371' title='bbox 350 2048 501 2089; x_wconf 85' lang='lat' dir='ltr'><strong>capiunt‚</strong></span> <span class='ocrx_word' id='word_1_372' title='bbox 518 2047 590 2089; x_wconf 87' lang='lat' dir='ltr'><strong>pr&#39;o,</strong></span> <span class='ocrx_word' id='word_1_373' title='bbox 602 2057 680 2079; x_wconf 88' lang='lat' dir='ltr'><strong>num</strong></span> <span class='ocrx_word' id='word_1_374' title='bbox 697 2051 811 2080; x_wconf 83' lang='lat' dir='ltr'><strong>autem</strong></span> <span class='ocrx_word' id='word_1_375' title='bbox 827 2046 942 2078; x_wconf 89' lang='lat' dir='ltr'><strong>dicas?</strong></span> <span class='ocrx_word' id='word_1_376' title='bbox 964 2044 1162 2087; x_wconf 84' lang='lat' dir='ltr'><strong>indignante</strong></span> <span class='ocrx_word' id='word_1_377' title='bbox 1183 2046 1301 2078; x_wconf 84' lang='lat' dir='ltr'><strong>Burm.</strong></span> <span class='ocrx_word' id='word_1_378' title='bbox 1316 2045 1380 2077; x_wconf 87' lang='lat' dir='ltr'><strong>hoc</strong></span> <span class='ocrx_word' id='word_1_379' title='bbox 1394 2045 1484 2078; x_wconf 84' lang='lat' dir='ltr'><strong>enim</strong></span> <span class='ocrx_word' id='word_1_380' title='bbox 1497 2049 1691 2083; x_wconf 64' lang='lat' dir='ltr'><strong>commento</strong></span> 
     </span>
     <span class='ocr_line' id='line_1_39' title="bbox 233 2087 1693 2132; baseline -0.002 -9"><span class='ocrx_word' id='word_1_381' title='bbox 233 2092 318 2123; x_wconf 89' lang='lat' dir='ltr'><strong>nihil</strong></span> <span class='ocrx_word' id='word_1_382' title='bbox 334 2091 515 2132; x_wconf 71' lang='lat' dir='ltr'><strong>elegantiae</strong></span> <span class='ocrx_word' id='word_1_383' title='bbox 532 2095 591 2123; x_wconf 88' lang='lat' dir='ltr'><strong>aut</strong></span> <span class='ocrx_word' id='word_1_384' title='bbox 604 2090 729 2132; x_wconf 85' lang='lat' dir='ltr'><strong>vigoris</strong></span> <span class='ocrx_word' id='word_1_385' title='bbox 752 2089 883 2122; x_wconf 82' lang='lat' dir='ltr'><strong>accedit</strong></span> <span class='ocrx_word' id='word_1_386' title='bbox 903 2087 1059 2120; x_wconf 85' lang='lat' dir='ltr'><strong>orationi.</strong></span> <span class='ocrx_word' id='word_1_387' title='bbox 1093 2098 1235 2129; x_wconf 81' lang='lat' dir='ltr'><strong>rapuere.</strong></span> <span class='ocrx_word' id='word_1_388' title='bbox 1277 2088 1395 2120; x_wconf 91' lang='lat' dir='ltr'><strong>Bentl.</strong></span> <span class='ocrx_word' id='word_1_389' title='bbox 1411 2088 1549 2130; x_wconf 87' lang='lat' dir='ltr'><strong>reponit</strong></span> <span class='ocrx_word' id='word_1_390' title='bbox 1561 2088 1693 2130; x_wconf 74' lang='lat' dir='ltr'><strong>latuere,</strong></span> 
     </span>
     <span class='ocr_line' id='line_1_40' title="bbox 233 2129 1692 2175; baseline -0.002 -9"><span class='ocrx_word' id='word_1_391' title='bbox 233 2141 274 2166; x_wconf 90' lang='lat' dir='ltr'><strong>ut</strong></span> <span class='ocrx_word' id='word_1_392' title='bbox 296 2135 428 2167; x_wconf 79' lang='lat' dir='ltr'><strong>latentes</strong></span> <span class='ocrx_word' id='word_1_393' title='bbox 451 2133 630 2175; x_wconf 80' lang='lat' dir='ltr'><strong>deprensis</strong></span> <span class='ocrx_word' id='word_1_394' title='bbox 655 2136 885 2174; x_wconf 89' lang='lat' dir='ltr'><strong>opponantur,</strong></span> <span class='ocrx_word' id='word_1_395' title='bbox 914 2141 1015 2172; x_wconf 83' lang='lat' dir='ltr'><strong>quam</strong></span> <span class='ocrx_word' id='word_1_396' title='bbox 1040 2131 1222 2163; x_wconf 76' lang='lat' dir='ltr'><strong>lectionem</strong></span> <span class='ocrx_word' id='word_1_397' title='bbox 1259 2129 1337 2162; x_wconf 88' lang='lat' dir='ltr'><strong>fuse</strong></span> <span class='ocrx_word' id='word_1_398' title='bbox 1367 2131 1456 2163; x_wconf 84' lang='lat' dir='ltr'><strong>tueri</strong></span> <span class='ocrx_word' id='word_1_399' title='bbox 1488 2130 1595 2164; x_wconf 81' lang='lat' dir='ltr'><strong>audet</strong></span> <span class='ocrx_word' id='word_1_400' title='bbox 1626 2140 1692 2163; x_wconf 80' lang='lat' dir='ltr'><strong>van</strong></span> 
     </span>
     <span class='ocr_line' id='line_1_41' title="bbox 234 2173 1692 2218; baseline -0.002 -9"><span class='ocrx_word' id='word_1_401' title='bbox 234 2178 385 2218; x_wconf 79' lang='lat' dir='ltr'><strong>Bergen.</strong></span> <span class='ocrx_word' id='word_1_402' title='bbox 403 2177 437 2208; x_wconf 89' lang='lat' dir='ltr'><strong>in</strong></span> <span class='ocrx_word' id='word_1_403' title='bbox 453 2177 541 2209; x_wconf 89' lang='lat' dir='ltr'><strong>Obs.</strong></span> <span class='ocrx_word' id='word_1_404' title='bbox 554 2176 632 2209; x_wconf 87' lang='lat' dir='ltr'><strong>crit.</strong></span> <span class='ocrx_word' id='word_1_405' title='bbox 645 2186 677 2208; x_wconf 86' lang='lat' dir='ltr'><strong>c.</strong></span> <span class='ocrx_word' id='word_1_406' title='bbox 690 2184 795 2207; x_wconf 74' lang='lat' dir='ltr'><strong>xxxi.</strong></span> <span class='ocrx_word' id='word_1_407' title='bbox 811 2185 845 2217; x_wconf 88' lang='lat' dir='ltr'><strong>p.</strong></span> <span class='ocrx_word' id='word_1_408' title='bbox 859 2178 914 2206; x_wconf 85' lang='grc'><strong>65.</strong></span> <span class='ocrx_word' id='word_1_409' title='bbox 927 2184 975 2216; x_wconf 88' lang='lat' dir='ltr'><strong>sq.</strong></span> <span class='ocrx_word' id='word_1_410' title='bbox 1013 2173 1115 2205; x_wconf 86' lang='lat' dir='ltr'><strong>Hanc</strong></span> <span class='ocrx_word' id='word_1_411' title='bbox 1128 2173 1308 2206; x_wconf 85' lang='lat' dir='ltr'><strong>lectionem</strong></span> <span class='ocrx_word' id='word_1_412' title='bbox 1325 2173 1439 2215; x_wconf 76' lang='lat' dir='ltr'><strong>rejicit</strong></span> <span class='ocrx_word' id='word_1_413' title='bbox 1453 2177 1532 2214; x_wconf 81' lang='lat' dir='ltr'><strong>post</strong></span> <span class='ocrx_word' id='word_1_414' title='bbox 1547 2173 1692 2207; x_wconf 75' lang='lat' dir='ltr'><strong>Barium</strong></span> 
     </span>
     <span class='ocr_line' id='line_1_42' title="bbox 231 2216 1688 2259; baseline -0.001 -8"><span class='ocrx_word' id='word_1_415' title='bbox 231 2224 270 2251; x_wconf 82' lang='lat' dir='ltr'><strong>et</strong></span> <span class='ocrx_word' id='word_1_416' title='bbox 293 2220 408 2252; x_wconf 83' lang='lat' dir='ltr'><strong>Burm.</strong></span> <span class='ocrx_word' id='word_1_417' title='bbox 437 2218 712 2252; x_wconf 77' lang='lat' dir='ltr'><strong>Cl.‘Wakef1eld.</strong></span> <span class='ocrx_word' id='word_1_418' title='bbox 735 2218 829 2259; x_wconf 84' lang='lat' dir='ltr'><strong>Sylv.</strong></span> <span class='ocrx_word' id='word_1_419' title='bbox 853 2217 941 2250; x_wconf 83' lang='lat' dir='ltr'><strong>Crit.</strong></span> <span class='ocrx_word' id='word_1_420' title='bbox 969 2216 1010 2248; x_wconf 85' lang='grc' dir='ltr'><strong>Ρ.</strong></span> <span class='ocrx_word' id='word_1_421' title='bbox 1028 2225 1054 2248; x_wconf 92' lang='lat'><strong>1.</strong></span> <span class='ocrx_word' id='word_1_422' title='bbox 1079 2216 1172 2248; x_wconf 88' lang='lat' dir='ltr'><strong>Sect.</strong></span> <span class='ocrx_word' id='word_1_423' title='bbox 1195 2219 1251 2249; x_wconf 80' lang='grc'><strong>32.</strong></span> <span class='ocrx_word' id='word_1_424' title='bbox 1273 2225 1308 2258; x_wconf 86' lang='lat' dir='ltr'><strong>p.</strong></span> <span class='ocrx_word' id='word_1_425' title='bbox 1325 2219 1379 2249; x_wconf 86' lang='grc'><strong>65.</strong></span> <span class='ocrx_word' id='word_1_426' title='bbox 1402 2216 1461 2258; x_wconf 89' lang='lat' dir='ltr'><strong>qui</strong></span> <span class='ocrx_word' id='word_1_427' title='bbox 1477 2216 1547 2259; x_wconf 73' lang='lat' dir='ltr'><strong>legi</strong></span> <span class='ocrx_word' id='word_1_428' title='bbox 1573 2222 1688 2249; x_wconf 80' lang='lat' dir='ltr'><strong>tamen</strong></span> 
     </span>
     <span class='ocr_line' id='line_1_43' title="bbox 229 2258 1689 2304; baseline -0.001 -9"><span class='ocrx_word' id='word_1_429' title='bbox 229 2262 353 2304; x_wconf 84' lang='lat' dir='ltr'><strong>jubet:</strong></span> <span class='ocrx_word' id='word_1_430' title='bbox 386 2262 449 2294; x_wconf 77' lang='lat' dir='ltr'><strong>Sed</strong></span> <span class='ocrx_word' id='word_1_431' title='bbox 462 2261 622 2304; x_wconf 73' lang='lat' dir='ltr'><strong>dices,qui</strong></span> <span class='ocrx_word' id='word_1_432' title='bbox 640 2270 772 2303; x_wconf 80' lang='lat' dir='ltr'><strong>rapuere</strong></span> <span class='ocrx_word' id='word_1_433' title='bbox 790 2260 931 2300; x_wconf 76' lang='lat' dir='ltr'><strong>divitias,</strong></span> <span class='ocrx_word' id='word_1_434' title='bbox 954 2259 1069 2291; x_wconf 78' lang='lat' dir='ltr'><strong>tatent:</strong></span> <span class='ocrx_word' id='word_1_435' title='bbox 1102 2268 1179 2301; x_wconf 78' lang='lat' dir='ltr'><strong>quoe</strong></span> <span class='ocrx_word' id='word_1_436' title='bbox 1195 2259 1244 2291; x_wconf 83' lang='lat' dir='ltr'><strong>sic</strong></span> <span class='ocrx_word' id='word_1_437' title='bbox 1266 2263 1350 2301; x_wconf 88' lang='lat' dir='ltr'><strong>puto</strong></span> <span class='ocrx_word' id='word_1_438' title='bbox 1373 2258 1518 2301; x_wconf 79' lang='lat' dir='ltr'><strong>intelligi</strong></span> <span class='ocrx_word' id='word_1_439' title='bbox 1540 2258 1689 2293; x_wconf 79' lang='lat' dir='ltr'><strong>debere:</strong></span> 
     </span>
     <span class='ocr_line' id='line_1_44' title="bbox 233 2301 1691 2347; baseline -0.001 -10"><span class='ocrx_word' id='word_1_440' title='bbox 233 2315 301 2337; x_wconf 90' lang='lat' dir='ltr'><strong>non</strong></span> <span class='ocrx_word' id='word_1_441' title='bbox 318 2315 448 2345; x_wconf 59' lang='lat' dir='ltr'><strong>omnm,</strong></span> <span class='ocrx_word' id='word_1_442' title='bbox 469 2306 527 2347; x_wconf 90' lang='lat' dir='ltr'><strong>qui</strong></span> <span class='ocrx_word' id='word_1_443' title='bbox 542 2313 686 2347; x_wconf 86' lang='lat' dir='ltr'><strong>rapuere</strong></span> <span class='ocrx_word' id='word_1_444' title='bbox 702 2303 852 2343; x_wconf 87' lang='lat' dir='ltr'><strong>divitias,</strong></span> <span class='ocrx_word' id='word_1_445' title='bbox 867 2302 1113 2344; x_wconf 86' lang='lat' dir='ltr'><strong>protrahuntur</strong></span> <span class='ocrx_word' id='word_1_446' title='bbox 1128 2302 1172 2334; x_wconf 88' lang='lat' dir='ltr'><strong>ad</strong></span> <span class='ocrx_word' id='word_1_447' title='bbox 1188 2311 1304 2343; x_wconf 79' lang='lat' dir='ltr'><strong>poenas</strong></span> <span class='ocrx_word' id='word_1_448' title='bbox 1318 2312 1328 2342; x_wconf 91' lang='lat'>;</span> <span class='ocrx_word' id='word_1_449' title='bbox 1349 2301 1410 2334; x_wconf 85' lang='lat' dir='ltr'><strong>sed</strong></span> <span class='ocrx_word' id='word_1_450' title='bbox 1425 2301 1525 2335; x_wconf 83' lang='lat' dir='ltr'><strong>multi</strong></span> <span class='ocrx_word' id='word_1_451' title='bbox 1538 2302 1691 2336; x_wconf 77' lang='lat' dir='ltr'><strong>occultas</strong></span> 
     </span>
     <span class='ocr_line' id='line_1_45' title="bbox 233 2343 1691 2390; baseline -0.003 -9"><span class='ocrx_word' id='word_1_452' title='bbox 233 2357 318 2390; x_wconf 90' lang='lat' dir='ltr'><strong>opes</strong></span> <span class='ocrx_word' id='word_1_453' title='bbox 332 2348 520 2390; x_wconf 84' lang='lat' dir='ltr'><strong>possident,</strong></span> <span class='ocrx_word' id='word_1_454' title='bbox 535 2347 652 2390; x_wconf 83' lang='lat' dir='ltr'><strong>sicque</strong></span> <span class='ocrx_word' id='word_1_455' title='bbox 664 2347 755 2378; x_wconf 88' lang='lat' dir='ltr'><strong>inter</strong></span> <span class='ocrx_word' id='word_1_456' title='bbox 769 2345 920 2378; x_wconf 89' lang='lat' dir='ltr'><strong>modicos</strong></span> <span class='ocrx_word' id='word_1_457' title='bbox 935 2345 1104 2377; x_wconf 81' lang='lat' dir='ltr'><strong>habentur</strong></span> <span class='ocrx_word' id='word_1_458' title='bbox 1118 2350 1154 2376; x_wconf 86' lang='lat' dir='ltr'><strong>et</strong></span> <span class='ocrx_word' id='word_1_459' title='bbox 1168 2343 1336 2386; x_wconf 81' lang='lat' dir='ltr'><strong>effugiunt</strong></span> <span class='ocrx_word' id='word_1_460' title='bbox 1350 2353 1468 2377; x_wconf 82' lang='lat' dir='ltr'><strong>manus</strong></span> <span class='ocrx_word' id='word_1_461' title='bbox 1487 2344 1691 2387; x_wconf 77' lang='lat' dir='ltr'><strong>principum,</strong></span> 
     </span>
     <span class='ocr_line' id='line_1_46' title="bbox 234 2386 1689 2433; baseline -0.002 -10"><span class='ocrx_word' id='word_1_462' title='bbox 234 2391 292 2433; x_wconf 88' lang='lat' dir='ltr'><strong>qui</strong></span> <span class='ocrx_word' id='word_1_463' title='bbox 322 2401 416 2432; x_wconf 81' lang='lat' dir='ltr'><strong>saepe</strong></span> <span class='ocrx_word' id='word_1_464' title='bbox 441 2395 632 2423; x_wconf 88' lang='lat' dir='ltr'><strong>nummatos</strong></span> <span class='ocrx_word' id='word_1_465' title='bbox 663 2389 821 2432; x_wconf 78' lang='lat' dir='ltr'><strong>puniunt,</strong></span> <span class='ocrx_word' id='word_1_466' title='bbox 848 2392 886 2420; x_wconf 90' lang='lat' dir='ltr'><strong>ut</strong></span> <span class='ocrx_word' id='word_1_467' title='bbox 911 2397 1026 2420; x_wconf 87' lang='lat' dir='ltr'><strong>eorum</strong></span> <span class='ocrx_word' id='word_1_468' title='bbox 1048 2386 1178 2419; x_wconf 85' lang='lat' dir='ltr'><strong>divitiis</strong></span> <span class='ocrx_word' id='word_1_469' title='bbox 1203 2388 1401 2428; x_wconf 86' lang='lat' dir='ltr'><strong>potiantur:</strong></span> <span class='ocrx_word' id='word_1_470' title='bbox 1439 2387 1473 2420; x_wconf 90' lang='lat' dir='ltr'><strong>in</strong></span> <span class='ocrx_word' id='word_1_471' title='bbox 1522 2397 1566 2420; x_wconf 87' lang='lat' dir='ltr'><strong>uo</strong></span> <span class='ocrx_word' id='word_1_472' title='bbox 1595 2391 1689 2422; x_wconf 82' lang='lat' dir='ltr'><strong>certe</strong></span> 
     </span>
     <span class='ocr_line' id='line_1_47' title="bbox 234 2428 1689 2475; baseline -0.002 -9"><span class='ocrx_word' id='word_1_473' title='bbox 234 2434 407 2466; x_wconf 87' lang='lat' dir='ltr'><strong>sententia</strong></span> <span class='ocrx_word' id='word_1_474' title='bbox 432 2435 559 2466; x_wconf 88' lang='lat' dir='ltr'><strong>rectius</strong></span> <span class='ocrx_word' id='word_1_475' title='bbox 579 2431 796 2475; x_wconf 86' lang='lat' dir='ltr'><strong>procederet,</strong></span> <span class='ocrx_word' id='word_1_476' title='bbox 809 2440 907 2473; x_wconf 88' lang='lat' dir='ltr'><strong>qnam</strong></span> <span class='ocrx_word' id='word_1_477' title='bbox 930 2430 964 2461; x_wconf 92' lang='lat' dir='ltr'><strong>in</strong></span> <span class='ocrx_word' id='word_1_478' title='bbox 987 2429 1226 2463; x_wconf 84' lang='lat' dir='ltr'><strong>emendatione</strong></span> <span class='ocrx_word' id='word_1_479' title='bbox 1245 2430 1480 2466; x_wconf 54' lang='lat' dir='ltr'><strong>Bentleiana„</strong></span> <span class='ocrx_word' id='word_1_480' title='bbox 1525 2428 1550 2462; x_wconf 83' lang='lat' dir='ltr'><strong>f.</strong></span> <span class='ocrx_word' id='word_1_481' title='bbox 1570 2429 1689 2463; x_wconf 76' lang='lat' dir='ltr'><strong>Burm-</strong></span> 
     </span>
     <span class='ocr_line' id='line_1_48' title="bbox 233 2471 1691 2519; baseline -0.002 -11"><span class='ocrx_word' id='word_1_482' title='bbox 233 2477 357 2510; x_wconf 74' lang='lat' dir='ltr'><strong>habent.</strong></span> <span class='ocrx_word' id='word_1_483' title='bbox 386 2477 552 2519; x_wconf 85' lang='lat' dir='ltr'><strong>Cuningh.</strong></span> <span class='ocrx_word' id='word_1_484' title='bbox 565 2476 767 2517; x_wconf 51' lang='lat' dir='ltr'><strong>vigente-10</strong></span> <span class='ocrx_word' id='word_1_485' title='bbox 790 2474 830 2506; x_wconf 93' lang='lat' dir='ltr'><strong>In</strong></span> <span class='ocrx_word' id='word_1_486' title='bbox 846 2474 914 2505; x_wconf 88' lang='lat' dir='ltr'><strong>Ms.</strong></span> <span class='ocrx_word' id='word_1_487' title='bbox 930 2473 1020 2505; x_wconf 82' lang='lat' dir='ltr'><strong>Pith.</strong></span> <span class='ocrx_word' id='word_1_488' title='bbox 1037 2477 1090 2505; x_wconf 88' lang='lat' dir='ltr'><strong>est</strong></span> <span class='ocrx_word' id='word_1_489' title='bbox 1109 2474 1283 2515; x_wconf 77' lang='lat' dir='ltr'><strong>perierunt,</strong></span> <span class='ocrx_word' id='word_1_490' title='bbox 1302 2472 1391 2515; x_wconf 88' lang='lat' dir='ltr'><strong>quod</strong></span> <span class='ocrx_word' id='word_1_491' title='bbox 1407 2471 1532 2515; x_wconf 81' lang='lat' dir='ltr'><strong>probat</strong></span> <span class='ocrx_word' id='word_1_492' title='bbox 1547 2471 1638 2507; x_wconf 76' lang='lat' dir='ltr'><strong>eud.</strong></span> <span class='ocrx_word' id='word_1_493' title='bbox 1654 2476 1691 2505; x_wconf 91' lang='lat' dir='ltr'><strong>et</strong></span> 
     </span>
    </p>
   </div>
   <div class='ocr_carea' id='block_1_6' title="bbox 885 2560 1030 2593">
    <p class='ocr_par' dir='ltr' id='par_1_8' title="bbox 885 2560 1030 2593">
     <span class='ocr_line' id='line_1_49' title="bbox 885 2560 1030 2593; baseline -0.007 0"><span class='ocrx_word' id='word_1_494' title='bbox 885 2560 1030 2593; x_wconf 78' lang='lat' dir='ltr'>NOTAE</span> 
     </span>
    </p>
   </div>
   <div class='ocr_carea' id='block_1_7' title="bbox 233 2621 1694 2817">
    <p class='ocr_par' dir='ltr' id='par_1_9' title="bbox 233 2621 1694 2817">
     <span class='ocr_line' id='line_1_50' title="bbox 277 2621 1688 2667; baseline -0.002 -9"><span class='ocrx_word' id='word_1_495' title='bbox 277 2629 319 2658; x_wconf 86' lang='lat'><strong>10</strong></span> <span class='ocrx_word' id='word_1_496' title='bbox 341 2624 513 2667; x_wconf 73' lang='lat' dir='ltr'><strong>Depreust’]</strong></span> <span class='ocrx_word' id='word_1_497' title='bbox 540 2624 622 2666; x_wconf 80' lang='lat' dir='ltr'><strong>Qui,</strong></span> <span class='ocrx_word' id='word_1_498' title='bbox 637 2624 682 2658; x_wconf 92' lang='lat' dir='ltr'><strong>ob</strong></span> <span class='ocrx_word' id='word_1_499' title='bbox 705 2623 827 2657; x_wconf 88' lang='lat' dir='ltr'><strong>nimias</strong></span> <span class='ocrx_word' id='word_1_500' title='bbox 852 2633 934 2666; x_wconf 79' lang='lat' dir='ltr'><strong>opes</strong></span> <span class='ocrx_word' id='word_1_501' title='bbox 988 2622 1052 2655; x_wconf 89' lang='lat' dir='ltr'><strong>bus</strong></span> <span class='ocrx_word' id='word_1_502' title='bbox 1071 2622 1380 2664; x_wconf 78' lang='lat' dir='ltr'><strong>praeseutissimum</strong></span> <span class='ocrx_word' id='word_1_503' title='bbox 1404 2625 1480 2654; x_wconf 81' lang='lat' dir='ltr'><strong>erat</strong></span> <span class='ocrx_word' id='word_1_504' title='bbox 1503 2621 1688 2664; x_wconf 83' lang='lat' dir='ltr'><strong>unicnique</strong></span> 
     </span>
     <span class='ocr_line' id='line_1_51' title="bbox 234 2669 1694 2714; baseline -0.001 -8"><span class='ocrx_word' id='word_1_505' title='bbox 234 2675 336 2707; x_wconf 89' lang='lat' dir='ltr'><strong>variis</strong></span> <span class='ocrx_word' id='word_1_506' title='bbox 377 2674 651 2706; x_wconf 81' lang='lat' dir='ltr'><strong>accusationibus</strong></span> <span class='ocrx_word' id='word_1_507' title='bbox 699 2672 936 2713; x_wconf 82' lang='lat' dir='ltr'><strong>circumventi,</strong></span> <span class='ocrx_word' id='word_1_508' title='bbox 988 2672 1178 2714; x_wconf 88' lang='lat' dir='ltr'><strong>periculum</strong></span> <span class='ocrx_word' id='word_1_509' title='bbox 1193 2681 1237 2704; x_wconf 86' lang='lat' dir='ltr'><strong>ex</strong></span> <span class='ocrx_word' id='word_1_510' title='bbox 1255 2669 1547 2713; x_wconf 61' lang='lat' dir='ltr'><strong>magnisdivitiis,</strong></span> <span class='ocrx_word' id='word_1_511' title='bbox 1567 2675 1607 2704; x_wconf 83' lang='lat' dir='ltr'><strong>ut</strong></span> <span class='ocrx_word' id='word_1_512' title='bbox 1629 2671 1694 2704; x_wconf 69' lang='lat' dir='ltr'><strong>do-r</strong></span> 
     </span>
     <span class='ocr_line' id='line_1_52' title="bbox 233 2722 1379 2766; baseline -0.002 -10"><span class='ocrx_word' id='word_1_513' title='bbox 233 2724 410 2766; x_wconf 85' lang='lat' dir='ltr'><strong>suppliciis</strong></span> <span class='ocrx_word' id='word_1_514' title='bbox 439 2724 566 2758; x_wconf 82' lang='lat' dir='ltr'><strong>fuerint</strong></span> <span class='ocrx_word' id='word_1_515' title='bbox 594 2723 720 2757; x_wconf 83' lang='lat' dir='ltr'><strong>affecti.</strong></span> <span class='ocrx_word' id='word_1_516' title='bbox 779 2723 935 2765; x_wconf 79' lang='lat' dir='ltr'><strong>Respicit</strong></span> <span class='ocrx_word' id='word_1_517' title='bbox 989 2727 1069 2756; x_wconf 83' lang='lat' dir='ltr'><strong>cent</strong></span> <span class='ocrx_word' id='word_1_518' title='bbox 1080 2722 1220 2757; x_wconf 82' lang='lat' dir='ltr'><strong>Tacitus</strong></span> <span class='ocrx_word' id='word_1_519' title='bbox 1235 2727 1270 2754; x_wconf 86' lang='lat' dir='ltr'><strong>et</strong></span> <span class='ocrx_word' id='word_1_520' title='bbox 1283 2722 1379 2758; x_wconf 77' lang='lat' dir='ltr'><strong>Suet.</strong></span> 
     </span>
     <span class='ocr_line' id='line_1_53' title="bbox 235 2774 934 2817; baseline -0.001 -11"><span class='ocrx_word' id='word_1_521' title='bbox 235 2784 371 2807; x_wconf 85' lang='lat' dir='ltr'><strong>suorum</strong></span> <span class='ocrx_word' id='word_1_522' title='bbox 387 2779 579 2817; x_wconf 84' lang='lat' dir='ltr'><strong>temporum</strong></span> <span class='ocrx_word' id='word_1_523' title='bbox 602 2775 847 2816; x_wconf 81' lang='lat' dir='ltr'><strong>calamitatem,</strong></span> <span class='ocrx_word' id='word_1_524' title='bbox 863 2774 934 2817; x_wconf 86' lang='lat' dir='ltr'><strong>qni·</strong></span> 
     </span>
    </p>
   </div>
  </div>
 </body>
</html>
