1806 3236
407 249 614 283 rnatum
647 248 758 283 mn.
791 247 1096 282 AEsormmm
1131 247 1228 281 mn.
1261 247 1327 281 ιν.
1357 236 1402 281 8.

157 345 374 392 empulo,
388 357 472 392 quas
486 348 561 391 ipse
578 351 728 389 tractat;
742 346 872 387 fabulas

158 411 204 447 ᾳ
216 401 364 443 diverso,
380 410 466 444 quas
488 399 612 433 Poetae
638 399 817 442 majorum,
830 403 871 432 ut

157 452 366 497 eie-loquar,
389 451 578 492 Gentium3
609 452 706 484 velut
726 450 872 483 Ovidius

157 504 287 539 ins-o
310 504 431 547 Cyclo.
475 502 667 545 Differam,
697 502 790 546 quod
819 503 872 535 hae

158 554 425 599 ffldidiores,
439 552 636 588 humiliores
657 554 739 587 illoe.
783 554 873 587 Fere

156 611 203 641 ut
225 607 397 650 tragedia
411 606 531 640 differt
556 617 577 639 a
603 606 792 639 comoedia:
830 606 871 638 it.

156 659 251 703 quod
266 659 335 692 illae
351 668 492 701 prorsus
503 657 695 701 finguntur,
709 657 874 690 verisimi-

155 710 239 745 liter
264 714 394 743 tamen.
443 709 540 742 Inde
566 708 747 749 finiuntur,
770 706 873 749 Λόγος

155 760 270 803 ψευδὴς
282 759 439 802 cinewlfus*
459 759 625 801 ἆλὴθειαν;
657 760 694 792 id
709 764 774 803 est,
789 761 872 793 Ora-

156 813 206 846 tio
217 813 318 856 fieta,
331 813 502 852 verisimili
526 812 733 855 dispositione
757 812 871 854 imag-i-

156 874 230 898 nem
253 865 405 898 exhibens
427 865 700 898 ver-itatis.1·1ae
725 865 873 907 plerum-

157 926 226 960 que
249 917 340 949 veris
363 916 501 949 intexta
515 916 644 949 habent
668 915 757 948 falsa
771 919 808 948 et
822 915 872 948 in-

156 968 350 1014 credibilia.
394 968 642 1010 Palaephatus:
670 966 826 1008 Γενόμενα
839 966 876 1000 δέ

155 1019 275 1053 moi
293 1019 423 1059 ποιηταὶ
445 1019 498 1052 καὶ
516 1018 712 1061 λογογράφοι
726 1017 875 1061 παρέτρε-

156 1074 222 1114 ψεν
232 1070 325 1105 eise)
337 1071 544 1114 &morem
555 1070 607 1104 mal
629 1070 875 1113 θαυμασιώτερον

155 1124 217 1158 τοῦ
243 1123 410 1167 θαυμάζων
447 1122 541 1157 ἕνεκα
575 1122 649 1156 τοὺς
690 1123 873 1166 ἀνθρώπους.

154 1177 263 1212 Quod
278 1178 387 1212 etiam
413 1181 468 1211 tot
495 1177 663 1219 exemplis
687 1180 873 1217 monstrat.

156 1228 267 1271 Lege,
280 1228 396 1270 sodes,
424 1229 587 1262 Lactant.
609 1238 635 1261 1.
657 1231 691 1261 2.
736 1229 784 1261 Et
799 1229 873 1260 haee

154 1279 370 1322 discrimine,
385 1281 414 1313 si
427 1280 578 1313 animum
594 1278 772 1321 attendas,
796 1278 874 1311 sub-

157 1331 336 1365 ministrat
359 1331 436 1374 ipse
460 1331 646 1364 Phaedrus.
690 1329 807 1363 Aliter
823 1335 875 1362 ta-

156 1382 490 1416 mvouiusInst.
501 1382 729 1415 Or.1v.1L4
740 1382 877 1415 Praecla

157 1434 239 1468 Nee
264 1433 399 1468 minora
427 1434 573 1490 scripta,
606 1434 723 1477 qualia
748 1432 876 1466 fabulae

157 1485 324 1529 nona,
341 1495 406 1519 nec
427 1474 574 1528 majoin,
597 1486 714 1528 qualia
738 1486 877 1527 Tragoe-

158 1536 242 1579 dic,
256 1545 320 1571 seu
332 1536 481 1579 Tragica
502 1540 718 1579 argumenta,
732 1546 877 1579 quorum

159 1587 340 1631 specimen
363 1597 456 1621 nunc
480 1588 654 1631 proposui.
697 1588 757 1621 Sic
772 1597 878 1630 expo-

158 1649 298 1674 sueram
325 1639 413 1682 hoec,
437 1649 518 1673 cum
543 1639 645 1672 video
668 1639 817 1672 Fabrum
833 1638 878 1672 ad

159 1691 311 1726 eandem
324 1690 400 1725 fere
414 1690 554 1724 modum
563 1702 574 1724 z
597 1692 608 1709 ⁶
622 1691 655 1724 N
659 1700 700 1724 ec
715 1690 876 1733 apologi,’

158 1744 226 1786 ait,
238 1744 248 1762 ‘
264 1752 331 1776 nee
345 1747 604 1786 argumentaex
619 1742 766 1776 historia
778 1741 876 1775 fabu-

158 1795 226 1830 lari
241 1794 381 1839 petita!
403 1794 511 1835 Schts.

158 1876 163 1884 .
203 1846 354 1889 Fabula]
392 1846 464 1880 Per
481 1845 613 1888 fabulas
637 1846 693 1879 hic
717 1845 876 1889 intellige

160 1899 359 1942 tragoedias.
383 1899 474 1932 Gna.

203 1953 248 1984 28
271 1949 350 1983 Noli
371 1951 517 1983 molestus
537 1949 616 1991 esse]
644 1942 802 1982 Minatur
814 1948 876 1982 ad-

161 2001 339 2043 versariis,
373 2010 469 2034 more
496 2000 688 2033 Poetarum
719 2001 876 2043 proprie.

161 2053 278 2097 Junge
306 2051 379 2086 fab.
406 2052 689 2094 subsequentem.
733 2051 790 2084 Sic
806 2052 879 2084 Ho-

161 2104 243 2139 mii
257 2104 294 2137 in
315 2103 472 2137 Cassium
496 2102 666 2135 Severum
695 2103 878 2136 commiua-

160 2154 277 2189 tione·
302 2158 426 2188 extant
449 2153 563 2196 Epod.
589 2157 623 2186 6.
665 2154 818 2187 Terentii
843 2154 879 2186 in

162 2202 357 2249 Lavinium,
382 2207 533 2250 prologis
558 2205 707 2240 fabular.
751 2206 880 2240 Catulli

164 2259 203 2292 iu
233 2258 404 2301 Asinium,
427 2268 496 2291 non
526 2259 630 2300 longe
654 2268 676 2291 a
699 2258 883 2301 principio.

162 2309 348 2354 Virgilium
374 2310 517 2345 Nolanis
544 2314 690 2354 propter
719 2310 884 2353 injuriam

1300 95 1324 111 d

1551 236 1640 281 599

927 349 1108 389 acceptam
1136 345 1199 390 (de
1214 354 1284 389 qua
1304 344 1341 378 in
1366 343 1494 378 Nolain
1515 343 1640 377 urbem

925 404 1025 432 extat
1048 399 1141 432 lusus
1163 398 1345 432 Sanazarii
1370 397 1474 440 Epig.
1504 397 1566 430 lib.
1582 395 1641 439 ιι.)

924 460 994 483 non
1009 450 1176 483 minatum
1189 460 1265 484 esse
1279 449 1394 493 modo,
1407 449 1469 483 sed
1481 449 1581 492 quasi
1596 458 1642 481 ex

925 501 1100 535 hominum
1125 501 1303 543 memoria,
1331 501 1384 535 sic
1407 511 1454 534 ex
1487 500 1642 534 carmine

927 566 991 589 suo
1006 556 1099 599 ipsos
1125 556 1309 598 derasisse,
1334 560 1458 589 auctor
1482 560 1536 588 est
1551 554 1644 588 Gen.

928 617 996 640 vn.
1007 610 1064 640 20.
1078 608 1180 642 Quod
1192 612 1308 640 tamen
1319 606 1450 640 refellit
1457 607 1537 641 ἔον.
1549 605 1644 639 Ροιι-

927 659 1048 697 taurin
1062 658 1181 692 Actio.
1213 658 1316 691 Adde
1328 659 1512 692 Platonem
1527 657 1562 690 in
1577 657 1646 706 Mj·

927 712 1005 746 noe.
1045 712 1132 745 Inde
1148 712 1281 755 magnis
1294 712 1519 755 Principibus
1534 721 1575 745 ac
1592 711 1647 746 Ci-

927 765 1093 798 vitatibus
1109 765 1203 797 inter
1216 775 1354 807 arcana,
1367 764 1499 798 Poiitas
1513 764 1550 797 in
1565 773 1646 798 ocu·

925 818 968 851 lis
983 817 1089 851 ferre.
1127 817 1298 860 Exempla
1309 817 1471 860 congerit
1486 817 1531 850 P.
1541 816 1646 850 Μοι-

925 870 959 903 ia
973 871 1055 903 Var.
1070 870 1171 904 Lect.
1186 878 1244 902 ιιι.
1259 873 1291 902 9.
1315 868 1451 902 Prasch.

971 922 1129 955 Molestus
1153 931 1217 955 esse
1238 920 1359 963 iiteris]
1391 919 1593 961 Salmasius,
1607 919 1648 952 ti·

927 974 1007 1007 teris
1023 973 1204 1014 Maiorum;
1237 973 1294 1006 vel
1317 972 1347 1005 si
1374 971 1534 1013 Maiorem
1561 970 1646 1005 sefi-

930 1024 1083 1058 bendum
1099 1028 1167 1065 est,
1182 1025 1259 1067 lege
1275 1023 1454 1057 exhibeam.
1481 1022 1579 1057 Gud.

975 1075 1130 1117 Omnino]
1162 1073 1400 1117 Defati-gando
1428 1078 1465 1107 et
1486 1072 1648 1107 vexando

927 1126 1103 1169 ingenium
1123 1131 1219 1159 tuum
1236 1135 1422 1168 morosum,
1434 1125 1515 1157 dum
1531 1124 1582 1159 nil
1598 1123 1647 1157 af-

927 1177 1055 1217 ferunt,
1073 1178 1137 1210 nisi
1153 1177 1245 1221 quod
1262 1177 1327 1210 tibi
1343 1177 1542 1220 displiceat.
1577 1176 1651 1209 Alii

929 1230 1031 1262 aliter
1045 1233 1238 1271 exponunt,
1250 1232 1291 1261 et
1316 1228 1361 1261 de
1381 1228 1542 1261 vindicta
1558 1226 1650 1260 acci-

929 1280 1044 1324 piunt,
1061 1289 1128 1323 qua
1143 1279 1267 1312 Poetae
1283 1278 1337 1311 uti
1354 1277 1520 1311 adversus
1537 1278 1650 1310 inimi-

930 1342 990 1366 cos
1001 1341 1085 1365 suos
1101 1334 1369 1364 consueverunt.
1414 1329 1485 1362 Sed
1500 1329 1650 1362 alterum

932 1388 1018 1427 puto
1045 1383 1154 1426 magis
1190 1382 1283 1415 velle
1309 1382 1494 1422 Nostrum,
1524 1380 1650 1414 saltem

931 1435 1045 1480 quoad
1063 1435 1216 1478 speciem
1239 1437 1434 1466 externam.
1458 1431 1564 1471 ,δι-ἢῆ.

975 1491 1017 1520 25
1032 1487 1152 1528 Stulti]
1175 1487 1261 1529 Pro,
1270 1486 1299 1519 si
1317 1485 1376 1529 qui
1388 1487 1572 1526 nauseant,
1582 1492 1652 1516 non

932 1538 1026 1582 quod
1042 1538 1154 1571 subsit
1170 1547 1286 1579 causa,
1300 1536 1361 1569 seu
1375 1536 1456 1580 quia
1471 1535 1540 1578 ipsi
1554 1535 1653 1567 stulti

933 1593 1028 1631 sunt,
1039 1592 1076 1622 et
1091 1598 1164 1621 rem
1178 1597 1245 1621 uon
1257 1587 1469 1629 intelligunt.
1491 1586 1656 1630 Ursinus,

931 1642 986 1684 qai
1000 1640 1195 1678 stultitiam,·
1217 1648 1342 1681 nempe
1368 1643 1507 1671 veteres
1530 1638 1654 1671 editio-

931 1702 994 1726 nes
1013 1691 1204 1734 habebaut,
1226 1691 1257 1724 si
1277 1691 1332 1734 qui
1354 1690 1537 1724 stultitiam.
1581 1689 1653 1723 Sed

929 1745 1014 1778 mihi
1027 1745 1102 1778 haec
1128 1743 1304 1777 correctio
1320 1752 1388 1775 non
1404 1742 1548 1785 placet;
1571 1741 1654 1773 mal-

929 1796 998 1829 lem
1023 1805 1105 1830 cum
1131 1794 1379 1837 Rittershusio,
1414 1793 1470 1837 qui
1503 1793 1652 1826 stultitia

929 1851 1093 1882 nazoeeant.
1114 1845 1235 1880 Schef.

976 1899 1163 1932 stultitiam
1171 1895 1342 1938 nauseant]
1366 1897 1406 1930 F.
1414 1896 1566 1930 Stultitia
1577 1906 1654 1929 nau-

930 1955 1032 1984 seant.
1079 1950 1171 1983 Illud
1187 1954 1318 1990 autem,
1332 1950 1443 1982 coelum
1457 1949 1654 1991 vituperant,

934 2001 1157 2045 proverbiale
1173 2006 1252 2034 est:
1286 2001 1466 2042 λοιδορῆσαι
1484 1998 1543 2032 τὸν
1564 1999 1654 2042 οὖρα-

933 2052 998 2086 νόν.
1044 2052 1134 2085 vide
1147 2052 1264 2086 Suidae
1277 2055 1319 2086 »et
1338 2051 1510 2084 Zenodoti
1526 2052 1653 2086 collec-

937 2110 1051 2139 tanea.
1076 2105 1164 2137 Riet.

977 2160 1022 2190 26
1046 2156 1184 2198 Coelum]
1210 2156 1286 2188 Deo
1307 2155 1372 2198 ipsi
1389 2154 1523 2188 faciunt
1536 2154 1654 2187 convi-

935 2210 1043 2251 cium,
1071 2218 1112 2241 ac
1139 2207 1382 2250 imprudentiae
1413 2207 1524 2249 ipsum
1553 2215 1654 2240 accu-

937 2266 1028 2295 sant.
1074 2260 1243 2294 Proverb.
1259 2264 1298 2292 ut
1313 2268 1358 2292 ex
1373 2259 1480 2291 Suida
1493 2264 1530 2292 et
1545 2259 1656 2293 Zeno·

937 2314 1021 2347 doto
1038 2312 1159 2346 docuit
1174 2310 1436 2345 Rittershusius.
1459 2310 1567 2352 Schts.

697 2500 960 2544 FABULA
1003 2501 1146 2544 VIII.

207 2616 345 2658 Serpens
365 2616 408 2648 ad
424 2615 578 2657 Fabrum]
599 2616 747 2660 AEsopus
767 2621 804 2650 et
821 2616 886 2650 Ca-

168 2667 334 2702 merarius
364 2667 509 2700 eaudem
546 2667 620 2701 fere
650 2668 803 2702 fabulam
841 2669 886 2703 de

170 2719 319 2752 mustela
334 2719 585 2760 conscripsere.
611 2720 690 2761 Rig.

209 2770 301 2803 Haec
315 2769 432 2805 fabula
446 2771 554 2803 etiam
571 2771 663 2813 apud
690 2772 883 2806 Lockman-

168 2831 250 2854 num
277 2820 430 2854 Arabem
451 2822 595 2864 legitur,
622 2823 687 2856 nisi
712 2824 805 2867 quod
828 2825 886 2858 ille

168 2873 230 2907 feli
245 2873 380 2916 tribuit,
394 2873 484 2917 quod
502 2874 670 2908 Phaedrus
686 2875 827 2918 viperae.

987 2620 1004 2650 1
1031 2614 1279 2657 Mordaciorem]
1311 2612 1470 2647 Dissidet
1485 2612 1563 2646 hnic
1578 2611 1659 2646 affa-

940 2669 1125 2709 bulationi,
1146 2672 1185 2700 ut
1210 2675 1381 2710 persaepe,
1410 2665 1561 2707 AEsopea
1587 2664 1659 2698 fab.

943 2723 1018 2752 187.
1046 2719 1178 2750 Prasch.
1223 2715 1352 2750 Confer
1377 2715 1515 2748 Horatii
1540 2716 1614 2749 Sat.
1631 2724 1656 2750 ι.

940 2775 973 2804 7.
999 2772 1055 2804 Sic
1063 2769 1261 2812 Schoppius
1277 2767 1322 2800 ad
1337 2766 1567 2800 maledicendi
1583 2777 1658 2800 cer-

941 2828 1059 2856 tamen
1076 2825 1242 2864 provocat
1271 2819 1399 2853 amicos
1422 2819 1604 2862 Scaligeri,
1623 2820 1658 2852 in

942 2874 1068 2917 scalig.
1084 2872 1263 2916 Hypobol.
1279 2882 1358 2915 pag.
1373 2874 1450 2906 ³59.
1470 2873 1480 2891 ‘
1493 2870 1658 2915 Scilicet,'
