1806 3236
256 215 319 267 32<
658 228 862 260 sumen
897 227 958 259 m·
987 227 1299 260 'res‘rmonm
1385 234 1387 236 ·

257 323 425 378 piarum
444 322 692 366 fabularum
709 324 903 379 quinque
921 323 1060 367 libros
1077 323 1265 367 Lutetiae
1279 322 1491 367 edidisset
1501 320 1716 380 'primu'us‘

256 393 300 432 et
319 390 376 432 ad
395 403 444 433 se
465 390 656 438 Romam
678 403 763 447 pro
780 391 918 434 veteri
930 379 1134 435 amicitia
1162 392 1334 435 muneri
1358 391 1596 445 misisset}
1605 392 1715 447 perv

257 470 414 500 cussos
443 458 567 501 illico
601 459 828 543 Romanos
854 458 1052 502 novitate
1070 459 1323 511 voluminis,
1350 462 1501 521 atque,
1527 461 1576 541 ut
1605 470 1711 514 gens

257 530 359 569 est‘
373 532 590 570 emunctae
609 523 758 578 narisss

264 619 273 630 f
492 594 687 637 Natura
703 604 930 650 nunquam
947 594 1083 636 verba
1101 593 1174 637 cui
1194 593 1347 650 potuit
1357 593 1480 647 dare,
1523 631 1525 634 Α
1596 614 1598 617 ·
1622 594 1656 615 ²³

255 662 471 718 suspicari
491 663 685 718 coepisse
703 675 808 707 num
828 662 1038 718 quidnam
1057 667 1212 717 partus
1241 662 1324 706 iste
1354 666 1508 706 recens
1527 675 1589 706 ac
1605 660 1719 718 sup—T·

254 730 480 786 posititius
513 734 650 781 esset,
686 730 766 785 qui
805 733 932 772 tanto
974 728 1207 774 intervallo
1252 736 1501 786 appareret,
1530 737 1716 788 mque

255 798 500 841 delituisset
532 798 636 840 diu:
671 801 972 842 verumtamen
998 798 1111 841 libro
1137 798 1328 854 perlectx)
1360 801 1478 852 toto,
1490 797 1715 847 timii:

255 866 497 917 dubitasse,
509 865 611 920 quin
631 868 806 908 aetatem
825 866 1042 908 redoleret
1059 865 1266 921 Augusti,
1284 879 1338 909 ac
1357 879 1573 910 summam
1590 866 1711 910 illam

252 934 511 976 facilitatem
531 933 637 987 styli
658 940 702 975 et
720 933 968 989 scripturae,
988 937 1032 976 et
1059 934 1236 976 beatam
1262 923 1450 989 copiam*
1462 931 1712 990 τεμξεαι-

253 1004 392 1053 taret3
433 1004 629 1056 tuncque
666 1002 854 1044 vixisset
895 1004 1068 1053 auctor,
1100 1014 1202 1044 cum
1235 1001 1334 1044 laus
1367 1002 1476 1044 bene
1506 1001 1714 1059 loquendi

252 1071 502 1124 tempor-um
520 1069 687 1124 potius,
704 1081 840 1124 'quam
865 1068 1089 1112 hominum
1107 1068 1218 1122 fuit;
1248 1067 1400 1124 ibique
1429 1068 1560 1112 eiiam
1591 1069 1712 1125 a'jmd

254 1135 483 1179 Caesarem
514 1137 741 1189 servisset,
761 1138 840 1179 ubi
871 1137 1022 1179 sedem
1042 1149 1096 1179 ac
1117 1136 1394 1179 domicilium
1413 1135 1603 1179 eruditio
1622 1137 1712 1180 col-

251 1203 428 1246 locasse
461 1204 709 1257 videretur‘;
738 1217 828 1259 qua
851 1204 897 1246 in
924 1204 1057 1246 domo
1087 1203 1193 1246 filiae
1224 1208 1270 1246 et
1299 1207 1468 1259 neptes,
1499 1203 1646 1246 intimi
1666 1208 1714 1247 et

252 1270 506 1332 familiares,
528 1272 646 1315 servi
666 1277 712 1315 et
730 1273 878 1315 liberti
907 1272 1061 1315 literas
1084 1272 1254 1326 egregie
1271 1270 1548 1317 didicissent.
1605 1270 1712 1315 ne-

251 1339 341 1382 nim
361 1340 572 1382 memoria
600 1352 681 1382 sua
711 1339 931 1382 Phaedrus
963 1351 1056 1381 rem
1089 1339 1411 1383 memorabilem
1436 1338 1500 1383 ait
1516 1338 1715 1383 delam

252 1406 310 1448 ad
330 1406 645 1457 centumvimS,
667 1405 723 1448 de
748 1419 837 1462 qua
864 1406 993 1448 divus
1013 1405 1243 1460 Augustus
1273 1407 1331 1448 ab
1361 1406 1418 1448 iis
1446 1405 1614 1449 ascitus
1637 1406 1712 1462 ju-

252 1473 366 1523 dex,
378 1473 531 1528 quod
518 1474 610 1529 ipsi
630 1474 747 1516 satis.
761 1487 912 1517 verum
930 1486 1020 1516 non
1039 1472 1320 1528 dispicerent,
1323 1467 1561 1530 juffiearru
1601 1470 1711 1517 Alio

251 1541 445 1598 quodam
482 1541 587 1584 loco
625 1541 836 1597 Sejanum
865 1542 980 1584 male
1011 1541 1167 1583 nescio
1200 1541 1308 1596 quid
1333 1540 1390 1584 d'e
1422 1553 1492 1584 se
1506 1541 1710 1585 meritum

251 1608 480 1665 significat.
540 1609 668 1653 Unde
701 1610 923 1665 colligitur
951 1610 1065 1652 hunc
1087 1608 1266 1652 Octavii
1297 1609 1580 1665 temporibus
1598 1610 1718 1653 exn·-

250 1678 358 1725 tisse
391 1681 438 1719 et
467 1677 652 1719 Tiberii.
712 1677 857 1734 CuJ'us
884 1676 1035 1729 etiam,
1056 1680 1270 1732 quantum
1298 1676 1562 1724 subodorari
1590 1677 1710 1729 licet,

250 1745 479 1799 improbos
498 1757 644 1786 mores
672 1745 840 1800 passim
872 1744 1104 1799 expressit,
1134 1742 1377 1795 libidinem,
1398 1747 1588 1796 sumtus,¹
1606 1757 1712 1790 ava.-

251 1812 416 1863 ritiam,
451 1813 643 1871 rapinas,
678 1812 906 1866 vulpinam
935 1810 1173 1863 vafritiem,
1204 1823 1304 1853 cum
1333 1810 1510 1860 leonina
1537 1811 1710 1854 feritate

252 1884 300 1921 et
333 1880 545 1922 violentia
576 1878 871 1935 conjunctam.
945 1877 1099 1930 Quare
1144 1878 1282 1920 miror
1313 1877 1600 1930 vehementer,
1632 1892 1710 1921 cur

251 1946 477 1990 affirmarit
495 1947 684 1998 Seneca,
704 1945 920 2001 AEsopios
937 1945 1067 1999 logos
1093 1957 1194 1987 esse
1212 1945 1478 1992 intentatum*
1492 1944 1709 1989 Romanis

248 2014 433 2068 ingeniis
467 2028 606 2069 opus:
635 2027 736 2056 cum
770 2013 1006 2056 Phaedrum
1038 2013 1155 2056 hunc
1189 2013 1382 2065 haberet,
1401 2018 1541 2068 quemi
1561 2015 1716 2070 oppos

248 2094 350 2124 nere
384 2086 540 2136 posset
569 2083 650 2125 toti
685 2081 906 2124 Graeciaes
965 2081 1084 2124 Nam
1117 2080 1241 2136 quod
1274 2081 1519 2124 clarissima
1544 2081 1710 2126 lumina
1760 2087 1765 2094 ’

250 2149 490 2203 superioris
511 2150 667 2192 saeculi
687 2149 793 2201 duo,
820 2150 981 2192 Petrus
1011 2149 1216 2192 Pithoeus
1247 2153 1292 2192 et
1321 2148 1491 2191 Justus
1510 2148 1708 2204 Lipsius,

249 2215 550 2270 prodiderunt,
580 2229 684 2258 vere
714 2216 759 2258 id
792 2229 820 2257 a
848 2216 1020 2259 Seneca
1038 2216 1231 2268 dictum3
1262 2216 1371 2270 quia
1390 2215 1606 2259 Phaedrus
1622 2229 1713 2258 nonv

248 2295 402 2337 genere
421 2288 496 2325 aut
513 2288 611 2326 ortu
632 2284 884 2335 Romanus,
902 2283 983 2326 sed
1014 2283 1195 2334 Thrax„
1213 2282 1331 2325 sicut
1347 2283 1458 2338 ,ipse
1491 2287 1706 2328 testam:

247 2349 445 2405 reliquit,
460 2354 600 2393 esset:
631 2351 778 2392 minus
810 2364 864 2393 ea
894 2350 1140 2408 probabilis
1168 2350 1340 2393 videtur·
1370 2351 1598 2406 expositio
1627 2351 1706 2394 Se-

249 2430 389 2460 necae.
447 2417 588 2470 Quasi
607 2431 711 2460 vero
734 2418 948 2460 Romanis
982 2419 1168 2472 ingeniis
1195 2431 1316 2473 opus
1339 2419 1612 2471 intentatum,
1645 2420 1707 2461 sit

250 2485 486 2540 quicquam
507 2485 644 2536 aliud,
665 2498 798 2540 quam
827 2486 971 2528 literis
1003 2486 1196 2529 nondum
1229 2486 1496 2528 illustratum
1509 2499 1595 2529 vnec
1617 2487 1707 2529 ela.-

250 2551 452 2594 boratum
472 2566 612 2608 opus:
644 2557 719 2596 aut
752 2553 977 2597 comoedia
1005 2554 1134 2596 fuerit
1162 2566 1338 2597 carmen
1366 2542 1576 2601 intactum
1610 2553 1713 2596 Ro-

250 2620 412 2679 maniS,
430 2620 634 2675 quamvis
654 2621 699 2664 id
720 2621 839 2663 solus
868 2623 1044 2664 natione
1064 2620 1172 2665 Aser
1190 2622 1420 2663 Terentius
1450 2625 1706 2665 tractasset:

251 2691 330 2730 aut
365 2689 403 2729 si
438 2693 715 2743 percenseret
766 2688 948 2739 Seneca,
989 2689 1064 2744 qui
1102 2689 1435 2744 philosophiam.
1463 2686 1704 2743 ‘scriptores

254 2754 408 2796 Latine
426 2756 728 2810 explicassent
739 2770 761 2809 32
781 2756 835 2798 de
853 2770 907 2801 eo
926 2764 975 2799 'se
994 2770 1174 2798 numero
1192 2757 1401 2805 eximeret
1418 2756 1541 2811 ipse3
1573 2769 1705 2811 prop-
