1806 3236
374 215 576 247 pnAEnm
610 215 719 246 ΜΒ.
751 215 1057 265 ΕεοιξιΑκυΜ
1093 215 1188 247 Lm.
1223 216 1253 246 1.
1283 205 1356 247 24.

125 313 314 352 agnoscent
362 309 531 351 ergastuli
580 309 793 343 detrimenta
807 311 832 343 Ρ

123 360 244 395 Ide-12
275 360 547 402 ‘roien-abimus,
572 372 649 405 qnae
682 367 835 395 armatos

120 409 354 454 satiaverunt
364 410 390 445 ?'
411 421 489 454 pro,
503 414 766 455 agnoscentue?
782 418 835 448 to-

121 461 377 496 lerabimusne?
399 461 508 504 Schef.

165 513 388 556 praeludere]
411 514 616 558 Suprasab.
631 519 665 550 2.
677 517 687 536 ‘
701 517 836 551 Vocem

119 565 309 607 praeludit
333 567 474 600 metus!
519 567 625 602 Ovid.
668 569 760 602 Met.
788 579 834 603 11.

119 619 196 651 6⁵8.
230 617 432 663 ‘vocisque
476 629 565 652 meae
603 620 834 663 praecluditur

121 666 231 702 usus?

161 722 185 754 8
205 719 338 753 nomm
351 729 409 763 pro
424 730 460 754 re
473 721 608 764 domini]
630 721 835 756 custodien-

119 770 166 804 da
194 771 340 812 seilicet,
371 782 413 805 ac
443 773 695 807 conservanda.
741 774 834 808 Quo-

117 820 222 855 modo
250 821 342 855 infra
355 822 416 857 lib.
431 832 489 857 ιιι.
502 826 536 857 3.
556 824 567 842 ‘
581 824 654 857 Pro
682 825 757 858 vita
780 835 834 859 ro·

119 871 229 914 gant!
251 872 363 914 Salus.

159 926 181 957 7
205 924 414 969 Benignitas]
452 925 496 959 Id
523 931 590 968 est,
612 927 832 968 liberalitas3

1515 207 1603 250 405

887 312 968 345 vide
984 312 1133 355 plurima
1157 313 1203 346 de
1224 313 1291 346 hoc
1315 311 1484 346 vocabulo
1509 314 1601 355 apud

887 363 1045 396 Lambin.
1063 363 1107 396 ad
1126 364 1248 397 Horat.
1263 364 1334 397 Od.
1350 373 1376 397 1.
1393 367 1447 397 17.
1469 364 1602 397 Tereu-

888 414 958 448 tius
980 414 1149 458 Adelphis
1174 426 1209 449 v.
1232 419 1265 450 9.
1287 416 1392 458 dixit,
1415 417 1425 435 ‘
1443 416 1601 450 Subitam

889 465 1109 508 largitatem:
1131 471 1170 500 ut
1182 472 1281 501 notat
1294 467 1462 502 Axenius.
1617 486 1630 493 κ

932 520 953 550 8
981 517 1141 560 Vigilare]
1180 519 1307 552 Curam
1333 524 1371 552 et
1398 518 1602 552 sollicitudi-

888 577 967 600 nem
990 567 1146 602 denotat.
1171 569 1320 602 Plautus
1343 570 1378 602 in
1399 569 1494 604 Rud.
1517 569 1601 603 Act.

889 628 940 653 xv.
954 619 1012 652 Sc.
1028 622 1060 652 2.
1083 621 1093 639 ‘
1106 620 1262 663 Vigilare
1288 620 1393 654 decet
1414 620 1599 663 hominem,

887 671 947 714 qui
973 672 1049 705 vult
1069 681 1132 704 sua
1157 676 1316 715 tempore
1332 671 1508 706 conficere
1525 671 1600 705 offi-

888 722 966 756 cia!
979 722 1101 765 {Sanes-

932 773 1048 807 Fac-‘as
1062 773 1198 816 lucrum]
1220 774 1359 818 Nequid
1376 773 1472 808 furto
1486 775 1599 807 lucre—

889 824 948 858 ris.
994 824 1163 867 Optime3
1186 825 1236 858 ita
1258 826 1405 859 Plautus
1419 825 1547 859 iterum
1563 826 1598 860 in

889 877 1001 910 Mero.
1032 877 1200 919 Prologo:
1237 877 1415 910 ‘Vendidi
1445 887 1490 910 ex
1521 887 1598 911 sen-

888 928 1011 971 tentia,
1025 929 1161 962 lucrum
1176 928 1298 972 ingens
1313 927 1425 962 facio!
1448 928 1555 969 Senes.

599 1195 862 1240 FABULA
913 1197 1113 1242 XXIV.

154 1330 251 1370 Rana
278 1330 390 1374 rupea]
424 1330 551 1365 Horat.
578 1332 688 1381 serm.
720 1341 764 1366 ιι.
790 1335 827 1367 3.

112 1380 292 1416 Camerar.
307 1392 344 1425 p.
355 1385 433 1418 188.
454 1383 535 1425 Rig.

155 1435 175 1467 1
198 1433 297 1477 Inops
305 1435 483 1478 pou-tem]
514 1435 559 1469 Id
583 1435 694 1470 voluit
720 1435 828 1479 Syrus

111 1494 163 1518 vs.
177 1488 256 1520 ⁷⁴⁶.
277 1486 372 1520 ‘Ubi
396 1488 506 1531 coepit
528 1497 665 1531 pauper
680 1488 826 1522 divitem

110 1536 253 1580 imitari,
266 1538 386 1581 perit!
409 1540 492 1573 Neu.

154 1588 340 1633 Potentem]
364 1589 535 1624 Refertur
549 1590 593 1624 ad
609 1591 747 1625 divitias
761 1591 828 1625 hoc

110 1639 202 1681 loeo,
217 1643 258 1673 ut
284 1641 341 1674 vel
368 1642 544 1684 oppositio
568 1642 718 1676 indicat.
762 1643 823 1676 Sic

111 1691 299 1734 usurpavit·
313 1692 499 1726 Terentius
514 1694 672 1727 Eunuch.
688 1693 769 1727 Aet.
783 1702 826 1727 11.

110 1741 168 1776 Sc.
183 1745 219 1776 3.
238 1742 250 1761 ‘
261 1742 348 1777 Quis
362 1748 418 1777 est
432 1748 504 1777 tam
516 1749 642 1787 potens
657 1755 736 1778 cum
753 1749 831 1777 tan-

109 1797 147 1828 to
157 1803 302 1827 munere
314 1793 339 1827 ?'
374 1798 412 1828 et
423 1794 551 1830 Horat.
564 1794 636 1847 ⁰⁶:
649 1805 691 1828 ιι.
707 1798 760 1828 18.
771 1798 826 1828 13.

110 1847 122 1867 ‘
141 1847 221 1881 Nec
261 1851 443 1890 potentem
480 1849 634 1881 amicum»
658 1848 828 1891 Largiora

107 1896 253 1941 flagito)
276 1899 424 1932 Plautus
439 1899 549 1942 addit,
563 1907 661 1942 auro,
676 1899 710 1932 in
723 1899 826 1942 Epid.

108 1949 192 1984 Act.
204 1959 232 1983 1.
245 1950 303 1984 Sc.
318 1953 353 1984 2.
367 1953 378 1970 ‘
393 1951 460 1984 Est
473 1951 649 1985 Euboicus
660 1951 760 1984 miles
775 1952 824 1984 lo·

109 2001 242 2044 cupies,
255 2001 365 2035 multo
381 2011 466 2034 auro
482 2001 628 2044 potens!
649 2000 758 2041 Schef.

152 2053 175 2084 2
197 2051 239 2084 In
251 2054 346 2094 prato
370 2053 504 2094 quodam
523 2062 605 2085 rana
630 2063 738 2095 consp.
759 2051 826 2094 lvo-J

109 2101 278 2136 fiontius
291 2103 365 2137 Sat.
378 2102 438 2136 lib.
453 2112 496 2136 ιι.
512 2106 545 2137 3.
567 2105 577 2122 ‘
591 2102 760 2137 Absentis
772 2112 826 2136 ra·

108 2163 164 2186 nae
188 2153 292 2197 pullis
316 2153 418 2188 vituli
443 2154 535 2197 pede
557 2155 699 2198 pressis,
725 2156 824 2189 Unus

108 2204 170 2239 nbi
186 2203 327 2248 effugit,
339 2205 445 2239 matri
460 2205 637 2249 denarrat,
648 2211 687 2240 ut
703 2207 825 2249 ingens

108 2256 234 2291 Bellua
263 2261 437 2300 cognatos
464 2257 610 2291 eliserit.
670 2258 739 2292 Illa
770 2267 827 2291 ro·

107 2318 194 2351 gare
205 2320 234 2343 z»
250 2309 461 2345 Quantam?
497 2319 578 2343 num
600 2310 757 2352 tandem,
784 2320 821 2344 se

106 2358 245 2403 inflans,
273 2361 325 2394 rie
350 2370 475 2404 magna
498 2360 647 2396 fuisset?
703 2362 821 2406 Major

107 2410 265 2446 dimidio.
308 2412 402 2446 Num
418 2413 543 2446 tanto?
580 2413 696 2448 Quum
711 2413 822 2456 magis

107 2467 215 2507 atque
228 2464 275 2498 Se
290 2465 400 2508 magis
414 2463 576 2506 inflaret3
609 2466 706 2508 Non,
729 2466 760 2499 si
785 2470 821 2499 te

107 2515 257 2558 ruperis,
269 2515 394 2559 inquit,
407 2517 478 2549 Par
491 2516 586 2549 eris.'
611 2516 693 2558 Εἰς.

153 2567 316 2612 Quodn]
365 2568 489 2602 Scribe
518 2570 673 2611 quondam
682 2580 695 2609 ‚·
729 2569 823 2613 quod

109 2618 213 2653 etim
227 2619 393 2662 Ampliss.
408 2619 556 2653 Heinsio
579 2620 723 2663 placuit.
769 2622 825 2654 Li·

110 2669 216 2713 quido
232 2671 269 2704 id
285 2670 434 2718 affirmat
446 2671 633 2714 Martialis,
646 2671 707 2715 qui
722 2672 823 2705 Phae-

109 2719 166 2752 dri
178 2720 267 2754 haue
277 2720 440 2755 fabellam
453 2722 487 2755 in
501 2721 615 2755 auimo
624 2726 731 2766 atque
743 2732 822 2756 ocu-

110 2770 152 2803 lis
177 2770 313 2814 habuit,
336 2772 404 2816 Ep.
418 2773 477 2807 lib.
491 2782 528 2806 x.
545 2776 601 2807 79.
645 2774 656 2792 ‘
670 2773 823 2807 Grandis

111 2825 150 2855 ut
165 2822 326 2864 exiguam
341 2822 403 2857 bos
418 2834 536 2858 ranam
559 2829 703 2867 ruperat
729 2825 823 2867 olim,

881 1333 940 1368 Sic
957 1338 1043 1378 puto
1065 1335 1261 1378 Torquatus
1288 1336 1428 1376 rumpet
1450 1332 1597 1366 Otacili-

882 1386 965 1420 um.'
1003 1386 1096 1421 Quin
1111 1386 1179 1419 imo
1195 1385 1366 1418 Phaedrus
1379 1385 1507 1428 passim
1518 1394 1596 1417 nar-

882 1437 1096 1471 ratiunculas
1115 1447 1194 1471 suas
1216 1437 1342 1480 incipit
1368 1447 1389 1470 a
1412 1436 1596 1479 particulis

883 1489 1049 1532 temporis
1065 1488 1252 1531 indefiniti,
1265 1488 1340 1520 olim
1355 1493 1417 1520 aut
1427 1488 1594 1530 quondam.

880 1540 939 1573 Sic
967 1539 1039 1573 fab.
1064 1542 1098 1572 6.
1136 1541 1147 1558 ‘
1165 1540 1321 1572 Uxorem
1348 1538 1521 1581 quondam
1545 1537 1596 1569 sol

882 1600 988 1635 quum
1015 1590 1125 1623 vellet
1152 1589 1281 1623 ducere
1295 1589 1319 1622 ι’
1355 1593 1394 1623 et
1431 1587 1504 1621 fab.
1537 1591 1594 1621 20.

881 1645 891 1661 ‘
909 1642 1081 1685 Vulpinos
1110 1643 1247 1675 catulos
1270 1641 1398 1685 Aquila
1421 1640 1595 1683 quondam

881 1694 1023 1727 sustulit
1034 1693 1056 1727 :'
1078 1698 1116 1727 et
1128 1693 1188 1726 lib.
1204 1702 1263 1726 ιιι.
1279 1692 1351 1726 fab.
1363 1695 1395 1725 2.
1417 1693 1428 1711 ⁴
1444 1691 1597 1724 Panthe-

882 1755 922 1778 ra
947 1745 1149 1788 imprudens
1175 1745 1257 1778 olim
1279 1744 1316 1776 in
1340 1742 1477 1777 foveam
1503 1742 1596 1775 deci·

882 1796 937 1829 dit
947 1795 971 1829 :’
995 1801 1033 1829 et
1059 1795 1130 1830 fab.
1161 1799 1215 1830 17.
1252 1794 1364 1839 ejusd.
1392 1794 1452 1827 lib.
1476 1793 1595 1826 ‘Olim

881 1858 966 1893 quas
982 1848 1116 1882 vellent
1130 1858 1207 1881 esse
1230 1848 1266 1880 in
1290 1846 1404 1879 tutela
1419 1844 1502 1878 sua!
1547 1845 1595 1877 Et

880 1899 938 1934 lib.
953 1908 1005 1933 xv.
1029 1898 1100 1933 fab.
1118 1902 1173 1932 17.
1201 1899 1212 1918 ‘
1226 1899 1339 1932 Canes
1354 1898 1489 1939 legatos
1512 1895 1601 1929 olim-

878 1952 1004 1984 misere
1015 1951 1059 1984 ad
1074 1950 1224 1986 Jovem!
1267 1950 1337 1982 Sed
1350 1959 1428 1982 cum
1442 1948 1595 1981 Romuli-

877 2012 919 2035 us
933 2002 1006 2035 sive
1022 2001 1220 2035 Remiccius
1230 2001 1340 2043 legat,
1354 2000 1395 2032 In
1403 2003 1497 2041 prato
1511 2008 1594 2040 φαε-

878 2054 952 2086 dam
966 2052 1060 2085 Rana
1073 2052 1155 2084 vidit
1168 2054 1346 2094 pascentem
1361 2050 1468 2083 bovem
1476 2060 1489 2088 ,-
1506 2059 1595 2092 prae·

879 2103 989 2138 feram
1003 2103 1061 2136 hic
1077 2102 1163 2136 illud
1178 2103 1333 2144 quadam.
1373 2101 1468 2134 Gud.

923 2158 943 2188 3
970 2155 1082 2198 ssiu-ta]
1103 2153 1370 2196 Elegantissime
1397 2162 1476 2196 pro,
1501 2161 1594 2185 com-

879 2211 989 2248 mota,
1017 2206 1062 2239 de
1097 2204 1364 2248 perturbatione
1399 2204 1591 2238 subitanea.

879 2257 991 2291 Plane
1017 2255 1062 2290 ad
1089 2255 1239 2289 eundem
1264 2255 1405 2288 modum
1431 2256 1592 2289 Lucanus

876 2308 937 2343 lib.
952 2316 1005 2342 xx,
1048 2308 1098 2341 Et
1125 2306 1312 2340 Lucretius
1336 2306 1398 2339 lib.
1423 2316 1452 2340 1.
1483 2307 1494 2325 ‘
1514 2308 1593 2341 Nee

878 2359 1036 2403 tangitur
1049 2357 1126 2391 ira-²
1170 2357 1304 2390 Similia
1326 2362 1363 2390 et
1389 2357 1508 2391 Livius
1534 2358 1593 2390 ha-

875 2411 951 2444 bet.
980 2409 1090 2450 Schef.
1134 2409 1214 2442 vid.
1231 2409 1275 2442 ad
1291 2408 1397 2442 Ovid.
1410 2409 1499 2443 Met.
1511 2418 1593 2442 vm.

878 2465 955 2497 184.

921 2512 1066 2555 Invidia]
1099 2512 1212 2546 Sensu
1227 2510 1356 2552 activo,
1379 2520 1449 2554 quo
1465 2520 1591 2554 nempe

878 2565 939 2598 illa
954 2574 1031 2598 eam
1043 2563 1236 2596 invidebat.
1269 2561 1452 2596 Quomodo
1467 2563 1593 2596 Cicero

878 2616 995 2660 Epist.
1009 2616 1107 2649 Fam.
1124 2624 1150 2648 1.
1169 2618 1201 2647 1.
1225 2615 1235 2633 ‘
1249 2613 1440 2655 Religionis
1463 2614 1592 2646 calum-

876 2667 970 2701 niam
981 2665 1240 2706 malevolentia,
1251 2669 1288 2697 et
1303 2664 1396 2696 illius
1410 2664 1515 2706 regiae
1527 2665 1592 2697 lar-

877 2719 1017 2762 gitionis
1032 2718 1175 2759 invidia,
1189 2715 1418 2758 comprobat!
1447 2715 1553 2757 Schef.

920 2774 942 2805 4
965 2771 1071 2804 Natos
1094 2769 1182 2811 suos]
1215 2768 1275 2802 Sic
1301 2767 1360 2800 lib.
1388 2776 1430 2800 ιι.
1461 2766 1532 2802 fab.
1556 2772 1590 2801 4.

877 2824 887 2842 ‘
900 2822 1032 2865 Magno
1055 2821 1089 2853 in
1106 2820 1238 2862 periclo
1263 2822 1343 2852 sunt
1362 2818 1434 2852 nati
1453 2819 1525 2861 tui‚'
1555 2824 1590 2852 et
