1806 3236
314 210 515 242 PHAEnm
550 210 659 242 ΕΑΒ.
693 209 999 243 AESOPIARUM
1035 210 1133 243 1213.
1168 212 1240 243 111.
1275 213 1420 244 PROL.

182 309 205 338 ὖ
225 305 421 339 mum
433 307 471 338 ut
483 304 584 347 hm]
605 305 717 338 Vetus
734 305 851 339 Gloss.

140 355 153 375 ‘
166 354 264 395 Ῥοπὴ
276 354 328 388 &vl
339 355 432 398 δρας,
444 355 678 389 momentum!
704 356 784 398 Εἰς.

168 407 383 451 :fflnoess
408 407 459 440 Ut
482 407 655 450 ‘Tempus
668 406 783 440 officii'
801 407 852 440 di-

141 459 247 502 citur,
261 458 312 492 sic
327 463 366 492 et
376 458 388 478 ‘
400 459 499 492 Hora
511 458 615 492 officii
628 459 650 500 ς’
673 464 712 493 ut
726 460 736 477 ‘
747 460 850 493 Tem-

139 509 235 553 poris
255 510 491 551 momentum,’
514 511 565 543 sic
578 515 615 544 et
636 511 764 544 ‘Horae
778 521 851 544 mo-

138 561 327 602 numm?
353 566 458 605 atque
483 562 562 595 hinc
587 565 776 595 momentum
800 563 852 595 ho-

138 614 188 646 rae‘
218 612 325 656 officii,
364 613 542 646 minimum
582 614 750 656 temporis
790 614 852 647 ho-

137 667 234 698 rnv'e
255 668 437 707 punctum,
461 675 539 708 quae
559 666 655 707 hora,
679 666 737 698 vel
760 665 852 708 qnod

138 716 277 759 tempus
298 715 410 749 officio
432 722 487 750 est
515 717 739 750 destinatum.
773 717 853 750 Pae-

139 777 186 801 ne
211 767 255 801 ad
271 768 418 801 eundem
449 768 597 812 modum,
618 770 669 803 sic
695 773 736 802 ut
761 769 852 812 apud

140 819 245 853 Corn.
260 819 355 861 Nep.
371 819 446 855 zita
460 819 571 854 Attici
591 831 623 854 c.
639 824 673 854 3.
704 821 715 839 ‘
730 821 854 854 Domi-

139 870 257 904 cilium
287 871 380 904 orbis
407 875 577 905 terrarum
603 872 752 915 imperii’
771 873 855 915 legi-

136 929 223 954 mus.
271 921 397 954 Manet
427 925 542 954 tamen
565 922 729 956 Heinsius
743 923 855 966 officiis

137 971 228 1006 neit.
272 971 316 1004 Id
332 972 424 1015 quod
438 982 505 1006 nec
528 973 707 1007 Gronovio
732 974 854 1017 displi-

141 1031 224 1055 cere
249 1031 294 1056 ex
318 1023 427 1067 ipsiu·
451 1023 560 1057 literis
575 1025 744 1068 intelligo.
789 1026 853 1058 Fa-

139 1073 202 1106 ber
216 1074 261 1107 ad
276 1073 337 1107 lib.
349 1083 376 1108 1.
390 1077 446 1109 27.
471 1074 644 1119 disquirit,
660 1076 742 1119 quid
757 1077 853 1120 offici-

137 1125 193 1156 ιιιιὶ
205 1123 378 1166 significet
391 1124 458 1158 hoc
471 1125 562 1167 loco,
585 1135 626 1159 ac
653 1125 852 1160 concludit:

136 1175 148 1194 ⁴
161 1174 285 1208 Debet
297 1175 468 1218 explicari
477 1175 522 1209 de
530 1175 685 1210 officiosa
693 1176 853 1218 divitum,

137 1225 402 1268 magistr-tuum
427 1226 466 1259 et
481 1227 678 1270 principum
695 1227 853 1261 salutati-

137 1285 216 1318 one,
242 1276 327 1310 licet
353 1286 375 1310 a
394 1276 480 1311 viris
503 1277 617 1311 doctis
636 1279 738 1312 aliter
752 1279 854 1312 intel·

135 1327 292 1362 lectum-,⁹
333 1328 410 1370 Ego
445 1338 514 1362 non
544 1329 718 1364 existimo.
772 1330 852 1364 Nee

137 1380 229 1412 enim
249 1378 307 1413 hic
319 1379 497 1423 Eutychus
522 1379 550 1413 is
573 1380 680 1414 fuisse
700 1381 852 1424 videtur,

137 1429 240 1473 cuju
253 1430 394 1464 unicum
411 1430 563 1464 officium
577 1433 743 1465 salutare.
786 1431 851 1465 Ar-

137 1481 225 1524 guit,
249 1481 343 1524 qnod
369 1482 536 1525 sequitur,
565 1483 576 1501 ‘
592 1483 643 1515 Ut
668 1483 850 1517 adsuetam

137 1534 342 1568 remus
356 1535 579 1570 PRAESTES
594 1536 728 1570 vicem.’
745 1537 850 1580 Item,

137 1586 230 1631 quod
245 1591 301 1620 est
321 1585 391 1620 fine
415 1587 476 1620 lib.
501 1596 553 1621 ιν.
574 1588 635 1621 ubi
650 1588 723 1621 sine
741 1589 850 1622 dubio

139 1639 184 1673 ad
197 1639 290 1672 hunc
305 1639 413 1673 verba
425 1639 534 1673 facit:
563 1640 574 1659 ‘
586 1640 714 1683 Pareo,
726 1651 771 1674 ne
787 1641 851 1675 tibi

135 1688 258 1724 videas
289 1690 480 1733 molestior,
515 1692 714 1735 Destringit
748 1702 850 1736 quem

119 1741 325 1775 ,multarum
357 1751 473 1774 rerum
506 1742 679 1776 varietas!
725 1743 850 1787 Itaque

134 1793 272 1836 fficium
297 1791 343 1825 de
370 1802 514 1825 munere
538 1793 679 1835 publico
702 1794 851 1838 accipio,

135 1842 229 1887 quod
244 1843 440 1876 sustinebat
453 1841 599 1877 forsitan
615 1844 650 1877 in
663 1846 743 1878 aula
758 1846 850 1888 prin-

135 1893 261 1937 cipali,:
276 1893 418 1926 audiens
436 1895 702 1928 sollicitantium
717 1906 850 1939 preces,

135 1951 175 1981 ct
187 1947 232 1981 nd
246 1946 439 1989 principem
454 1946 628 1980 deferens.
671 1949 740 1981 Vix
757 1950 848 1982 enim

136 1997 240 2031 aliter
265 1997 480 2040 ‘Occuputae
509 1998 622 2031 aures’
649 2000 738 2042 ejus,
762 2010 849 2043 quas

137 2057 218 2081 mcx
235 2041 417 2090 memordit,
431 2054 576 2090 possunt
593 2050 753 2092 intelligi.
774 2051 848 2084 Sal·

137 2103 209 2131 tem
234 2098 299 2130 lice
325 2103 486 2140 apparet,
507 2099 542 2131 id
566 2094 716 2134 officium
731 2103 848 2135 nonin

137 2148 330 2190 salutando,
355 2149 447 2191 quod
471 2150 620 2192 putabat
645 2152 771 2195 Faber,
790 2163 849 2186 ve-

137 2209 214 2232 rum
229 2199 400 2232 audiendo
410 2198 519 2234 fuisse
530 2208 748 2245 occupatum.
784 2205 849 2239 At-

137 2258 204 2293 que
215 2249 346 2287 nescio.
362 2259 406 2282 an
421 2259 488 2283 non
504 2251 653 2285 Fabrum
682 2254 716 2286 in
732 2255 847 2288 diver-

136 2311 210 2334 sum
235 2300 383 2334 traxerit
405 2302 502 2335 locus
529 2303 642 2336 minus
658 2306 848 2349 diligenter

137 2353 326 2396 inspectus.
371 2353 469 2386 citat
491 2364 572 2388 sane
597 2356 658 2399 ibi,
680 2358 740 2390 ubi
762 2359 847 2401 dixi,

135 2413 205 2438 non
232 2405 329 2448 officii
355 2405 430 2446 mei,
459 2406 551 2448 quod
575 2407 702 2441 habent
730 2419 846 2444 omnes

134 2455 227 2498 libri,
240 2456 347 2488 etiam
358 2456 479 2498 ipsius,
494 2467 612 2491 verum
621 2459 690 2492 tui.-
706 2461 847 2494 Momm·

135 2510 204 2539 m
227 2509 265 2539 nt
293 2506 379 2539 hora
404 2510 516 2548 pereat
540 2509 635 2551 officii
649 2510 709 2542 tui.
731 2511 846 2545 Schef.

134 2558 448 2601 Leg'eqfficiiameis.
472 2558 594 2592 Heius.
618 2559 742 2595 Recte.
756 2562 847 2597 Plin.

135 2607 277 2650 praefat.
293 2608 304 2628 ‘
316 2609 484 2641 Homines
502 2610 593 2642 enim
608 2620 723 2645 sumus
739 2618 775 2645 et
789 2623 846 2647 oc·

136 2658 255 2701 capati
275 2657 427 2691 officiisz’
463 2664 500 2692 et
525 2661 614 2694 alter
643 2662 778 2696 Plinius
801 2664 846 2697 de

90 2734 101 2738 -
137 2707 320 2742 Avunculo
335 2719 396 2743 suo
412 2711 478 2753 Ep.
494 2711 555 2745 lib.
570 2721 627 2746 111.
639 2717 672 2747 5.
696 2714 756 2757 qui
773 2719 846 2748 tnn-

137 2762 211 2791 tum
225 2759 310 2801 legit
334 2764 372 2793 et
385 2762 537 2804 scripsit,
560 2767 600 2796 ut
620 2764 631 2782 ‘
644 2774 711 2798 nec
727 2765 763 2798 in
775 2765 848 2799 offi-

136 2809 214 2853 ciis,
232 2819 298 2844 nec
310 2810 346 2845 in
360 2811 513 2847 amicitia
526 2814 719 2859 principum
737 2815 846 2852 fuisse

1528 203 1616 246 469

903 304 1089 339 videntur!
1119 306 1219 340 Idem
1235 306 1295 340 lib.
1309 315 1363 341 xx.
1375 309 1428 340 15.
1441 307 1451 326 ‘
1465 307 1618 340 Distrin-

905 367 968 400 gor
979 357 1106 398 officio,
1116 358 1236 392 amicis
1247 358 1431 392 deservio!
1446 360 1498 392 Eo
1514 369 1619 393 sensu

903 410 978 443 haec
995 420 1063 443 vox
1089 410 1219 443 Ovidio
1235 415 1272 443 et
1291 410 1367 443 aliis
1391 409 1618 444 familiarissi-

903 470 982 494 ma:
1016 462 1070 494 Ex
1091 461 1196 494 Pont.
1212 471 1239 494 1.
1259 465 1291 495 6.
1316 463 1326 481 ⁶
1342 462 1420 495 Nec
1437 462 1619 506 quisquam

903 511 1047 544 meliore
1075 511 1143 544 fide
1163 513 1408 556 complectitur
1426 513 1513 555 ilias,
1539 514 1636 548 Qua.v

903 561 987 595 sinit
994 561 1145 596 officium
1153 564 1355 607 militiaeque
1364 565 1485 597 labor!
1498 565 1618 599 Burm.

946 616 968 646 6
994 614 1097 656 Tangi
1111 615 1191 658 tuis]
1220 615 1288 647 Ms.
1303 616 1411 656 tangit
1425 615 1486 649 vis.

946 667 967 696 7
993 665 1163 707 Occupatis
1175 666 1321 708 auribus]
1346 667 1444 709 Eleg.
1461 667 1496 700 in
1512 676 1620 710 oppo-

903 715 1029 749 sitione
1055 716 1100 749 ad
1126 718 1328 759 praecedens
1350 718 1504 761 manibus,
1525 718 1619 752 unde

903 766 988 799 illud
1015 767 1082 799 tuis
1107 767 1174 801 huc
1197 767 1402 801 trahendum
1423 773 1487 801 est.
1511 769 1619 809 Senes.

905 819 964 851 Sic
975 819 985 836 ‘
997 818 1151 852 Vacivae’
1181 823 1219 852 et
1243 819 1253 838 ‘
1266 819 1413 853 Feriatae
1428 823 1553 853 aures?
1574 821 1618 855 V.

904 869 1028 902 Munk.
1038 869 1081 902 ad
1094 870 1193 912 Fulg.
1208 870 1328 903 Princ.
1353 871 1471 905 Heius.

947 924 970 954 9
990 921 1115 965 Soluto]
1137 924 1206 955 Ms.
1222 923 1326 956 solito.
1357 923 1453 957 Gud.

947 972 1057 1006 Soluto
1069 974 1211 1016 pectore]
1248 976 1348 1007 Bono
1369 985 1470 1008 sensu
1487 985 1562 1018 pro,
1576 975 1618 1009 li-

903 1024 988 1057 bero
1002 1035 1022 1057 a
1035 1026 1139 1058 curis.
1176 1026 1359 1060 Quomodo
1372 1027 1496 1060 Cicero
1510 1027 1520 1046 ‘
1533 1027 1619 1060 Ani-

902 1085 960 1108 mo
975 1076 1089 1110 soluto
1110 1087 1152 1110 ec
1166 1077 1287 1110 libero’
1312 1077 1403 1111 dixit
1419 1078 1453 1111 in
1467 1079 1618 1112 Veri-ina

903 1136 930 1160 1.
952 1127 1060 1168 Schef.

948 1181 990 1212 10
1017 1180 1104 1213 Viles
1127 1181 1261 1224 noenias]
1284 1181 1342 1214 Sic
1369 1191 1434 1224 per
1457 1182 1619 1215 modesti-

903 1239 972 1271 am,
995 1235 1056 1263 aut
1081 1241 1253 1274 usurpans
1276 1232 1433 1274 cogitata
1453 1233 1617 1276 Eutychi,

900 1279 1034 1314 fabulas
1049 1282 1152 1316 hasce
1167 1293 1246 1316 sitas
1263 1282 1433 1316 Phaedrus
1447 1284 1617 1326 appellat.

903 1333 1034 1376 Naenia,
1049 1344 1201 1375 carmen,
1216 1344 1286 1378 quo
1304 1335 1500 1368 mulcentur
1516 1342 1616 1369 aures

901 1394 1100 1427 puerorum.
1139 1386 1265 1419 Horat.
1281 1387 1348 1428 Ep.
1365 1396 1390 1420 1.
1404 1390 1435 1420 1.
1453 1387 1463 1406 ‘
1479 1387 1617 1428 Roscia,

900 1435 970 1478 dic,
996 1436 1110 1479 sodes,
1133 1436 1255 1470 melior
1269 1438 1340 1480 lex,
1364 1447 1408 1469 an
1431 1447 1616 1479 puerorum

900 1491 955 1520 est
971 1487 1107 1530 Naenia,
1122 1498 1198 1532 quae
1214 1498 1359 1531 regnum
1375 1493 1473 1522 recte
1487 1488 1617 1522 facien-

900 1539 994 1572 tibus
1022 1539 1148 1574 offert?
1170 1541 1280 1581 Sches.
1324 1541 1441 1583 Lege:
1471 1541 1617 1582 Legosne

898 1591 1004 1632 potius
1032 1591 1133 1624 aniles
1158 1592 1289 1625 κωπίω.
1326 1592 1385 1624 Sic
1406 1592 1416 1610 ‘
1429 1590 1550 1624 Aniles
1566 1590 1616 1624 fa-

900 1640 1006 1674 buiae'
1025 1641 1196 1684 Apuleius
1229 1641 1379 1685 Apolog.
1417 1641 1615 1675 Et‘Aniiis

899 1691 1113 1733 superstitio’
1139 1692 1269 1726 Minut.
1291 1693 1366 1725 Fel.
1392 1692 1453 1724 ubi
1479 1703 1512 1725 v.
1542 1693 1615 1725 He·

901 1742 989 1776 rald.
1012 1747 1022 1761 ⁸
1035 1742 1158 1776 Aniles
1176 1742 1324 1776 fabellae'
1341 1743 1467 1776 Horat.
1481 1744 1555 1778 Sat.
1570 1753 1613 1779 11.
1670 1756 1672 1758 ’

899 1796 934 1826 6.
963 1796 1019 1826 77.
1045 1798 1083 1826 et
1106 1794 1253 1828 Quintil.
1274 1803 1301 1826 1.
1325 1796 1358 1827 8.
1385 1798 1423 1828 et
1444 1794 1496 1827 sic
1519 1795 1613 1837 apud

899 1844 1008 1878 Mart.
1033 1845 1166 1887 capell.
1187 1844 1250 1877 sub
1275 1843 1380 1877 finem
1406 1855 1470 1887 pro
1490 1846 1502 1864 ⁴
1516 1845 1614 1878 Seni-

899 1895 968 1928 lem
982 1895 1159 1935 fabulam:
1175 1895 1359 1938 legendnm
1375 1895 1514 1929 Anilem.
1556 1897 1614 1930 De

900 1946 1022 1979 naeniis
1042 1957 1074 1978 v.
1091 1947 1274 1979 Muncker.
1291 1947 1335 1979 ad
1347 1947 1506 1989 Fulgent.
1533 1949 1614 1990 My-

900 1997 984 2030 thol.
999 1996 1146 2039 princip.
1170 1997 1285 2030 Heius.

944 2050 983 2080 11
1010 2048 1072 2080 Rei
1082 2048 1274 2091 domesticae]
1303 2049 1400 2088 Vult,
1416 2047 1546 2082 frustra
1560 2050 1612 2082 di-

900 2108 980 2131 cere
994 2097 1098 2130 ferias
1117 2099 1326 2140 Eutychum,
1342 2100 1472 2142 quippe
1487 2101 1612 2143 quibus

900 2148 1035 2191 quidvis
1052 2149 1164 2190 potius
1178 2149 1223 2181 sit
1242 2154 1396 2191 acturus,
1419 2160 1520 2193 quam
1542 2153 1611 2186 iec-

899 2203 998 2232 turus
1012 2198 1160 2232 fabulas.
1183 2200 1292 2240 Schef.

943 2253 985 2284 12
1012 2251 1116 2283 Uxori
1148 2252 1252 2293 vaces]
1299 2252 1378 2285 Hoc
1415 2253 1512 2286 aiunt
1545 2254 1610 2288 viri

899 2302 995 2337 docti
1017 2303 1225 2346 significare,
1243 2305 1334 2347 quod
1351 2306 1442 2348 apud
1461 2308 1612 2340 Petroni-

898 2365 964 2395 um,
986 2356 996 2373 ‘
1013 2354 1181 2396 Nuptiale
1195 2354 1344 2388 officium
1356 2355 1377 2396 ;’
1405 2358 1497 2399 apud
1515 2358 1610 2391 Mar-

898 2405 1042 2447 tianum,
1074 2406 1247 2438 ‘vacatio
1283 2408 1485 2448 maritali83’
1515 2410 1607 2451 apud

898 2456 1043 2489 Fabium
1070 2457 1230 2489 Declam.
1255 2460 1332 2490 291.
1354 2459 1363 2476 ‘
1381 2459 1466 2491 Rem
1490 2458 1608 2494 facere

899 2507 979 2541 boni
1006 2508 1147 2541 mariti!
1192 2509 1267 2550 Ego
1291 2519 1358 2541 non
1379 2510 1514 2552 opinor.
1551 2511 1608 2545 An

897 2558 989 2591 enim
1025 2559 1167 2592 honeste
1198 2561 1283 2592 satis
1323 2561 1455 2594 Noster
1481 2562 1532 2594 ita
1561 2564 1606 2596 ad

896 2610 1091 2653 Eutychum
1116 2609 1209 2643 foret
1234 2611 1392 2643 locutus?
1437 2612 1485 2645 Et
1500 2613 1607 2655 quid?

896 2671 978 2694 num
1007 2662 1064 2694 hic
1096 2672 1181 2704 opus
1211 2668 1286 2695 erat
1316 2661 1436 2694 feriis?
1480 2664 1607 2708 Itaque

895 2713 990 2745 uxori
1026 2723 1139 2745 vacare
1174 2714 1239 2746 hoc
1278 2715 1352 2747 loco
1378 2714 1510 2757 accipio
1532 2727 1607 2760 pro,

894 2762 1044 2798 fabulari
1074 2773 1152 2797 cum
1188 2774 1311 2807 uxore,
1331 2765 1421 2798 seria
1448 2771 1486 2799 et
1506 2766 1607 2809 jonos

893 2815 1053 2859 miscere,
1077 2824 1193 2860 agere,
1208 2825 1284 2859 quae
1304 2825 1442 2861 quoquo
1456 2817 1558 2852 modo
1573 2818 1607 2852 ei
