1806 3236
276 201 362 243 192
565 212 764 244 PHAEDRI
797 212 1110 246 FABULARUM
1144 212 1445 247 AEsomARUM

277 306 519 350 Consilium
537 308 673 351 tacito
694 308 825 350 corde
844 309 1051 352 damnavi
1071 324 1214 352 meum.

278 374 400 417 Nam
414 376 453 417 si
474 375 575 430 quis
595 375 696 417 talis
713 376 844 418 etiam
864 380 931 418 est
946 377 1065 419 tituli
1080 384 1283 433 appetens,

277 505 467 548 argumenti,
480 505 642 548 repudiavi
656 506 751 539 tacite
764 516 863 539 meum
877 506 1048 540 consilium.
1071 507 1158 540 Nam
1167 508 1195 540 si
1210 508 1280 551 quis
1293 510 1402 541 auctor
1417 507 1492 541 talis
1499 507 1601 550 operis
1613 514 1738 554 surgat,

886 603 1123 616 OOOOOOOODOOO

277 676 358 700 cere
373 666 504 708 studet,
519 668 683 700 terminum
697 668 808 702 habere
821 669 981 702 Latinum
997 680 1087 711 esse,
1112 668 1204 713 quod
1226 679 1296 703 non
1311 679 1353 703 ne
1378 679 1419 709 ος
1445 673 1482 703 at
1496 679 1563 702 non
1578 679 1620 702 ea
1633 669 1736 712 signi-

274 709 446 752 ficatione,
472 720 539 753 qua
567 711 623 743 hic
648 712 788 752 legitur,
817 721 896 753 pro,
922 712 1036 755 finire,
1063 713 1167 745 finem
1181 712 1311 745 facere.
1376 722 1398 744 n
1412 713 1579 755 exemplis
1593 713 1698 755 enim,
1713 724 1734 746 a

277 753 352 785 viro
375 752 476 785 docto
507 753 676 796 adductis,
705 758 744 785 ut
771 753 875 787 Ovid.
890 755 983 788 Fast.
999 765 1024 787 ι.
1045 756 1109 788 ult.
1134 756 1229 788 Fast.
1251 764 1288 789 v,
1310 758 1387 788 602.
1414 756 1500 796 aliis,
1527 756 1732 789 ‘terminum

274 795 422 827 habere'
446 799 511 835 est,
540 796 639 828 finiri.
683 795 765 828 Alia
781 806 834 829 res
851 801 956 839 esset,
979 798 1007 831 si
1022 797 1190 831 Phaedrus
1206 798 1413 840 scripsisset,
1437 807 1512 840 opus
1536 798 1648 832 habere
1670 802 1732 831 ter-

274 838 403 870 minum.
447 838 531 871 Ant.
546 839 702 872 AEmilius
717 839 752 871 in
767 849 826 872 ora
841 841 980 874 Codicis
995 845 1191 882 notaverat,
1210 842 1289 873 Cum
1313 842 1516 875 destinassem
1528 840 1640 874 habere
1651 841 1732 878 bunc

276 881 379 922 operis
393 883 569 913 terminum.
586 892 618 914 v.
629 883 749 914 Burm.
766 882 958 916 Nonnullos
965 883 1076 924 facere
1090 884 1257 916 terminum
1271 884 1404 926 legere,
1417 887 1590 917 testantur
1601 882 1734 918 Waleh.

274 928 311 956 et
325 923 529 966 Hoogstrat.
545 925 635 967 quod
649 924 862 968 praeferrem,
876 926 940 958 nisi
962 930 1110 959 metrum
1131 931 1321 968 respueret.
1344 927 1560 959 Burmannus
1572 926 1731 970 miratur,

274 967 444 999 neminem
462 968 645 1009 reperisse,
661 970 826 1001 terminum
840 971 927 1010 operi
949 979 1073 1011 ponere.
1115 969 1263 1013 [Possit,
1286 969 1315 1002 si
1346 970 1421 1012 quis
1446 970 1556 1010 malit,
1579 969 1650 1003 ita:
1672 972 1734 1004 ter.

274 1020 374 1042 meum
389 1010 501 1043 habere
515 1020 599 1052 opus.
622 1010 832 1052 Anton.]-3
854 1013 975 1046 Meum.
997 1012 1086 1045 Haec
1101 1022 1167 1044 vox
1184 1012 1282 1045 deest
1304 1012 1341 1044 in
1365 1012 1462 1045 libris
1479 1011 1632 1055 scriptis,
1651 1021 1735 1045 nec·

276 1053 390 1084 nonin
402 1053 512 1086 Editt.
522 1054 616 1086 Pith.
629 1054 839 1086 Rittershus.
855 1060 891 1087 et
901 1055 1074 1088 Neveleti.
1106 1055 1257 1087 Eandem
1270 1056 1555 1097 excogitaverunt
1563 1054 1734 1097 Pithoens,

276 1095 480 1128 Rittershus.
504 1100 541 1128 et
556 1097 741 1129 Salmasius
755 1097 798 1128 ad
813 1107 907 1130 oram
924 1098 1014 1130 libri.
1058 1098 1103 1130 V.
1119 1098 1217 1130 Brot.
1233 1099 1310 1131 coll.
1335 1098 1457 1131 Barth.
1471 1098 1632 1140 Ablegm.
1645 1098 1734 1132 crit.

272 1137 334 1171 lib.
347 1148 388 1170 11.
403 1141 456 1171 23.
472 1143 509 1171 et
526 1139 610 1172 Not.
625 1140 717 1172 Gud.
733 1140 886 1173 Gronov.
903 1145 941 1173 et
954 1141 1072 1173 Burm.
1085 1141 1177 1183 prius
1190 1141 1387 1182 conjiciunt.
1420 1141 1598 1174 Bentleins
1610 1140 1733 1183 mim,

274 1180 365 1223 quod
381 1181 580 1214 Burmanno
595 1192 663 1214 non
679 1188 733 1214 est
747 1183 963 1224 verosimile3
986 1193 1054 1216 non
1069 1183 1159 1216 enim
1175 1183 1313 1225 probari
1330 1187 1460 1225 potest,
1476 1193 1544 1216 non
1563 1183 1733 1216 interces-

272 1224 357 1256 sisse
373 1224 587 1256 intervallum
603 1225 741 1267 aliquod
765 1230 950 1268 antequam
971 1230 1124 1259 mutaret
1152 1226 1382 1266 sententiam3
1403 1226 1525 1258 melius
1551 1229 1731 1268 postquam

266 1266 341 1307 jam
359 1266 576 1308 destinasset,
595 1273 742 1300 mutasse
757 1268 902 1301 deberet
917 1268 1025 1301 credi.
1047 1269 1164 1311 [meum
1177 1269 1293 1301 malim
1309 1278 1408 1310 qnam
1429 1269 1520 1311 prius
1539 1269 1594 1301 vel
1608 1268 1730 1301 sentim.

271 1308 483 1350 Anton.]—4
508 1310 605 1343 Tituli
619 1314 776 1352 appetens.
820 1311 932 1343 Locus
947 1311 1151 1344 mendosus!
1198 1311 1241 1343 In
1255 1312 1342 1343 Mss.
1357 1311 1452 1344 Pith.
1467 1311 1565 1344 Rem.
1580 1311 1729 1353 legitur:

273 1352 360 1383 Nam
373 1354 402 1384 si
416 1353 485 1394 quis
498 1354 572 1385 talis
585 1354 681 1385 etiam
696 1357 743 1386 est
756 1353 878 1387 tituli...
893 1354 961 1386 Sed
977 1363 1053 1387 cum
1070 1363 1187 1386 versus
1202 1354 1249 1386 ita
1265 1358 1358 1386 esset
1370 1353 1489 1386 ultimo
1504 1353 1594 1396 pede
1608 1354 1731 1395 minor,

271 1394 479 1428 Freinshem.
492 1395 692 1428 emendavit
706 1396 795 1429 tituli
808 1399 963 1439 appetens.
1008 1397 1065 1430 Sic
1082 1401 1119 1429 et
1134 1395 1218 1429 Ant.
1231 1395 1386 1428 AEmilius
1399 1397 1435 1428 in
1458 1405 1519 1429 ora
1533 1396 1661 1429 codicis
1676 1397 1730 1430 sui

270 1437 467 1479 castigavit,
479 1442 568 1471 teste
583 1439 801 1479 Burmanno;
824 1449 901 1482 quae
915 1439 1019 1472 lectio
1034 1439 1150 1472 multis
1172 1443 1268 1472 recte
1284 1439 1425 1481 placuit,
1454 1443 1597 1482 recepta
1612 1449 1633 1471 a
1646 1439 1730 1472 1<oe-

271 1480 369 1521 bero,
381 1481 557 1523 Richtero,
588 1481 733 1514 Desbill.
749 1482 836 1514 aliis.
881 1482 1019 1514 Etenim
1034 1486 1087 1514 est
1111 1481 1155 1514 ad
1171 1491 1305 1514 sensnm
1319 1486 1416 1524 apta,
1439 1481 1551 1514 eidem
1575 1491 1618 1515 ne
1632 1480 1731 1516 favet

270 1523 346 1555 Liv.
361 1526 480 1556 1v.34.
503 1525 512 1542 ‘
526 1524 657 1556 navalis
671 1524 826 1556 victoriae
850 1534 975 1557 vanum
1001 1525 1141 1557 titulum
1167 1523 1394 1566 appetivere!
1426 1524 1483 1556 oui
1508 1523 1552 1556 ad
1578 1533 1598 1557 e
1621 1523 1728 1558 Ovid.

270 1564 349 1598 Art.
368 1574 395 1598 1.
410 1569 485 1599 692.
530 1566 701 1599 Permulti
729 1576 811 1599 vero
840 1576 916 1600 cnm
943 1567 1095 1610 Rigaltio
1118 1568 1236 1608 legere
1251 1567 1456 1606 maluerant,
1478 1566 1568 1599 tit-10·
1595 1567 1731 1610 ‹ss-tifex,

270 1608 362 1651 quod
379 1618 444 1641 non
459 1608 564 1642 habet
579 1618 715 1643 sensum
727 1610 958 1651 commodum,
978 1620 1057 1643 cum
1082 1609 1133 1643 sic
1159 1610 1271 1642 titulus
1285 1609 1489 1652 capiendum
1504 1609 1552 1642 sit
1577 1619 1653 1652 pro,
1678 1610 1730 1643 in·

269 1652 1062 1734 353¹.{‡E.⁰¹¹fi·.0.v·13333¹2³¹¹3111E533212.‡{².-¹22⁰’
1071 1657 1216 1738 qssssaesse‘
1225 1653 1425 1728 &mmm
1439 1651 1580 1727 33³⁸?
1595 1652 1729 1728 ”Emi—¹·

270 1737 423 1770 Gronov.
441 1742 476 1769 et
490 1738 607 1770 Ursin.
623 1718 774 1770 mallent,
782 1738 869 1769 tituli
883 1740 1005 1778 avidus,
1029 1738 1052 1771 i.
1069 1748 1100 1771 e.
1117 1738 1273 1780 ejusdem
1288 1738 1414 1779 laudis,
1428 1747 1553 1779 nempe
1568 1746 1588 1770 e
1601 1736 1728 1771 fabulis

267 1779 468 1829 scribendis,
482 1780 647 1821 cupidus:
661 1790 741 1830 51¹¹ae
759 1780 864 1812 lectio
871 1790 947 1831 ‘nou
959 1781 1121 1822 displicet
1136 1780 1327 1823 Ouvering.
1342 1785 1380 1813 et
1391 1781 1490 1813 Brot.
1512 1781 1728 1831 Burmannus

268 1821 1727 1907 ffiss.5?102¹¹f{;²22‘¹.¹25.5ffl55..2⁸5‚¹:³5¹§mma„ffliffgssszzsffimmffssaeffmsss

268 1908 432 1940 observat
446 1909 632 1942 Burmann.
647 1912 833 1951 suppetere
850 1909 988 1950 quidem
1003 1909 1176 1950 exempla,
1198 1908 1322 1951 quibus
1336 1908 1471 1949 diligens
1483 1907 1575 1949 areis,
1587 1911 1625 1941 et
1637 1908 1727 1940 simi·

268 1951 520 1992 lium,dicatur,
557 1961 608 1983 uae
623 1951 775 1994 quotidie
791 1950 866 1994 quis
879 1951 1064 1993 diligenter
1078 1957 1235 1992 exercet,
1249 1954 1289 1984 ut
1303 1953 1313 1969 ‘
1327 1950 1474 1993 diligens
1490 1950 1705 1994 antiquitatis
1716 1950 1727 1967 '

269 1994 361 2036 apud
376 1995 455 2027 Son.
473 1995 519 2027 N.
532 1961 578 2027 ὃ
594 2003 644 2026 vr.
663 1997 714 2026 12.
737 1994 797 2026 sed
825 1993 995 2036 quomodo
1020 1994 1095 2036 quis
1119 1994 1229 2036 possit
1257 1992 1396 2026 titulum
1419 1992 1604 2034 diligenter
1628 2002 1726 2026 exer·

269 2046 359 2078 cere,
370 2041 429 2069 aut
443 2046 597 2078 versare,
610 2046 678 2069 non
695 2035 815 2076 videt;
837 2035 901 2068 nisi
917 2036 1008 2069 forte
1033 2037 1122 2069 tituli
1135 2037 1271 2077 diligens
1285 2036 1413 2068 debeat
1437 2035 1523 2068 sumi
1546 2044 1622 2086 pro,
1645 2035 1725 2068 dili-

268 2089 351 2121 gens
367 2080 518 2121 titulum,
540 2084 580 2111 ut
601 2080 856 2122 ‘praemetuens
880 2079 951 2112 doli
964 2079 974 2094 '
997 2079 1057 2112 lib.
1072 2089 1098 2112 1.
1125 2078 1197 2112 fab.
1211 2082 1266 2111 16.
1291 2083 1328 2111 et
1342 2078 1475 2111 similia.
1520 2077 1630 2111 swani
1651 2078 1723 2111 diei-

266 2131 356 2164 genc,
371 2122 462 2165 quod
478 2122 612 2155 Gndins
635 2132 700 2164 per
724 2122 842 2164 longas
866 2122 1023 2165 ambages
1052 2122 1289 2155 circumducta
1312 2121 1513 2165 conjectura
1538 2125 1575 2154 et
1602 2118 1724 2164 contre

268 2166 406 2198 Codicis
421 2166 662 2198 auctoritatem
689 2166 840 2206 reponit,
866 2166 1065 2198 Burmanno
1094 2165 1287 2207 languidius
1313 2168 1351 2196 et
1373 2164 1485 2196 minus
1514 2164 1654 2205 elegans
1678 2164 1727 2197 vi·

268 2207 384 2240 detur.
428 2209 553 2251 Neque
568 2208 694 2249 credit,
708 2208 737 2239 si
751 2208 850 2240 studii
862 2208 1058 2250 scripsisset
1074 2207 1257 2248 Phaedrus,
1284 2206 1385 2239 facile
1406 2206 1544 2239 librario
1566 2206 1602 2238 in
1629 2216 1726 2240 meu-

267 2254 339 2282 tem
355 2251 502 2291 venisse,
531 2250 619 2283 tituta·
632 2260 838 2292 supponere,
853 2254 913 2283 aut
928 2251 1120 2292 glossatori,
1145 2250 1196 2283 ita
1210 2250 1400 2292 explicare.
1445 2249 1593 2282 Strenue
1606 2252 1723 2282 tamen

266 2293 451 2326 lectionem
467 2293 571 2325 Gudii
587 2298 728 2326 tuentur
742 2293 786 2325 de
802 2293 973 2326 Sebiraeh.
1001 2297 1038 2326 et
1064 2293 1192 2325 Leonh.
1211 2302 1314 2335 quam
1329 2291 1506 2334 Bipontini
1531 2296 1568 2325 et
1595 2291 1723 2326 Jakob.

268 2339 476 2378 receperunt
491 2336 525 2368 in
541 2340 687 2369 textum.
730 2336 904 2369 Walchius
919 2335 1026 2377 legit:
1053 2336 1139 2368 Nam
1152 2336 1181 2368 si
1195 2337 1263 2377 quis
1276 2335 1351 2368 talis
1364 2335 1460 2367 mam
1473 2337 1555 2367 aaut
1574 2334 1652 2376 ayn
1671 2335 1720 2367 di-

268 2378 380 2419 ligens,
395 2388 516 2411 vocem
532 2379 630 2419 tituli,
646 2388 723 2421 quae
749 2382 802 2411 est
826 2379 861 2411 in
886 2379 970 2411 Mss.
995 2379 1166 2420 rejiciens,
1191 2388 1294 2420 quam
1319 2377 1568 2420 conjecturam,
1590 2382 1630 2409 ut
1650 2377 1722 2411 vio-

266 2421 397 2454 lentam
411 2425 449 2454 et
462 2424 573 2454 metro
587 2426 848 2463 repugnantem,
872 2422 991 2463 rejicit
1017 2422 1241 2454 Heumannus
1266 2422 1302 2453 in
1325 2421 1373 2453 N.
1384 2421 1428 2453 B.
1451 2420 1493 2452 P.
1507 2421 1563 2453 2‘1.
1614 2442 1623 2452 .
1639 2422 1715 2453 611.

268 2464 433 2498 Johnson.
458 2465 544 2496 Nam
557 2464 587 2495 si
598 2464 669 2506 quis
689 2464 763 2496 eatis
777 2464 873 2496 etiam
886 2464 1015 2496 studioli
1028 2467 1074 2497 est
1086 2473 1206 2503 amans,
1231 2463 1292 2496 sed
1303 2473 1373 2496 non
1388 2462 1516 2504 docuit,
1528 2469 1575 2494 un
1598 2471 1621 2494 e
1633 2461 1722 2495 hanc

268 2516 402 2550 vocem,
419 2507 517 2554 Latio
531 2506 756 2549 incognitam,
772 2506 1009 2549 depromserit.
1053 2507 1170 2540 Bentl.
1186 2506 1273 2539 Nam
1287 2506 1317 2539 si
1334 2505 1404 2549 quis
1427 2505 1502 2538 talis
1523 2506 1619 2538 etiam
1631 2506 1722 2538 tituli

924 2613 1064 2649 NOTAE

308 2700 330 2729 4
354 2696 453 2729 Tituli
462 2668 646 2739 appetens]
668 2694 819 2739 [artifex]
841 2693 878 2727 Si
893 2693 966 2737 quis
1020 2693 1235 2727 desideratur
1254 2694 1287 2726 in
1304 2691 1505 2737 quibusdam
1520 2691 1721 2734 exemplari-

264 2747 351 2780 velit
374 2747 525 2780 scribere
540 2746 686 2789 fabulas,
709 2751 745 2779 et
769 2744 854 2778 illud
880 2754 965 2786 opus
1018 2744 1091 2777 bus.
1134 2744 1214 2776 Fuit
1236 2754 1317 2776 vero
1335 2743 1493 2776 restituta
1516 2743 1550 2775 in
1565 2742 1719 2776 editione

264 2797 327 2829 tali
342 2797 445 2831 titulo
465 2797 640 2840 insignire.
684 2797 762 2829 Vox
775 2795 834 2828 illa
847 2794 966 2834 art'ffex
1018 2793 1171 2835 Phaedri,
1184 2803 1286 2836 quam
1301 2793 1435 2837 curavit
1450 2794 1618 2827 Pithoeus.
