1806 3236
688 247 839 280 mssa
874 249 917 279 v.
952 248 1062 281 sss.
1094 240 1135 281 5.
1562 239 1646 282 261

166 342 250 386 Ille
269 342 318 386 in
335 343 480 386 sinum
500 345 680 398 repente
699 342 878 386 demisit
898 348 1053 400 caput,

164 410 224 454 Et
242 411 310 454 sic
330 411 516 467 porcelli
536 424 696 454 vocem
713 417 784 454 est
804 412 1005 456 imitatus
1026 426 1124 465 sua,

163 477 330 522 Verum
349 484 399 524 ut
418 481 604 523 subesse
622 480 761 536 pallio
779 476 1107 533 contenderent,

161 546 229 591 Et.
242 548 400 592 excuti
412 549 635 605 juberent.
695 548 803 601 Quo
823 550 960 603 sacto,
981 550 1112 592 simul

166 613 294 658 Nihil
313 619 384 660 est
401 620 639 672 repertum,
659 617 809 661 multis
828 622 1012 661 onerant
1029 617 1256 671 laudibuS,
1586 619 1644 662 20

162 683 496 741 Hominemque
511 685 676 740 plausu
694 690 1019 741 prosequuntur
1037 685 1255 729 maximo.
1614 678 1618 681 ’

161 752 270 797 Ηοο
293 753 405 797 vidit
422 753 521 796 fieri
539 753 776 796 Rusticus.
836 753 945 796 Non
960 753 1210 796 mehercule

161 822 242 865 Me
261 822 429 873 vincet,
449 822 616 877 inquit:
646 826 693 864 et
713 822 865 864 statim
885 822 1115 877 professus
1136 826 1221 873 est,

159 889 288 933 Idem
306 890 525 933 facturum
544 890 705 933 melius
725 903 775 933 se
795 890 1031 946 postridie.

160 958 234 1002 Fit
250 959 386 1002 turba
403 957 562 1015 major.
620 958 651 1001 J
654 971 726 1001 am
745 957 877 1002 favor
891 964 1061 1002 mentes
1082 962 1216 1011 tenet,
1581 962 1640 1005 25

158 1025 220 1070 Et
239 1026 445 1080 derisuri,
465 1040 556 1070 non
573 1026 836 1082 spectaturi,
856 1026 1029 1070 sedent.

153 1167 260 1202 presso
274 1159 379 1201 capite
392 1158 426 1192 in
439 1158 545 1192 dnum
557 1158 720 1192 simulavit
730 1161 808 1192 adeo
822 1160 970 1203 genuine
984 1160 1176 1201 grunnitum
1186 1159 1278 1203 porci
1291 1171 1350 1194 sua
1365 1170 1463 1203 voce,
1478 1165 1515 1194 ut
1530 1163 1637 1196 crede-

152 1205 225 1235 rent
239 1211 347 1235 oerum
358 1202 550 1244 porcellum
564 1204 663 1235 latere
676 1203 733 1236 sub
747 1207 837 1245 toga,
851 1207 883 1236 et
897 1204 1085 1246 impet-erint
1100 1204 1230 1237 excuti:
1253 1215 1313 1246 qao
1328 1209 1466 1246 peracto,
1478 1208 1515 1238 ut
1527 1205 1637 1238 inven-

153 1248 223 1279 tum
236 1248 283 1279 est
297 1245 390 1287 aihu,
413 1245 510 1279 illurn
521 1246 684 1279 cumulant
695 1247 844 1288 plurimis
858 1247 1015 1288 laudibus,
1038 1250 1071 1280 et
1085 1248 1249 1289 excipiunt
1263 1248 1389 1289 magnis
1403 1249 1638 1282 acclamationi-

153 1288 221 1322 buc.
236 1292 240 1295 ’
265 1288 416 1331 Agrestis
428 1289 537 1322 videns
550 1289 685 1333 idfieri,
699 1291 878 1323 exclamat:
905 1291 999 1324 Certe
1013 1301 1075 1324 non
1089 1301 1138 1325 me
1152 1291 1311 1334 superabit
1322 1302 1335 1329 ,·
1358 1295 1391 1324 et
1404 1292 1549 1324 continuo
1562 1302 1637 1335 pro-

154 1331 245 1366 misit
267 1342 303 1366 se
325 1331 526 1366 imitaturum
544 1333 701 1375 postridie
722 1334 859 1366 similias
881 1344 986 1367 vocem
1010 1335 1109 1377 porci.
1152 1335 1345 1367 Accurritur
1358 1335 1472 1375 maiori
1486 1346 1613 1368 numero
1624 1345 1639 1375 ‚-

149 1375 220 1417 jans
230 1376 330 1417 sanor
350 1382 480 1420 occupat
502 1376 635 1420 animos,
661 1380 694 1410 et
715 1387 838 1420 venere,
864 1388 927 1411 noa
948 1378 1001 1421 qui
1021 1374 1214 1422 spectarent,
1229 1377 1291 1412 sed
1305 1378 1488 1413 irriderent.
1534 1379 1636 1413 Ambo

771 1464 1010 1478 OOO‘OOOOOOOO

153 1518 240 1553 Per.
252 1522 502 1557 moneam—16
523 1520 615 1556 Nev.
639 1520 865 1555 dimisit.—-l⁷
888 1522 947 1555 Ita
969 1522 1064 1556 edidi
1079 1532 1099 1555 e
1127 1522 1214 1555 Mss.
1237 1521 1330 1555 Pith.
1353 1521 1455 1555 Rem.
1478 1526 1515 1555 et
1536 1521 1633 1555 Edit.

151 1562 236 1596 Vet.
251 1562 323 1596 ΜΒ.
339 1563 422 1596 Per.
436 1563 562 1597 habet:
588 1564 635 1596 Et
644 1564 691 1597 sic
700 1566 872 1607 porcellum
884 1576 958 1598 voce
971 1566 1117 1598 imitatus
1131 1569 1176 1598 est
1191 1575 1258 1598 sua.
1302 1565 1367 1597 Cui
1382 1565 1539 1598 obsecuti
1554 1570 1636 1598 sunt

151 1605 280 1640 swod.
295 1609 333 1639 et
347 1605 502 1648 Philipp.
517 1607 689 1648 Heusing.
706 1609 846 1642 mallet:
871 1609 917 1641 Et
931 1610 978 1641 sic
989 1609 1120 1651 porcelli
1134 1619 1239 1641 vocem
1252 1608 1399 1641 imitatus
1414 1612 1461 1641 est
1474 1611 1632 1642 snm—18

151 1647 277 1687 Heius.
292 1648 434 1685 Ver-ron.
466 1649 537 1682 Sed
553 1650 603 1683 nil
621 1652 836 1684 mutandum.
871 1652 926 1685 Cf.
943 1663 992 1686 vs.
1007 1655 1062 1685 32.
1084 1657 1121 1685 et
1131 1652 1341 1685 Burm.—-20
1362 1652 1522 1685 Lancibus
1537 1652 1632 1686 Gud.

151 1697 191 1726 et
212 1691 336 1727 Heius.
359 1693 442 1736 quia
465 1693 624 1727 novitate
650 1704 714 1727 sua
742 1695 919 1738 placebat,
946 1696 1168 1738 arripuerunt
1194 1706 1215 1729 e
1238 1695 1324 1728 Cod.
1352 1696 1449 1728 Pith.
1472 1699 1510 1728 et
1533 1696 1632 1729 Rem.

149 1735 321 1776 Statnnnt
348 1735 454 1777 enim,
479 1736 615 1770 misisse
638 1747 782 1771 munera
809 1739 988 1773 esculenta
1017 1743 1233 1781 spectatores
1259 1739 1295 1772 in
1325 1739 1483 1771 lancibus
1520 1740 1633 1772 actori

149 1777 310 1813 ludorum
338 1784 401 1813 ant
421 1779 618 1821 gladiatori,
645 1781 751 1814 sicui
781 1780 954 1816 faverent.
997 1783 1078 1816 Vid.
1105 1782 1241 1815 Heinsii
1263 1783 1329 1824 Ep.
1355 1782 1398 1815 ad
1422 1782 1568 1815 Munek.
1595 1783 1631 1815 in

151 1821 275 1860 Burm-¹
289 1822 375 1874 Syll.
392 1822 484 1866 Epp.
509 1833 543 1866 p.
555 1827 633 1858 402.
676 1824 727 1858 At
751 1825 839 1858 bene
855 1826 1047 1859 vindicavit
1067 1827 1187 1859 Burni.
1202 1826 1357 1859 laudibus.
1395 1825 1487 1859 Gud.
1503 1826 1632 1868 probat

149 1865 393 1908 eruditissime,
413 1866 533 1900 lances
548 1867 631 1900 olim
644 1867 825 1902 industriae
841 1870 1021 1912 praemium
1046 1870 1268 1903 histrionibus
1290 1869 1391 1902 datas
1411 1868 1544 1910 fuisse;
1567 1870 1630 1902 sed

149 1908 216 1943 hoe
244 1913 284 1943 ut
311 1910 348 1943 in
369 1910 561 1946 istisvludis
587 1911 703 1952 tieret,
732 1913 853 1946 lances
878 1913 913 1946 in
938 1913 1111 1946 theatrum
1136 1912 1262 1946 afferre
1286 1922 1404 1946 secum
1426 1913 1632 1946 debuissent

149 1957 387 1996 spectatores:
410 1953 503 1997 quod
518 1959 617 1987 certe
637 1965 698 1988 usu
713 1966 860 1998 unquam
872 1958 1007 1989 venisse
1021 1957 1194 1998 Romanis,
1207 1966 1321 1998 nemo,
1337 1956 1475 1998 opinor,
1490 1965 1630 1990 conces-

151 1996 248 2030 serit.
276 1996 411 2030 Desbill.
448 1997 592 2030 laudibus
605 1998 710 2031 etiam
726 2004 844 2032 tuetur
858 2000 1038 2033 Drakenb.
1055 2000 1098 2032 ad
1112 2000 1174 2033 Sil.
1189 2009 1247 2032 ιιι.
1263 2003 1317 2033 15.
1343 2000 1408 2037 Ita
1416 2009 1546 2032 onerare
1556 2010 1631 2041 pro-

150 2039 268 2082 ntissis,
291 2040 394 2080 donn,
420 2042 563 2083 &cu—22
596 2041 734 2075 Perott.
759 2043 957 2076 mehercules.
998 2044 1117 2076 Bentl.
1141 2047 1179 2075 et
1205 2043 1328 2076 Heins.
1354 2043 1449 2076 Videt
1474 2046 1510 2075 ut
1525 2042 1630 2086 fieri,⁸

152 2082 322 2125 Otiningh.
355 2083 446 2116 Videt
459 2086 495 2116 ut
515 2084 670 2127 hocfieri.
701 2085 771 2118 Sed
788 2095 821 2118 v.
847 2086 892 2119 V.
906 2087 944 2119 L.
961 2087 1004 2119 ad
1026 2087 1085 2119 lib.
1100 2095 1126 2119 1.
1150 2085 1221 2118 fab.
1236 2089 1268 2119 6.
1292 2089 1324 2119 1.
1355 2086 1502 2128 [Anton.
1527 2090 1564 2119 ut
1580 2087 1625 2120 R.

151 2129 190 2159 et
211 2125 321 2159 dicits
344 2125 355 2144 ⁴
370 2126 490 2160 Possit
505 2131 622 2159 tamen
638 2128 729 2170 legi:
754 2128 842 2168 H.f.
856 2132 893 2162 ut
909 2140 939 2162 v.
956 2129 1117 2170 R.’]-25
1139 2130 1222 2162 Urs.
1245 2129 1354 2167 Nara,-
1377 2139 1573 2171 perperam,
1588 2135 1628 2163 ut

146 2169 223 2212 jam
244 2167 371 2203 Scheff.
385 2169 533 2203 notavit.
565 2170 710 2213 [Antan.
734 2172 774 2205 F.
790 2175 815 2205 t.
837 2183 878 2205 m.
890 2171 985 2213 janu
999 2171 1100 2212 favor
1114 2176 1146 2205 et
1168 2182 1210 2204 m.
1233 2172 1365 2214 t.]-26
1387 2172 1482 2205 Libri
1504 2174 1629 2215 scripti

149 2213 241 2289 gum
269 2213 395 2255 locum,
415 2223 435 2246 a
465 2223 567 2246 manu
593 2214 828 2248 emendatrice
851 2217 946 2249 varie
972 2216 1231 2258 interpolatum,
1260 2222 1424 2258 corrupte
1449 2216 1627 2250 exhibent.

184 2256 248 2289 ith.
264 2260 301 2290 et
315 2256 406 2290 Nev.
423 2261 609 2298 testantur,
618 2258 652 2291 in
665 2259 733 2291 Ms.
748 2259 843 2293 Pith.
854 2260 942 2302 legi:
967 2261 1014 2292 Et
1026 2260 1195 2301 derisuros,
1206 2270 1266 2292 non
1278 2262 1513 2301 exspectaturos
1523 2261 1568 2292 sit
1582 2265 1628 2295 et.

149 2299 230 2333 Vid.
251 2299 364 2334 Desb.
379 2304 416 2333 et
439 2300 503 2334 Ed.
526 2301 616 2334 Nev.
633 2301 676 2334 ad
699 2303 909 2345 marginem:
933 2303 995 2336 sed
1011 2303 1098 2337 Cod.
1122 2304 1220 2336 Rem.
1242 2303 1366 2335 habet:
1396 2303 1441 2335 Et
1454 2304 1626 2347 derisores,

148 2353 210 2376 non
221 2347 415 2385 spectaturos
427 2343 472 2376 sit
487 2347 530 2386 et,
548 2349 639 2378 teste
651 2345 744 2379 Gud.
779 2346 900 2380 Burm.
917 2347 1128 2380 auctoritate
1143 2346 1280 2380 Heinsii
1293 2345 1414 2388 fultus,
1430 2347 1624 2388 contendit,

148 2387 186 2419 in
211 2387 278 2420 Ms.
304 2387 398 2421 Pitb.
420 2386 541 2428 fuisse,
561 2389 731 2431 derisum,
749 2400 812 2422 non
835 2393 1028 2432 spectaturos
1048 2391 1141 2428 sitis,-
1174 2392 1273 2423 Brot.
1300 2399 1395 2431 vero,
1419 2390 1623 2424 novissimus

149 2430 237 2464 Cod.
253 2430 347 2468 Pith.
358 2431 517 2472 collator,
526 2432 711 2466 lectionem
727 2433 815 2466 eod.
829 2434 922 2477 quod
937 2435 1060 2468 mirum
1082 2433 1194 2467 videri
1217 2434 1341 2476 possit,
1360 2443 1427 2466 non
1443 2433 1626 2477 indicavit,

149 2478 188 2508 et
202 2474 327 2515 locum,
342 2479 381 2508 ut
403 2474 499 2516 alios,
514 2475 685 2509 intactum
701 2477 854 2520 reliquit,
872 2477 968 2511 varie
991 2482 1168 2511 tentatum
1191 2487 1212 2510 a
1227 2477 1309 2509 viris
1330 2476 1454 2510 doctis.
1500 2477 1622 2511 Heius.

153 2517 199 2550 Ut
211 2518 382 2560 derisuros,
402 2528 465 2551 non
483 2522 678 2560 spectaturos
700 2521 804 2559 scias,·
827 2521 944 2564 Hoog.
973 2522 1020 2554 Et
1033 2521 1200 2563 derisores,
1213 2531 1275 2553 non
1294 2523 1483 2562 spectatores
1501 2522 1622 2554 sedent.

147 2561 206 2594 De
218 2561 355 2594 Heinsii
369 2565 406 2594 et
420 2561 534 2603 Hoog.
545 2563 844 2597 emendationibus
860 2565 959 2607 plura
974 2564 1086 2597 videri
1101 2568 1246 2607 possunt
1256 2564 1290 2596 in
1306 2564 1409 2597 Notis
1426 2564 1545 2597 Burm.
1561 2565 1623 2608 qui

148 2604 334 2647 legendnm
358 2605 535 2648 proponit,
562 2606 608 2639 Et
631 2607 883 2647 derisumque„
905 2618 922 2640 s
944 2612 1102 2642 ectaturos
1122 2611 1227 2650 putes,
1251 2606 1293 2639 ad
1310 2617 1412 2649 quam
1433 2607 1622 2641 lectionem

148 2646 352 2681 firmandam
375 2649 468 2682 varia
489 2647 602 2682 affert.
645 2650 787 2685 Salmas.
801 2656 838 2685 et
853 2619 946 2686 Gmf.
970 2653 1016 2684 Et
1030 2651 1201 2690 derisuros,
1220 2661 1280 2683 non
1302 2653 1507 2692 spectaturos,
1521 2651 1622 2693 stitit,

146 2695 188 2724 ut
214 2692 337 2729 sistere,
352 2692 412 2733 sit,
435 2702 472 2725 se
494 2697 702 2734 praesentem
725 2694 917 2735 exhibere;
939 2695 1061 2729 Johns.
1087 2695 1133 2727 Et
1154 2695 1322 2735 derisuros,
1342 2704 1402 2726 non
1425 2698 1622 2736 spectaturos

146 2733 239 2775 citat,
254 2735 278 2767 i.
291 2745 322 2768 e.
343 2741 534 2769 convocat:
559 2746 661 2779 quem
676 2737 869 2771 confutavit
885 2739 1003 2772 Burm.
1024 2748 1101 2772 cum
1121 2737 1218 2779 favor
1232 2738 1312 2770 citat
1334 2736 1490 2770 derisui-os
1510 2738 1556 2771 sit
1570 2738 1620 2771 in-

146 2777 373 2811 solentissima
394 2779 534 2820 locutio,
556 2784 593 2812 et
613 2781 707 2813 nulla
722 2781 777 2813 hic
802 2791 889 2823 opus
913 2782 961 2815 sit
984 2782 1163 2823 citatione,
1180 2785 1238 2813 aut
1261 2781 1524 2822 convocatione,
1539 2791 1621 2818 cum

147 2820 260 2862 pridie
276 2822 425 2854 rusticus
451 2823 673 2864 promisisset,
691 2834 729 2857 se
748 2822 867 2864 affore,
881 2829 919 2858 et
938 2826 984 2858 de
999 2835 1119 2858 scurra
1145 2824 1323 2857 victoriam
1347 2829 1617 2866 reportaturum.

147 2865 194 2897 Et
209 2863 289 2898 hinc
303 2864 376 2897 sine
392 2865 462 2898 ullo
474 2873 638 2908 praecone
654 2871 714 2901 aut
730 2868 830 2902 simili
842 2868 1007 2903 citatione
1019 2868 1064 2912 fit
1081 2867 1173 2902 turba
1188 2867 1288 2910 mqy'or
1303 2872 1426 2911 sponte
1441 2869 1615 2903 ruentium
