1806 3236
203 241 289 286 330

205 358 235 381 c.
252 350 283 380 2.
316 357 358 380 ex
374 346 509 381 Claudii
526 347 649 380 Annal.
664 347 724 381 lib.
740 356 764 381 ι.
800 346 813 366 ⁴
829 347 910 381 Sole

206 398 352 432 occaso!
400 399 525 432 Horat.
549 399 621 432 Sat.
635 407 678 432 u.
692 401 726 432 4.
768 399 779 418 ‘
796 398 913 432 Perna

205 450 311 491 magis
341 460 382 483 ac
407 450 514 492 magis
543 450 633 482 hillis
664 450 816 493 Flagitat
851 450 912 483 im-

205 509 339 534 morsus
368 500 486 540 refici,’
509 500 600 543 quod
635 501 818 533 Lambinus
845 509 913 533 non

205 550 402 593 intelligens
426 550 639 593 depravavit.
682 552 864 592 Immorsus,
879 551 913 583 in

206 602 318 635 Gloss.
347 605 400 634 est
419 601 559 643 Jejunus,
586 603 644 646 qui
666 601 816 636 nondum
843 612 914 636 mo·

206 653 344 687 mordit.
381 655 525 687 Persius
540 655 612 688 Sat.
626 664 677 689 vr.
706 657 717 675 ‘
736 655 805 691 Qui
820 656 915 698 prior

206 714 244 737 es
257 714 321 737 cur
334 714 390 737 rne
411 704 631 738 iudecursum
654 706 816 749 lampada
839 715 916 748 pos-

207 755 293 796 cis3’
322 766 401 789 narn
427 756 475 790 ita
500 756 535 789 in
560 757 646 790 Mss.
673 757 744 800 legi
768 761 917 790 testatur

208 806 441 840 Casaubonus.
502 807 596 849 Ergo
633 807 828 849 iudet-ursus,
860 808 917 851 qui

208 857 358 890 nondum
388 858 601 891 decucurrit.
656 858 714 891 Sic
738 858 771 890 in
796 858 917 891 iisdem

208 908 412 941 doctissimis
428 909 559 942 Glossis
580 910 770 951 impet-catus
781 910 857 951 pro,
877 909 919 941 ir-

208 959 500 1001 reprehensibilis.
549 959 666 992 Plaut.
692 958 818 1001 Amph.
838 962 917 992 ι.’1.

208 1019 258 1042 vs.
275 1013 308 1043 2.
329 1011 339 1029 ⁴
359 1011 448 1043 Nam
461 1010 613 1052 injurato
625 1010 696 1043 scio
711 1010 789 1053 plus
798 1011 920 1044 credet

208 1061 289 1093 mibi
305 1070 404 1104 quam
415 1062 534 1104 jurato
550 1061 637 1095 tibi!
673 1062 786 1095 Vetus
814 1061 919 1103 poeta

209 1111 302 1154 apud
333 1112 493 1145 Ciceron.
551 1113 562 1131 ⁴
585 1113 762 1155 Usurpata
790 1112 919 1155 duplex

208 1162 348 1195 cubile.'
381 1163 521 1196 Lueret.
543 1163 602 1196 lib.
617 1172 659 1195 ιι.
696 1165 706 1181 ‘
723 1163 919 1195 Intervallis

207 1215 343 1256 magnis
358 1216 513 1248 consulta
534 1216 726 1248 resultant.¹
765 1216 856 1248 Nam
872 1215 921 1248 ita

209 1266 247 1298 in
278 1266 347 1299 Ms.
364 1265 486 1299 haberi
505 1266 699 1309 Giphanius
725 1266 843 1308 docet,
864 1266 920 1309 qui

208 1316 359 1359 ingenue
372 1327 448 1350 eam
466 1318 629 1360 loquendi
643 1318 809 1351 rationem
826 1327 921 1361 saepe

210 1372 387 1409 repertam
415 1372 597 1402 testatur.-
623 1369 850 1402 Nemesianus
877 1370 922 1401 E-

211 1419 301 1461 clog.
317 1427 360 1452 n.
399 1419 516 1452 ‘tosto
543 1419 605 1453 sub
632 1421 704 1453 sole
731 1420 922 1454 canebant!

211 1468 271 1503 Ita
298 1470 382 1503 Mss.
397 1470 489 1513 quod
511 1471 714 1504 rectissime.
729 1475 841 1514 tostus,
864 1472 923 1515 qui

211 1523 324 1553 totum
352 1519 444 1553 diem
467 1521 583 1554 calore
606 1521 760 1554 homines
785 1523 922 1555 torruit.

212 1571 270 1604 Sic
293 1572 305 1590 ‘
322 1571 372 1604 sol
397 1571 512 1604 assus'
539 1571 710 1607 Ciceroni.
754 1573 813 1606 Sic
833 1572 925 1606 infra

212 1623 224 1641 ⁴
242 1621 430 1665 defectus,’
454 1623 512 1665 qui
535 1623 664 1657 deficit.
719 1624 813 1657 Hinc
840 1633 925 1667 ergo

213 1678 326 1716 patet,
351 1678 447 1707 recte
469 1674 537 1707 dici
555 1683 653 1716 posse
675 1675 866 1717 conspiratos
881 1676 925 1709 de

213 1726 267 1767 iis,
286 1725 346 1767 qui
361 1725 646 1767 conspiraverant
661 1736 670 1758 ε
693 1727 751 1758 sed
766 1727 832 1758 hoc
848 1727 926 1759 loco

214 1775 335 1808 melius
349 1775 486 1818 passive
501 1775 660 1817 sumitur,
673 1779 710 1809 et
721 1776 927 1819 interpreta-

215 1829 273 1858 tur
302 1825 345 1858 de
371 1826 425 1867 iis,
450 1826 508 1869 qui
535 1826 569 1858 in
595 1836 699 1859 unum
722 1826 861 1859 collecti
889 1831 927 1860 et

215 1874 358 1909 conflati
380 1880 482 1918 sunt3
502 1885 580 1908 nam
596 1876 773 1918 conspirare
788 1877 928 1919 proprie

217 1931 284 1969 est,
315 1927 349 1960 in
374 1927 502 1969 spiram
527 1927 706 1969 colligere,
725 1927 929 1970 metaphora

217 1977 322 2011 ducta
339 1988 358 2010 a
377 1977 612 2020 serpentibus,
625 1978 681 2020 qui
699 1978 734 2010 in
747 1978 875 2020 spiram
891 1982 928 2011 et

217 2029 384 2061 circulum
400 2038 436 2061 se
446 2029 670 2070 concludunt,
682 2035 718 2062 et
727 2029 808 2062 inde
824 2031 834 2048 ‘
848 2033 929 2063 con-

218 2078 367 2121 spirare’
383 2079 474 2121 apud
491 2079 583 2113 Ptin.
602 2080 777 2122 juniorem
792 2081 929 2115 dicitur.

223 2129 318 2162 Hinc
363 2129 610 2171 intelligendus
645 2130 855 2172 Macrobius,
893 2132 929 2164 in

219 2179 355 2221 praefat.
378 2180 517 2212 saturn.
539 2180 598 2222 qui
621 2181 795 2222 expressit
816 2182 930 2216 locum

217 2231 360 2263 Senecae
389 2231 454 2272 Ep.
486 2233 542 2263 84.
573 2231 646 2272 ubi,
678 2231 722 2264 ad
753 2233 929 2265 Musicum

217 2287 423 2314 concentum
439 2282 636 2324 respiciens,
653 2282 751 2324 dicit,
777 2285 787 2303 ‘
803 2285 930 2317 Multa-

221 2342 295 2365 rum
323 2338 465 2365 aetatum
491 2334 661 2375 exempla,
682 2334 742 2366 sed
768 2335 802 2366 in
826 2345 930 2368 unum

219 2383 442 2426 conspirata‚’
468 2383 528 2416 ubi
550 2385 638 2416 male
663 2384 859 2419 Schefferus
874 2397 932 2419 ex-

220 2434 321 2476 ponit
336 2435 570 2476 conspirantia.-
595 2445 672 2467 nam
696 2437 874 2478 conspirata
889 2446 930 2470 eo

219 2487 298 2519 loco
311 2496 385 2518 esse
395 2487 533 2518 videtur
543 2486 703 2526 collecta,
712 2487 929 2529 conglobata.

221 2535 357 2570 Glossae
388 2541 524 2569 veteres
559 2537 800 2580 Divionenses,
828 2538 931 2571 toties

222 2588 373 2621 laudatae
397 2588 564 2620 Salmasio
591 2587 625 2619 iu
653 2587 857 2620 membranis
873 2598 931 2621 ve-

224 2640 340 2680 tustis,
381 2640 392 2657 ‘
417 2639 612 2681 conspirati.-
661 2639 810 2680 collecti,
853 2649 932 2672 con-

224 2690 379 2723 densati!
408 2690 500 2722 Hinc
513 2689 742 2722 emendandus
754 2694 858 2732 atque
872 2700 931 2722 ex-

225 2740 400 2780 plicandus
417 2740 535 2772 Caesar
555 2740 644 2773 Bell.
659 2741 733 2774 Civ.
751 2750 810 2774 ιιι.
833 2750 862 2774 c.
878 2744 931 2774 46.

223 2793 233 2809 ‘
252 2792 382 2824 Milites
408 2792 552 2833 legionis
583 2801 683 2824 nonae
711 2793 823 2825 subito
853 2803 933 2826 con·

225 2842 343 2885 stipati
369 2843 437 2885 pila
453 2843 700 2886 conjecerunt!
746 2843 865 2877 Scribe
890 2854 932 2877 ex

669 252 813 285 No'rAE
849 253 1116 286 VARloRUM
1151 255 1202 286 ΙΝ

959 347 1028 380 Ms.
1051 348 1189 381 Petavii
1213 352 1250 381 et
1273 348 1403 392 cujacii
1425 348 1610 390 compar-et.
1629 348 1665 382 id

962 402 1029 439 est,
1042 399 1149 433 veluti
1173 399 1208 432 in
1235 399 1359 442 spiram
1376 404 1412 433 et
1436 399 1573 441 globum
1592 399 1667 434 coi*

963 449 1047 482 lecti
1075 453 1114 483 et
1134 451 1351 484 condensati:
1374 451 1542 494 constipati
1566 454 1622 484 est
1647 460 1670 485 a

963 500 1177 543 Glossatore‚
1211 501 1313 545 idque
1337 502 1496 544 Scaliger
1520 502 1609 535 maie
1633 500 1670 535 in

965 555 1100 584 textum
1126 553 1275 595 recepit.
1329 553 1471 586 Priores
1500 553 1670 586 editiones

963 603 1092 636 habent
1124 603 1306 647 conspicati,
1334 603 1425 648 quod
1454 603 1598 647 propius
1624 603 1670 636 ad

964 664 1081 687 veram
1105 655 1290 687 lectionem
1315 655 1464 697 accedit,
1490 659 1527 688 et
1540 654 1671 689 >eodem

965 705 1067 738 modo
1082 705 1173 748 apud
1185 706 1324 738 Sueton-
1338 705 1411 740 Jul.
1422 706 1512 740 cas.
1524 707 1670 753 capg28.

966 760 1130 798 corrupte
1158 755 1315 799 quaedam
1344 756 1522 790 editiones
1539 755 1673 790 habent

966 807 1136 850 conspicati
1171 816 1235 849 pro
1282 806 1466 849 conspirati,
1500 811 1541 840 ut
1574 809 1673 840 mete

967 858 1191 892 Casaubonus
1238 857 1370 891 edidit:
1415 858 1427 877 ‘
1453 856 1674 891 assidentem

967 909 1153 951 conspirati
1163 908 1278 951 specie
1284 907 1388 942 officii
1398 906 1675 942 circumsistere:

967 961 1039 993 Ubi
1061 960 1232 1002 conspirati
1255 964 1335 993 sunt
1349 959 1407 1004 qni
1421 959 1677 1004 conspiravere,

968 1011 1216 1054 conspirantes,
1246 1010 1313 1043 nisi
1339 1010 1450 1043 mavis
1478 1007 1675 1052 intelligere

968 1061 1013 1094 de
1042 1061 1274 1103 condensatis,
1298 1065 1336 1094 et
1361 1060 1459 1104 qnasi
1485 1060 1520 1094 in
1546 1060 1675 1103 spiram

969 1113 1136 1155 collectis,
1146 1118 1186 1147 ut
1198 1123 1296 1146 nemo
1309 1118 1428 1156 posset
1441 1119 1676 1156 perrumpere.

969 1164 1100 1198 Eodem
1117 1175 1201 1207 ergo
1213 1164 1314 1197 modo
1322 1165 1376 1197 hic
1390 1163 1481 1207 apud
1491 1161 1677 1197 Pbaedrum'

970 1215 1075 1248 debet
1110 1215 1250 1257 exponi,
1285 1211 1471 1256 conspiratis
1497 1211 1676 1253 facttum

966 1266 1122 1309 partibus,
1136 1265 1181 1298 de
1195 1264 1404 1298 factionibus
1419 1264 1454 1297 in
1477 1273 1582 1298 unum
1595 1271 1677 1297 con-

969 1316 1074 1359 flatis,
1097 1317 1277 1350 collectis:
1311 1325 1389 1349 nam
1414 1315 1497 1360 quid
1517 1318 1571 1349 est
1593 1314 1678 1348 illud

969 1367 1222 1411 conspirantibus
1249 1367 1428 1415 factionum
1460 1367 1617 1410 partibas,
1652 1366 1682 1399 si

973 1420 1148 1461 vulgarem
1189 1418 1456 1461 explicationem
1501 1413 1702 1461 sequaris?-

972 1480 1050 1503 nam
1074 1469 1231 1513 partibus
1255 1473 1291 1501 et
1313 1468 1523 1501 factionibus
1541 1475 1680 1510 semper

972 1521 1063 1553 inest
1077 1520 1187 1553 tacita
1201 1519 1410 1565 conspiratio
1425 1522 1463 1552 et
1483 1523 1683 1560 consensus,

974 1571 1098 1615 sivein
1114 1571 1239 1604 bonum
1264 1571 1336 1603 sive
1357 1570 1393 1603 in
1416 1569 1568 1602 malumt·
1587 1572 1683 1611 post-

974 1632 1078 1665 quam
1092 1631 1176 1656 vero
1186 1621 1355 1656 factiones
1370 1621 1627 1664 conspirarunt,
1636 1624 1682 1654 an

974 1678 1102 1717 partes,
1132 1684 1175 1707 an
1204 1673 1376 1708 factiones
1402 1673 1516 1706 adbuc
1541 1671 1683 1713 dantur,

975 1737 1052 1769 quae
1085 1735 1155 1759 non
1191 1726 1410 1768 conspirant?
1461 1725 1579 1757 Partes
1609 1723 1682 1756 sivc

967 1776 1128 1816 factiones
1156 1779 1347 1819 conspirant,
1378 1775 1469 1809 idem
1506 1785 1549 1808 ac
1582 1780 1682 1815 eque

977 1827 1124 1860 otiosum
1141 1832 1195 1860 est
1217 1827 1348 1870 dicere,
1361 1836 1402 1860 ac
1425 1826 1453 1859 si
1468 1825 1545 1870 quis
1565 1825 1683 1858 dicere

976 1878 1097 1919 vellet,
1121 1877 1278 1920 discidia,
1303 1877 1376 1910 sive
1403 1876 1586 1910 discordia
1615 1875 1684 1908 dise

976 1928 1143 1961 sentiunt.
1188 1927 1232 1961 Id
1259 1928 1288 1961 si
1316 1927 1485 1962 Phaedms
1509 1926 1687 1969 voluisset,

978 1978 1125 2012 dixisset
1161 1979 1291 2022 potius,
1326 1979 1399 2012 hinc
1419 1978 1589 2020 sactiones,
1611 1977 1686 2010 hinc

975 2033 1096 2073 partes,
1119 2034 1159 2063 ut
1181 2030 1328 2065 Quintil.
1350 2031 1428 2064 loco
1452 2029 1560 2063 citato
1580 2038 1615 2063 c.
1629 2031 1685 2062 δα·

979 2084 990 2102 ‘
1007 2083 1084 2115 Tali
1098 2083 1358 2125 perturbatione
1372 2091 1415 2115 ac
1427 2081 1586 2124 licentia,
1598 2081 1686 2114 mix-⁸

981 2133 1026 2166 tis
1051 2133 1220 2176 omnibus,
1245 2138 1351 2177 atque
1376 2143 1444 2167 uno
1465 2132 1686 2166 moderatore

981 2185 1192 2227 carentibus,
1208 2187 1272 2218 &c.
1310 2185 1402 2218 Hinc
1421 2192 1602 2228 procerum
1617 2182 1688 2216 fac·

981 2235 1115 2270 tiones!
1125 2236 1237 2269 Tacit.
1247 2235 1338 2269 Ann.
1349 2244 1426 2269 xvr.
1440 2246 1470 2269 c.
1481 2238 1535 2268 22.
1555 2237 1566 2254 ⁴
1577 2234 1689 2267 Thra-

981 2297 1047 2319 seae
1064 2287 1303 2329 objectabatur
1315 2287 1466 2320 triennio
1480 2286 1608 2320 curiam
1617 2294 1687 2318 non

981 2337 1169 2378 introiisse,
1184 2337 1327 2380 privatis
1341 2337 1520 2370 clientium
1534 2336 1686 2380 *negotiis

982 2388 1171 2429 vacavisse,
1207 2387 1435 2420 secessionem
1467 2386 1541 2428 jam
1577 2385 1613 2417 id
1650 2388 1688 2418 et

982 2437 1122 2481 partes!
1158 2437 1257 2470 Idem
1270 2438 1329 2470 lib.
1345 2446 1395 2470 iv.
1409 2439 1462 2470 1¹1.
1486 2434 1688 2468 ‘incusabat

980 2490 1125 2531 Sejanus
1141 2489 1319 2522 diductam
1342 2487 1521 2521 civitatem
1542 2490 1582 2518 ut
1594 2485 1688 2519 civili

981 2540 1093 2580 bello;
1110 2549 1186 2572 esse
1202 2539 1261 2582 qni
1277 2548 1314 2571 se
1327 2539 1476 2581 partium
1485 2536 1688 2579 Agrippinae

981 2590 1141 2623 vocent?
1173 2593 1211 2622 et
1235 2589 1327 2622 Hist.
1343 2598 1406 2622 iv.
1436 2599 1468 2622 c.
1485 2590 1537 2620 1⁷.
1570 2589 1580 2607 ⁸
1596 2597 1688 2621 nunc

981 2640 1119 2672 easdem
1134 2640 1282 2672 omnium
1299 2643 1415 2682 partes
1428 2639 1451 2672 ι’
1477 2643 1513 2671 et
1529 2638 1579 2671 ita
1597 2637 1689 2672 Anu.

983 2699 1034 2723 ιν.
1047 2693 1100 2723 40.
1120 2695 1156 2722 et
1171 2694 1225 2723 44.
1272 2690 1308 2722 Si
1327 2699 1410 2722 vero
1436 2689 1612 2732 conspirare
1634 2693 1689 2723 est

982 2740 1074 2773 idem
1083 2740 1173 2783 quod
1185 2739 1347 2782 conflare,
1358 2740 1474 2783 quidni
1484 2741 1690 2783 simpliciter

984 2791 1108 2824 Latine
1123 2791 1193 2823 dici
1208 2795 1323 2833 potest
1334 2792 1512 2833 conspirare
1518 2792 1687 2833 factiones,

985 2843 1231 2882 autsactionunz
1242 2841 1376 2884 partes?
1402 2841 1686 2885 quemadmodum
