1806 3236
361 230 562 264 mmmu
596 229 706 263 ua.
739 228 1042 262 AEsopmaum
1077 228 1176 261 ma.
1210 229 1277 262 iv.
1307 218 1376 261 14.

137 326 276 363 danne
291 326 456 361 Noun-um
471 326 680 371 quempiam,
694 325 844 359 interro-

136 383 279 428 gantem
291 379 470 422 AEsopum,
497 377 589 411 uude
604 381 684 411 orta
708 377 756 410 sit
770 387 843 410 sce—

127 431 246 466 mor-ts
268 430 330 464 illa
356 430 492 474 species
515 429 670 463 libidinis
685 429 721 462 in
736 428 845 462 foemi-

124 483 199 526 -nb,
221 482 320 526 cnjus
350 486 432 516 ante
461 481 640 515 meminit:
688 480 842 525 Cumque

123 531 366 568 'satisfecisset
387 534 438 567 illi
461 532 580 566 fabula
607 532 844 575 praecedente,

126 585 280 619 ‘eundem
295 585 442 628 mplius
456 584 655 629 quaesivisse
671 583 842 627 originem

124 635 293 671 -nefnndae
319 637 457 669 veneris
484 646 564 669 cum
587 635 752 678 maribus,
775 635 842 668 illi-

122 695 198 731 -que
222 687 406 730 quaestioni
439 687 608 720 Nostrum
638 686 842 720 satisfacere

129 738 248 773 verbis
284 739 509 782 sequentibus
544 738 707 771 voluisse.
763 739 842 772 Nisi

118 788 274 825 'censen
288 790 323 823 id
337 791 421 824 alter
435 791 599 834 positum,
615 800 680 834 pro
694 790 758 824 alio
766 801 780 830 ,·
801 795 842 824 ut

129 851 207 886 sup.
230 841 340 883 Schef.

173 895 315 936 Rogavit
329 894 428 937 ulter]
452 894 546 928 Hinc
573 893 758 928 manifesto
781 904 840 937 pa-

128 950 183 980 tet
199 946 460 989 precedentem
471 945 625 981 fabulam
637 946 680 979 de
697 946 840 979 Prome-

125 997 209 1031 theo
224 1007 362 1041 quoqne
377 997 496 1031 fuisse.
522 997 602 1038 Rig.

122 1064 123 1069 ¹
169 1048 282 1091 Alter]
298 1049 495 1093 Quispiam,
510 1049 629 1083 nescio
644 1049 733 1093 quis.
758 1049 838 1091 Rig.

119 1117 122 1119 *
174 1101 342 1145 mandas]
360 1102 461 1136 Conf-
474 1101 629 1137 Gottofr.
643 1103 688 1136 ad
704 1103 765 1137 lib.
779 1113 838 1137 111.

125 1163 160 1187 c.
176 1153 220 1187 de
229 1152 352 1188 Adult.
375 1154 510 1188 Prior-is
527 1155 664 1198 generis
680 1156 839 1189 meminit

122 1205 229 1239 etiam
246 1206 420 1240 Martialis
435 1216 503 1240 vn.
516 1209 572 1240 70.
628 1206 838 1241 Posterioris

122 1259 301 1292 mentione
327 1269 372 1292 an
401 1259 546 1302 SeJanus
575 1259 722 1292 maxime
759 1270 838 1302 per-

124 1309 326 1354 stringatur,
350 1309 467 1353 ἐτέχω.
510 1312 570 1344 De
592 1321 635 1344 eo
659 1315 758 1344 certe
780 1322 836 1346 ru·

123 1371 213 1404 mor,
242 1361 368 1405 Apicio
396 1362 498 1395 diviti
526 1367 564 1395 et
590 1362 736 1406 prodigo
765 1367 836 1396 stu-

123 1423 224 1456 prum
239 1424 364 1448 vennm
391 1414 551 1448 dedisse:
573 1415 655 1448 Tac.
677 1415 769 1448 Ann-
784 1425 835 1450 xv.

123 1469 156 1499 1.
171 1468 206 1500 3.
230 1466 300 1501 Qni
313 1466 466 1500 Phaedro
475 1467 582 1500 molles
595 1467 836 1511 mares,Scrip-

123 1522 214 1551 turae
229 1523 310 1552 sunt
322 1518 422 1552 κύνες.
445 1518 540 1552 Galli
553 1520 682 1563 speciei
699 1521 835 1554 nomine

123 1578 232 1612 genus
258 1569 392 1604 dicunt.
435 1570 480 1603 In
495 1570 614 1612 lingua
635 1570 785 1605 Etrusca
800 1577 837 1606 et

123 1621 315 1655 Cutiliaua
329 1625 412 1655 sunt
424 1622 437 1641 ⁶
455 1621 666 1655 Bardascia.’
709 1623 834 1657 Dictos

121 1674 226 1707 etiam
250 1674 405 1717 reperias
429 1674 441 1694 ‘
460 1674 573 1717 Saxa,’
589 1685 658 1718 qua
685 1675 835 1719 Graecis,

118 1734 190 1769 >qua
225 1725 371 1766 Latinis,
411 1725 524 1769 proba
561 1726 707 1759 ratione.
752 1727 833 1761 Vid.

120 1776 296 1811 Maussac.
310 1777 354 1810 ad
370 1777 467 1811 Plnt.
478 1776 547 1820 περὶ
561 1779 712 1819 ποταμῶν
726 1788 761 1821 p.
779 1781 834 1812 32.

119 1830 154 1862 2.
177 1831 183 1846 ³
197 1827 279 1862 Alia
293 1828 435 1863 nomina
448 1832 488 1862 ut
503 1834 724 1871 praeteream.
758 1831 834 1864 Fla-

121 1879 197 1922 gitii
223 1884 386 1923 repertor
411 1885 622 1914 memoratur
643 1881 833 1924 Thamyris,

116 1931 369 1965 Philammonis
393 1936 431 1965 et
445 1931 629 1976 Argyopes
656 1933 832 1977 Nymphae

119 1983 223 2018 filius.
267 1984 394 2023 Tradit
420 1994 493 2018 rem
512 1984 714 2028 Apollodor.
729 1987 790 2020 lib.
807 1997 833 2022 r.

120 2046 158 2079 p.
173 2039 207 2069 7.
239 2035 447 2069 Foeditatem
472 2037 624 2070 criminis
648 2038 706 2071 alii
730 2039 834 2071 liber-

120 2090 199 2121 tate
225 2088 328 2130 risus,
353 2088 414 2121 alii
445 2088 636 2129 rationum,
657 2089 832 2131 gravitate

119 2140 247 2184 passim
276 2139 585 2174 demonstrarunt:
623 2140 718 2174 iuter
748 2152 833 2185 quos

115 2192 222 2226 Phito
237 2191 282 2225 de
303 2192 444 2235 special.
460 2192 532 2226 LL.
560 2193 606 2227 P.
629 2202 670 2226 ιι.
696 2204 731 2236 p.
757 2197 833 2228 782.

117 2242 278 2286 Poenam,
305 2253 408 2287 quam
434 2244 704 2286 repraesentavit
729 2245 765 2278 in
780 2245 833 2289 ἆρ-

119 2294 300 2329 emmaus
321 2295 549 2339 Justiniaiius,
573 2296 704 2330 indicat
728 2296 832 2331 Grot.

117 2348 163 2381 ad
189 2347 280 2381 Nov.
306 2350 381 2381 141.
397 2348 542 2381 eandem
557 2348 705 2392 scilicet,
728 2360 832 2393 quam

118 2399 274 2442 AEgyptii
302 2402 340 2432 et
362 2398 594 2432 Athenienses
610 2405 781 2443 ceperunt
796 2401 832 2434 iu

118 2450 324 2492 Adulteros,
339 2460 488 2494 qumque
515 2450 551 2483 in
567 2455 638 2485 vet.
661 2452 764 2486 Notis
789 2454 831 2487 Ρ.

117 2503 267 2536 Diaconi
297 2502 348 2535 sic
377 2502 586 2544 exprimitur
610 2502 653 2537 A.
682 2504 725 2537 T.
753 2503 831 2538 AB.

116 2554 310 2597 Utriusque
326 2554 428 2595 ratio,
445 2564 523 2598 quse
539 2554 673 2598 eadem,
687 2555 721 2588 in
739 2556 830 2599 apri-

117 2615 159 2640 co
188 2611 255 2638 est.
294 2605 426 2638 Praecla.
485 2606 572 2639 Cum
604 2607 772 2641 videlicet
792 2607 832 2641 τὸ

119 2658 204 2697 θῆλυ
217 2655 302 2699 παρὰ
315 2656 410 2699 φύσιν
426 2657 616 2700 ἆῤῥενοῦνω,
642 2662 682 2691 ut
699 2659 750 2692 ait
766 2660 832 2692 Lu-

118 2709 250 2751 cienus,
263 2709 316 2741 vel
332 2711 464 2748 θηλειῶν
477 2708 553 2752 πρὸς
563 2709 689 2749 θηλείας
702 2709 832 2744 furiosa

117 2759 227 2793 libido
250 2759 373 2804 (Plato
394 2760 438 2793 de
464 2761 550 2803 Leg-
576 2761 636 2794 lib.
662 2761 707 2804 1.)
751 2762 830 2795 Hoc

117 2814 230 2855 ipsum
260 2819 327 2854 est,
358 2813 451 2856 quod
482 2813 596 2856 tangit
628 2813 670 2846 D.
699 2814 830 2848 Paulus

118 2864 275 2909 Epistola
291 2864 336 2899 ad
352 2865 525 2900 Romanos
541 2874 620 2909 cap.
642 2868 673 2900 1.
717 2866 829 2901 Locus

1518 217 1606 261 613

897 328 953 359 est
967 326 1179 369 notissimus,
1194 325 1322 370 quique
1333 324 1490 370 pluribus
1503 335 1609 369 expo·

895 378 1030 411 neudus
1043 388 1113 411 non
1136 377 1194 411 sit.
1219 377 1333 411 Faber.
1377 376 1523 410 Plautus
1540 377 1609 410 La-

895 430 971 463 tina
985 440 1072 463 voce
1095 431 1106 449 ‘
1121 428 1403 472 Subigitatrices'
1428 428 1532 470 dixit,
1554 428 1608 461 uti

895 481 1128 515 Rittershusio
1144 484 1301 515 notatum
1314 483 1380 514 est.
1400 479 1607 522 Intelligun-

895 535 953 565 tur
969 537 1087 566 autem
1113 542 1179 574 eae,
1193 541 1271 576 quae
1289 530 1382 574 apud
1399 530 1485 563 alias
1498 529 1609 563 foemi·

895 593 956 617 uas
972 584 1121 618 virorum
1137 583 1250 618 officio
1265 582 1468 626 funguntur.
1499 581 1608 616 Plura

894 635 1014 669 dicere
1029 635 1127 669 nefas
1142 639 1207 668 est.
1228 634 1338 677 Sches.

941 688 1111 732 Tribudas]
1133 689 1221 723 Quae
1237 687 1320 730 sint,
1343 686 1499 729 explicat
1512 684 1609 718 Mar-

895 739 987 773 tialis
1004 741 1069 783 Ep.
1094 740 1155 775 lib.
1183 749 1210 773 1.
1226 742 1282 772 91.
1304 739 1316 758 ⁴
1332 739 1433 772 Inter
1447 749 1485 772 se
1500 738 1605 781 gerni-

893 802 955 825 nos
980 793 1088 826 audes
1104 793 1323 826 committere
1348 801 1493 831 cunnos,
1507 791 1609 824 Meu-

893 843 1051 887 titurque
1086 843 1198 876 virum
1233 842 1432 886 prodigiosa
1460 840 1606 875 Venus!

893 895 942 927 Et
965 894 1024 928 lib.
1050 904 1119 929 vn.
1141 897 1195 928 69.
1217 895 1227 913 ‘
1244 895 1404 937 Ipsarum
1429 893 1606 927 tribadum

894 945 1016 988 tribas,
1031 946 1194 988 Philaeui,
1217 947 1342 990 Recte,
1358 955 1462 990 quam
1482 944 1608 988 futuis,

892 1007 995 1030 vocas
1009 997 1177 1031 amicam-⁹
1214 998 1303 1032 Gud.

938 1049 1108 1092 Tribadas]
1146 1049 1311 1092 Tribunus,
1334 1050 1511 1092 mulieres,
1526 1059 1605 1093 quae

891 1105 1012 1134 mutuo
1036 1105 1163 1135 norunt
1177 1101 1351 1144 lascivire,
1365 1106 1485 1144 atque,
1498 1105 1538 1134 ut
1555 1102 1606 1134 ait

891 1153 1078 1192 Martialis,
1105 1158 1114 1172 ‘
1131 1152 1263 1187 audent
1283 1153 1376 1186 inter
1397 1163 1434 1186 se
1450 1152 1606 1196 geminos

891 1205 1111 1239 committere
1131 1206 1285 1239 cunnos!
1319 1205 1450 1249 Τόρμαις
1470 1205 1522 1238 καὶ
1536 1207 1607 1239 ταῖς

889 1257 1091 1301 περιφερείαις
1113 1259 1172 1291 τοῦ
1184 1259 1344 1296 βουβῶνος
1365 1257 1542 1301 συντρίβειν
1564 1256 1603 1290 τὸ

889 1310 989 1350 σῶμα.
1035 1310 1093 1343 Sic
1117 1320 1205 1353 opus
1222 1319 1410 1342 venereum
1426 1310 1477 1342 M.
1493 1309 1606 1342 Anto-

889 1360 990 1394 ninus
1007 1361 1084 1394 Lib.
1106 1361 1152 1394 de
1167 1361 1241 1394 vita
1261 1371 1337 1402 sua,
1352 1361 1492 1395 vocavit
1506 1359 1605 1403 παρά-

887 1415 989 1456 τριψιν
1002 1413 1054 1446 καὶ
1069 1411 1217 1457 ἔκκρισιν.
1244 1414 1303 1447 Sic
1321 1414 1509 1456 Phrynico,
1525 1418 1608 1456 Πορ-

887 1463 1030 1507 νοκόπος,
1055 1464 1241 1509 Πορνότριψ.
1261 1465 1342 1499 vid.
1358 1465 1499 1500 Platon.
1514 1469 1598 1507 Συμ-

886 1528 964 1550 ποσ.
1008 1518 1162 1551 Soranus
1189 1518 1358 1561 Ephesius
1372 1516 1543 1561 flagitium
1560 1518 1603 1550 is-

888 1568 952 1601 tud
981 1568 1146 1610 malignae
1177 1578 1218 1602 ac
1244 1569 1446 1602 foedissimae
1470 1569 1601 1602 mentis

888 1621 1080 1665 passionem
1095 1631 1173 1655 esse
1188 1622 1249 1655 ait.
1280 1623 1360 1664 Rig.

932 1674 1088 1707 Tribudas
1112 1677 1144 1707 et
1171 1675 1280 1707 molles
1305 1673 1423 1716 mares]
1455 1672 1603 1718 Τριβάδες

885 1725 970 1769 παρὰ
993 1725 1033 1757 τὸ
1057 1723 1191 1768 τρίβειν,
1223 1725 1259 1758 id
1290 1729 1356 1768 est,
1383 1736 1404 1759 a
1427 1724 1603 1760 fricando.

884 1777 1099 1811 Tertulliano
1114 1777 1125 1797 ‘
1138 1777 1356 1819 Frictrices,'
1373 1778 1502 1812 Plauto
1517 1780 1528 1799 ‘
1540 1780 1604 1813 Su-

884 1829 1120 1872 bigitatrices'
1136 1829 1239 1863 dictae
1254 1834 1334 1863 suut
1346 1828 1507 1874 foeminae,
1523 1841 1601 1875 quae

885 1881 920 1914 in
936 1891 1057 1914 sexum
1084 1891 1316 1925 congenerem
1331 1881 1489 1915 furentes
1504 1882 1602 1916 nefa-

884 1933 937 1966 ria
952 1933 1096 1966 libidine
1111 1943 1188 1966 sese
1205 1934 1376 1976 polluunt.
1423 1934 1517 1968 Hinc
1532 1940 1601 1978 Τρι-

884 1984 997 2023 βαδικὴ
1007 1983 1163 2026 ἀσέλγεια
1175 1985 1268 2028 apud
1279 1985 1469 2019 Lucianum
1475 1985 1601 2029 Ἔρωσι.

882 2038 893 2056 ‘
911 2037 1056 2071 Molles'
1071 2041 1154 2070 sunt
1169 2037 1263 2080 apud
1279 2037 1445 2071 Plautum
1461 2049 1599 2083 quoque

884 2093 923 2122 et
946 2089 1046 2130 alios,
1061 2089 1120 2132 qui
1144 2088 1235 2121 idem
1260 2089 1374 2122 scelus
1399 2100 1468 2123 non
1493 2091 1602 2124 nomi-

884 2141 1048 2183 nandum,
1062 2142 1236 2186 quodque,
1259 2147 1299 2175 ut
1321 2142 1412 2186 Imp.
1429 2144 1600 2178 Constan-

885 2193 976 2226 tinus
999 2193 1062 2235 ait,
1085 2203 1154 2226 non
1177 2193 1316 2236 proficit
1342 2195 1445 2237 scire,
1461 2196 1505 2229 ab
1521 2196 1598 2230 aliis

884 2243 1043 2287 ejusdem
1069 2254 1172 2277 sexus
1199 2245 1390 2287 patiuntur.
1434 2247 1538 2281 Unde
1561 2252 1600 2281 et

883 2298 893 2314 ⁴
906 2296 1046 2329 Pathici
1056 2296 1065 2311 '
1081 2295 1232 2339 Catullo,
1245 2299 1311 2331 &m
1336 2297 1442 2331 Ovid.
1456 2298 1500 2331 de
1515 2298 1598 2332 Phi-

882 2348 1015 2381 loctete
1043 2347 1093 2381 ait
1116 2348 1221 2381 talem
1245 2347 1373 2382 fuisse:
1396 2349 1407 2367 ‘
1421 2350 1540 2383 Mollis
1560 2361 1597 2384 e-

883 2403 950 2442 rat,
964 2399 1148 2443 facilisque
1174 2400 1256 2433 viris
1270 2401 1450 2434 Paeantius
1472 2402 1599 2437 heros!

881 2452 1021 2486 Tacitus
1038 2451 1129 2485 Ann.
1147 2461 1209 2486 xv.
1231 2456 1241 2471 ¹
1256 2452 1485 2487 Quinctianus
1500 2455 1598 2488 molli

882 2514 1031 2547 corpore
1047 2504 1183 2537 infamis
1196 2503 1219 2537 ι’
1236 2504 1291 2536 vel
1306 2503 1364 2547 (ut
1389 2504 1528 2548 quidam
1546 2505 1596 2539 le-

882 2554 986 2598 gunt)
997 2555 1128 2588 mollitie
1143 2555 1282 2597 corporis
1293 2555 1434 2594 infamis.
1458 2557 1594 2593 Primus

882 2611 1000 2640 autem
1027 2607 1122 2640 inter
1143 2607 1299 2639 homines
1329 2607 1467 2650 quidem
1493 2609 1595 2652 hujus

881 2659 1021 2692 sceleris
1033 2658 1193 2691 inventor
1209 2657 1330 2700 Laius,
1347 2663 1450 2700 pater
1464 2661 1596 2704 OEdipi,

881 2710 989 2743 fuisse
1006 2710 1220 2753 perhibetur,
1245 2714 1347 2752 rapto
1370 2710 1413 2743 ad
1435 2715 1594 2754 stuprum

882 2763 1077 2806 Chrysippo
1094 2762 1238 2804 Pelopis
1263 2761 1355 2795 filioz
1389 2763 1482 2796 inter
1498 2764 1594 2797 Deos

881 2819 997 2847 antem
1013 2814 1089 2856 ipse
1116 2822 1234 2846 eorum
1260 2813 1422 2856 princeps
1437 2815 1594 2857 Jupiter,

881 2870 982 2910 rapto
998 2864 1213 2909 Ganymede.
1259 2865 1387 2899 Docuit
1408 2876 1463 2900 me
1486 2866 1592 2900 Scho-
