1806 3236
234 185 326 229 570.

236 289 371 323 Prasch.
415 290 508 322 Num
533 289 624 331 quod
652 293 742 322 esset
770 289 936 331 ipsorum,

235 353 279 375 an
295 342 408 384 potius
425 341 515 384 quod
539 351 623 373 unus
648 351 690 372 ex
710 341 792 382 ipsis
818 339 936 373 nefan-

234 393 281 425 do
296 392 374 425 huic
391 391 523 433 flagitio
546 391 728 424 addictus?
772 391 938 424 Solebant

235 444 325 476 enim
355 442 427 474 fere
456 442 490 475 id
530 452 633 484 genus
662 442 760 474 simul
791 451 937 483 corpore

234 497 403 535 quaestum
425 491 552 525 facere.
598 493 722 525 Delicio
743 497 796 525 est
820 503 840 524 a
861 492 937 525 deli-

231 545 326 582 cium,
341 544 430 585 quod
446 544 501 576 hic
516 544 648 586 puerile
662 548 813 579 scortum
829 547 937 576 notat.

235 592 305 625 Alii
320 594 330 612 ‘
345 594 507 627 Delicias’
524 599 659 627 vocant.
701 595 766 627 Sed
782 599 816 627 et
838 595 848 612 ‘
866 595 937 626 De-

234 644 365 677 licium'
380 646 505 687 legitur
520 645 611 687 apud
627 645 838 686 Martialem,
853 645 937 677 licet

233 695 302 728 elio
325 705 439 728 sensu.
491 695 577 728 Haec
600 696 719 728 notavi
742 695 835 737 olim,
854 705 936 728 ‘cum

235 754 346 787 nuper
361 746 586 787 amplissimus
599 747 794 780 Gronovius
811 757 864 779 me
879 747 936 779 ad-

235 800 366 836 monet,
398 796 694 837 distinguendum:
721 797 840 839 Rogati
864 809 937 830 mox

233 857 254 878 α
268 847 528 887 quodam,delicio
542 857 596 879 suo
610 847 768 885 Quidnam
774 848 938 891 fecissent,

235 907 279 930 ex
296 897 461 936 Salmasio
477 899 518 930 ad
536 899 668 932 Hister.
695 899 783 942 Aug.
809 910 844 942 p.
858 903 936 934 493.

234 949 347 985 Quam
372 959 449 982 cum
475 959 539 983 nec
561 950 746 983 habeamus
771 951 849 993 ipsi,
871 962 936 985 nec

232 998 371 1034 aliunde
399 999 529 1032 habere
558 1001 736 1042 possimus,
759 1011 800 1034 eo
826 1002 937 1034 lecto·

235 1059 308 1082 rem
325 1050 528 1092 relegamus.
571 1051 710 1085 Interea
731 1062 799 1085 non
815 1053 937 1086 omitto

233 1100 374 1142 addere,
401 1111 477 1144 quae
493 1112 547 1134 me
563 1102 667 1135 doc-et
682 1103 773 1136 idem
790 1103 938 1146 optimus

236 1151 441 1185 Gronovius.
487 1155 497 1172 ‘
511 1154 677 1196 Fallitur,’
702 1155 826 1198 inquit,
843 1157 852 1174 ‘
866 1156 938 1188 Sal-

234 1203 360 1235 masius
397 1203 430 1235 in
466 1205 671 1246 exponendo
708 1205 766 1238 illo
806 1206 938 1248 Copae3

234 1253 245 1270 ⁴
263 1253 356 1294 Huc,
372 1254 543 1296 Calybita,
556 1256 646 1295 veni,
667 1255 776 1288 fessus
795 1256 868 1298 jam
885 1267 938 1288 su-

235 1302 296 1336 dat
311 1305 449 1345 asellus,
471 1306 581 1338 Parce
604 1306 675 1346 illi;
698 1311 851 1339 vestrum
879 1307 938 1339 de-

233 1354 349 1387 licium
365 1360 420 1388 est
443 1356 577 1389 asinus?
620 1357 710 1396 Nam
731 1357 936 1390 membranae

235 1404 435 1438 Petavianae
449 1416 526 1445 vroe,
548 1416 624 1438 cum
647 1407 737 1439 linea
758 1407 792 1439 in
809 1406 936 1448 capite.

235 1455 337 1500 Unde
352 1455 568 1489 scribendum
583 1467 592 1488 ε
615 1457 717 1490 Vestoe
733 1458 878 1490 delicium
892 1461 939 1490 est

233 1506 352 1542 asinus.
397 1507 554 1550 Causam,
570 1517 630 1540 cur
642 1509 760 1541 Veatae
775 1508 939 1541 delicium

235 1555 372 1589 dicatur
400 1557 525 1598 asinus,
564 1557 668 1590 habes
700 1557 789 1600 apud
832 1557 938 1590 Ovid.

235 1607 331 1640 Fast.
345 1616 397 1640 vi.
411 1618 462 1641 vs·
475 1611 550 1641 320.
562 1613 599 1641 et
611 1609 830 1642 Lactantium
843 1609 902 1643 lib.
915 1618 938 1643 1.

235 1666 268 1689 c.
284 1656 352 1690 213
376 1657 482 1700 Sckef.
525 1658 684 1691 Delicium
703 1669 766 1701 pro
793 1660 939 1693 cinaedo.

233 1707 292 1739 Sic
307 1707 400 1740 Galli
416 1708 508 1750 apud
523 1707 721 1751 Apuleium.
759 1710 839 1742 Vid.
852 1710 938 1743 Gro-

236 1767 314 1790 nov.
343 1758 385 1790 ad
410 1759 500 1791 Stat.
522 1769 654 1792 comam
668 1761 797 1792 Earini.
822 1762 939 1794 Heius.

234 1809 246 1826 ‘
275 1808 446 1842 Delicias’
485 1813 523 1842 et
554 1810 565 1828 ‘
591 1811 792 1844 Delicatos’
814 1822 939 1853 pueros

237 1858 349 1892 dictos
364 1861 539 1894 constabit
554 1871 597 1894 ex
609 1863 699 1894 notis
726 1862 768 1895 ad
795 1863 939 1896 Petron.

238 1918 372 1942 xxvm.
383 1915 420 1944 et
431 1920 534 1945 Lxui.
548 1912 608 1945 sed
621 1913 674 1946 hic
684 1913 940 1948 distinctionem

236 1959 393 1999 Salmasii
416 1972 530 1994 veram
551 1967 649 2004 puto.
695 1963 752 1996 An
767 1974 849 1996 vero
864 1965 940 1998 deli-

234 2010 284 2042 cio
310 2011 428 2054 capias
450 2013 580 2055 dativo,
604 2023 645 2046 an
668 2014 823 2048 ablativo
849 2025 942 2056 casu,

238 2061 400 2103 positum,
435 2073 512 2095 mea
541 2073 660 2105 parum
690 2064 848 2106 interest,
883 2065 941 2107 qui

236 2116 420 2155 utrumque
433 2114 594 2147 usitatum
611 2115 765 2147 noverim
780 2126 789 2147 ε
814 2115 875 2147 sed
891 2120 941 2148 ta-

238 2172 316 2195 men
346 2163 535 2197 ablativum
574 2165 630 2197 hic
665 2165 880 2207 praeferrem,
906 2170 943 2199 et

238 2214 435 2256 supplerem
471 2224 534 2257 per
573 2217 852 2258 praepositionem
881 2219 941 2255 de,·

239 2264 321 2306 qnid
344 2266 382 2297 de
407 2266 518 2299 delicio
542 2277 596 2299 suo
615 2267 758 2306 fecisset.
801 2268 881 2301 Vid.
897 2269 941 2301 ad

239 2313 381 2347 Quinct.
399 2315 486 2349 Inst.
501 2326 528 2348 1.
544 2319 577 2349 5.
600 2321 637 2348 et
652 2317 790 2349 Passer.
817 2318 860 2349 ad
885 2319 940 2351 Ci-

241 2373 313 2398 cer.
335 2375 398 2407 pro
415 2366 542 2399 Caecin.
558 2376 599 2399 11.
624 2370 660 2399 et
685 2367 758 2409 Syl.
782 2368 826 2400 ad
843 2368 941 2403 Orat.

239 2424 302 2456 pro
319 2416 569 2450 Cluent.1.xv1.
592 2418 708 2451 Burm.

283 2467 427 2508 Delicio]
459 2468 616 2500 Delicium
653 2469 824 2509 vocabant
859 2481 941 2511 pue-

240 2525 328 2557 rum,
348 2527 450 2558 quem
479 2517 515 2549 in
543 2517 715 2550 amoribus
744 2519 939 2552 habebant:

239 2565 281 2598 τὰ
296 2566 431 2600 παιδικά.
475 2567 576 2601 Adeo
591 2569 680 2600 enim
696 2568 761 2600 hoc
776 2562 941 2602 usitatum

241 2621 318 2650 erat
346 2618 494 2659 Graecis,
519 2624 558 2651 ut
586 2620 692 2652 etiam
722 2623 823 2661 turpe
852 2625 942 2653 esset

241 2666 359 2711 puero,
393 2674 577 2701 amatorem
614 2670 743 2702 nullum
775 2671 940 2712 reperire.

242 2717 443 2762 Quanquam
455 2724 566 2752 autem
581 2720 638 2753 vix
651 2720 858 2763 effugiebant
870 2732 942 2763 pro·

243 2769 309 2812 bri,
339 2771 406 2805 imo
436 2771 576 2805 sceleris
603 2772 841 2814 suspicionem,
863 2782 940 2806 cum

691 195 834 228 NOTAE
867 195 1134 229 vAmoRuM
1169 197 1222 230 IN

986 288 1143 333 formosis
1164 308 1167 310 -
1183 291 1447 326 adolescentulis
1485 297 1685 334 venatui

986 345 1099 373 tamen
1115 342 1275 385 nequitiae
1293 354 1367 377 suae
1378 344 1442 377 hoc
1462 338 1685 395 quesixeluaen

985 390 1232 434 obtendebant,
1254 398 1295 427 ut
1312 394 1468 428 dicerent
1483 406 1521 429 se
1537 405 1686 438 motem

987 451 1082 475 suum
1097 451 1165 475 non
1181 442 1225 476 ad
1238 443 1363 478 foedam
1374 449 1477 488 atque
1493 439 1686 489 abominari-z

986 491 1066 525 dam
1095 503 1276 535 corporum
1303 495 1590 539 commixtionem,
1623 490 1686 540 aad

987 543 1029 575 ad
1046 544 1317 578 constituendam
1342 545 1688 584 amicitiam-referre.

987 592 1074 625 Inde
1090 593 1258 626 vocabant
1281 595 1370 628 hunc
1390 593 1562 638 ἕρννιιζδπὶ
1583 595 1685 640 φιλίᾳ.

988 643 1111 682 Cicero
1144 644 1154 662 ‘
1185 653 1331 676 amorem
1361 644 1539 682 amicitiae’
1569 646 1687 685 vertit.

988 694 1047 727 Sic
1062 695 1219 728 nimirum
1233 697 1334 729 Tusc.
1349 699 1382 730 4.
1403 697 1413 716 ⁶
1431 696 1539 739 0¹11}ss
1560 697 1687 742 iuquit,

987 745 998 764 ‘
1015 750 1070 778 est
1084 746 1174 779 enim
1197 755 1292 779 amor
1311 746 1376 780 iste
1391 743 1578 785 amicitia?
1595 770 1599 774 -
1615 748 1687 794 Qut

987 806 1099 839 neque
1122 797 1312 833 deformem
1325 797 1578 834 adolescentem
1591 799 1688 843 «μὴ,

988 858 1089 890 quam
1101 853 1205 889 emat,
1217 859 1328 891 neque
1338 847 1524 884 formosum
1535 860 1652 886 senem
1661 847 1688 884 ??

987 898 1086 931 Idem
1113 899 1234 932 Cicero
1260 900 1363 934 Tunc.
1384 904 1416 935 5.
1434 900 1543 935 etiam
1559 900 1690 944 Dion&

988 949 1072 981 sium
1097 948 1223 982 Siciliae
1248 952 1429 991 tyrannum
1453 950 1690 987 scribitmore

989 999 1135 1039 Graeciae
1151 999 1315 1042 quosdam
1327 995 1562 1041 adolescente-e
1574 1011 1693 1038 amore

988 1051 1186 1093 conjunctos
1195 1051 1364 1085 habuisse.
1375 1051 1543 1086 Eusebius
1549 1051 1592 1088 de
1599 1052 1690 1097 pim-v

988 1111 1062 1144 par.
1077 1102 1243 1144 Evangel.
1253 1102 1280 1134 l.
1292 1111 1343 1134 vi.
1356 1101 1432 1144 nap’
1443 1099 1585 1145 ἐλληᾳι
1595 1101 1649 1138 καὶ
1660 1103 1691 1137 ot

989 1151 1094 1195 σοφοὶ,
1124 1151 1287 1196 ἐρωμένους
1307 1150 1448 1196 ἔχοντες,
1471 1153 1508 1186 οὗ
1527 1152 1689 1196 ψέγωται.

987 1204 1078 1236 Vide
1103 1209 1139 1236 et
1160 1204 1348 1237 Maximum
1370 1205 1510 1246 Tyrium
1539 1205 1690 1243 Philo-o-

988 1254 1089 1295 phum
1117 1254 1337 1287 Platonicum
1365 1254 1474 1290 Serm.
1498 1257 1531 1289 8.
1553 1257 1688 1292 cums.

988 1314 1060 1346 seq.
1105 1304 1225 1337 Habet
1240 1304 1302 1337 hac
1318 1304 1361 1338 de
1377 1314 1416 1338 re
1430 1305 1602 1348 quaedam,
1623 1307 1690 1357 nini

987 1353 1101 1396 fallor,
1122 1355 1226 1388 etiam
1250 1355 1407 1390 Muretus
1433 1356 1468 1388 in
1492 1356 1691 1396 Var-Lect.

989 1416 1064 1448 quae
1089 1415 1132 1438 ex
1157 1406 1209 1438 his
1239 1406 1365 1440 nostris
1389 1407 1509 1448 augeri
1534 1412 1688 1450 ponunt.

990 1456 1074 1489 Ritu.
1398 1475 1401 1478 ·

1031 1510 1053 1539 9
1075 1507 1235 1544 Quidnam
1241 1507 1410 1550 fecissent]
1426 1507 1520 1551 tage
1533 1507 1691 1546 Quinam

989 1556 1062 1600 (vel
1090 1557 1175 1594 Quid
1197 1557 1257 1597 ita,
1279 1563 1319 1591 ut
1344 1557 1415 1593 fab.
1438 1561 1472 1593 9.
1494 1559 1506 1578 ‘
1523 1558 1616 1597 Quid
1638 1555 1694 1595 >ita

990 1613 1166 1641 cessarunt
1180 1609 1287 1650 pedes
1297 1607 1338 1652 ?')
1358 1607 1554 1644 meminent?
1567 1609 1624 1647 1⁸·ae
1637 1610 1693 1651 „1⁸⁰-

989 1659 1053 1691 cati
1075 1662 1149 1692 sunt
1169 1660 1280 1692 modo.-
1303 1669 1398 1702 supr.
1417 1659 1486 1694 fab.
1500 1663 1554 1695 8⁷.
1575 1661 1586 1680 ‘
1601 1661 1692 1703 Tum

991 1706 1040 1741 s'ic
1049 1710 1174 1751 jocata
1199 1713 1254 1742 est
1273 1710 1360 1743 tanti
1381 1711 1551 1753 majesta*
1569 1710 1691 1746 ducis?

990 1759 1106 1792 Heius.
1149 1759 1229 1793 Vid.
1245 1760 1391 1794 eundem
1407 1761 1451 1795 ad
1467 1761 1572 1798 Ovid.
1586 1763 1692 1799 Trist-

992 1818 1025 1841 v.
1039 1812 1068 1841 1.
1082 1811 1136 1841 20.
1496 1837 1497 1840 ,

1036 1859 1195 1895 Quidnam
1213 1859 1382 1903 fecioeent]
1413 1862 1497 1905 Iaeg.
1522 1863 1692 1906 Quinum,

991 1909 1027 1942 id
1043 1915 1106 1952 est,
1127 1911 1243 1944 Quare
1256 1910 1438 1947 fecissent?
1460 1912 1593 1947 scilieet
1604 1918 1692 1956 tymae

992 1970 1080 2003 pana
1094 1971 1137 1993 ex
1153 1962 1243 2003 pelle
1259 1962 1357 2003 asini,
1371 1963 1454 1997 satis
1467 1963 1545 1997 dum
1559 1963 1692 2000 viveret

993 2013 1102 2054 plagis
1129 2013 1275 2046 contusi.
1317 2013 1490 2049 Quidnam
1517 2012 1693 2057 fecissent,

992 2073 1058 2095 non
1071 2068 1146 2096 erat
1157 2074 1218 2096 cur
1229 2069 1402 2107 quaereret
1415 2065 1584 2100 Delicium
1597 2066 1694 2104 illud.

993 2114 1144 2147 Videbat
1172 2115 1263 2148 enim
1296 2115 1456 2158 tympana
1483 2126 1559 2150 esse
1587 2116 1693 2158 facta.

993 2165 1048 2198 An
1065 2166 1235 2208 Quidnam,
1250 2167 1286 2200 id
1298 2173 1363 2208 est,
1380 2168 1436 2202 Ob
1451 2167 1553 2211 quid?
1575 2169 1661 2203 Rite.

1036 2218 1164 2261 Locuti]
1187 2219 1299 2261 Supra
1322 2219 1381 2252 lib.
1397 2228 1424 2252 1.
1441 2229 1472 2252 c.
1487 2222 1520 2252 6.
1542 2220 1552 2239 ⁶
1566 2220 1624 2254 Sic
1639 2225 1693 2255 eat

992 2268 1140 2308 locutus,
1161 2270 1316 2312 partibus
1338 2269 1453 2312 factis,
1480 2270 1556 2303 leo!
1600 2271 1692 2305 Item

996 2329 1026 2352 c.
1040 2323 1093 2352 28.
1117 2321 1126 2339 ‘
1143 2321 1255 2355 Quem
1282 2325 1376 2353 stans
1401 2320 1564 2354 volturius
1580 2330 1693 2364 super,

994 2370 1118 2402 Fertur
1133 2369 1300 2403 locutusz'
1323 2370 1384 2403 lib.
1398 2379 1453 2404 111.
1480 2380 1510 2404 c.
1525 2373 1557 2404 6.
1579 2371 1589 2390 ‘
1603 2371 1692 2404 Tnm

992 2419 1040 2452 sic
1065 2421 1183 2453 locuta
1204 2426 1259 2453 est
1286 2421 1374 2454 tanti
1387 2421 1548 2463 majestas
1563 2420 1690 2454 ducin'

992 2470 1049 2503 Ita
1071 2481 1217 2513 namque
1240 2471 1433 2507 babuerunt
1451 2475 1598 2503 veteres.
1644 2473 1691 2504 Et

992 2521 1052 2553 lib.
1070 2531 1120 2555 lv.
1145 2532 1175 2554 c.
1197 2525 1228 2554 3.
1263 2523 1272 2540 ‘
1290 2523 1475 2564 Postquam
1502 2521 1693 2566 interfecit,

992 2571 1041 2602 sic
1057 2572 1188 2603 locutus
1200 2572 1345 2604 traditur
1355 2571 1374 2603 :'
1390 2576 1426 2603 et
1441 2581 1517 2613 cap.
1530 2574 1582 2605 17.
1605 2575 1615 2591 ⁴
1631 2573 1690 2607 Sic

990 2625 1044 2652 est
1058 2622 1192 2653 locutus
1209 2626 1290 2654 ante
1306 2631 1439 2663 poenam
1456 2621 1596 2664 Jupiter
1607 2623 1629 2655 ι’
1653 2628 1692 2657 et

991 2670 1050 2702 lib.
1068 2681 1099 2703 v.
1122 2681 1151 2703 c.
1164 2675 1195 2704 5.
1217 2672 1226 2690 ‘
1244 2672 1338 2706 Quas
1353 2677 1553 2713 aspernatus
1567 2673 1624 2707 ille
1639 2674 1689 2708 sic

990 2721 1124 2754 locutus
1140 2722 1218 2754 est.’
1255 2722 1419 2755 Ostendit
1433 2723 1489 2755 vel
1504 2733 1688 2759 consensu·

990 2773 1068 2815 iste,
1081 2772 1129 2807 nil
1145 2772 1276 2807 in=locis
1290 2772 1340 2805 bis
1353 2772 1565 2817 mutandum,
1577 2783 1689 2818 neque
