1806 3236
413 218 680 265 *scansus
710 227 999 265 ammomum
1038 225 1259 266 sumum.
1481 218 1571 266 719

91 343 95 345 ’
134 330 256 378 -1708
283 329 478 373 Johnsonl
497 340 551 374 11.
571 332 755 382 Londini,
773 332 957 388 impensis
975 334 1022 374 B.
1041 331 1235 382 Walffird,
1253 335 1332 375 &m
1352 333 1568 376 8.--Conf;

94 406 215 449 supra
230 407 297 437 an.
319 401 438 443 1701.
473 387 475 391 ’

146 479 204 491 ·—
220 460 426 509 Phaedrns,
445 473 537 501 cum
556 462 733 503 versione
752 462 910 503 Gallica
930 461 1096 502 Denisii.
1113 461 1290 503 Parisiis.
1313 468 1351 503 8.

147 530 255 574 1709
266 524 426 565 Phaedri
445 526 621 574 Fabulae,
639 527 691 568 ad
711 526 830 567 fidem
851 526 1088 579 optimarum
1105 526 1338 576 editionum,
1350 539 1427 568 una
1441 528 1566 568 aucti-

89 602 195 638 ores,
219 603 372 630 recusae
404 603 497 631 cnm
528 591 668 644 paucis
694 591 959 644 brevibusque
991 591 1108 632 notis.
1137 592 1342 632 Accedunt
1373 593 1566 634 Vindiciae

90 653 155 694 el.
183 653 310 694 Gudii
339 653 391 694 ab
421 655 691 696 acerbioribus
718 655 892 696 censuris
911 669 951 694 v.
982 669 1019 696 c.
1038 656 1127 697 Jac.
1161 657 1370 697 Gronovii.
1401 657 1565 698 Editore

89 719 156 759 Jo.
175 718 410 772 christoph.
423 719 583 761 Wolfio.
615 713 862 773 Flensburgi,
894 720 1092 760 sumtibus
1119 723 1236 762 Joan.
1266 721 1416 762 Christ.
1444 723 1569 762 Schu-

89 783 237 824 manni.
258 785 456 831 s.-Quae
484 785 525 824 in
545 785 664 838 hujus
691 786 757 826 ed.
786 786 903 826 titulo
921 786 1130 827 accessisse
1149 786 1295 826 dicitur
1323 786 1458 826 fabula
1474 799 1568 834 una,

88 859 177 888 eam
196 861 277 889 non
293 861 380 889 esse
397 849 550 903 antiqui
567 851 757 899 auctoris,
775 853 922 891 nedum
938 850 1111 898 Phaedri,
1131 851 1253 891 docet
1285 851 1488 892 Fabricius
1507 865 1570 891 su-

88 917 164 965 'pra
181 926 274 967 pag.
294 915 390 961 706.
407 929 490 969 seq·
537 915 710 969 Incipit:
741 922 754 941 ‘
772 917 895 957 Ranae
914 916 1068 970 paludis
1085 916 1256 965 incolae,'
1271 919 1351 956 &c-

116 1004 122 1011 ·
143 999 201 1009 -
219 979 382 1020 Fabulae
395 981 584 1034 antiquae,
600 996 648 1022 ex
660 982 831 1022 Phaedro
843 983 924 1023 fere
936 982 1098 1023 servatis
1112 982 1198 1034 ejus
1211 981 1339 1022 verbis
1358 981 1565 1030 desumtae,

90 1047 133 1083 et
148 1043 277 1084 soluta
294 1046 474 1087 oratione
493 1048 702 1101 expositas.
728 1047 837 1088 Inter
855 1062 955 1101 quas
973 1048 1223 1101 reperiuntur
1240 1046 1436 1087 nonnullae
1462 1047 1569 1099 ejus·

89 1106 182 1147 dem
200 1110 373 1150 auctoris
404 1116 446 1151 et
471 1111 637 1152 aliorum
656 1118 775 1152 antea
793 1113 950 1166 ignotae.
996 1112 1210 1153 Accedunt
1230 1111 1390 1152 Romuli
1420 1111 1570 1152 fabulae

90 1173 275 1227 AEsopiae.
304 1176 456 1217 Omnes
475 1191 526 1217 ex
545 1177 646 1217 Mss.
666 1177 888 1231 depromtae
919 1182 962 1218 et
983 1177 1153 1230 adjectis
1187 1177 1287 1217 notis
1306 1177 1426 1219 editae
1447 1191 1472 1218 a
1499 1179 1566 1219 Jo.

91 1238 205 1278 Fred.
227 1239 376 1280 Nilant.
394 1240 577 1293 Lugduni
596 1243 688 1282 Bat.
709 1242 816 1295 apud
834 1242 1041 1282 Theodor.
1062 1242 1194 1282 Haak.
1219 1249 1282 1283 12.

147 1309 267 1350 1710
270 1304 477 1354 Phaedrus,
492 1307 582 1347 Lat.
595 1312 636 1347 et
648 1307 754 1347 Gall.
770 1307 981 1360 interprete
998 1307 1378 1348 Richard.P1-evost.
1393 1308 1569 1357 Parisiis,

89 1369 450 1420 ap.Armand.12.

86 1433 114 1524 d
149 1433 462 1528 17ἰὲ1ὶερειίία
489 1435 775 1490 Hoogstratani
793 1436 916 1477 editio
941 1435 1246 1484 Amstelodami,
1273 1435 1381 1489 apud
1408 1437 1460 1477 de
1475 1437 1567 1479 Lin-

116 1497 166 1525 en

148 1555 252 1597 1712
266 1550 426 1592 Phaedri
439 1551 599 1593 Fabulae
617 1557 659 1592 et
677 1552 721 1592 P.
738 1553 826 1606 Syri
846 1553 961 1593 Mimi
979 1554 1208 1602 Sententiae,
1230 1554 1306 1595 hac
1327 1555 1465 1608 quinta
1483 1555 1570 1596 edi-

89 1614 199 1656 tione
213 1616 425 1666 auctiores,
451 1631 543 1658 cum
564 1618 670 1658 notis
689 1624 732 1659 et
751 1619 1091 1660 emendationibus
1109 1619 1215 1660 Tan.
1236 1619 1366 1660 Fabri.
1394 1620 1569 1661 Accedit

91 1685 134 1720 et
151 1681 311 1722 Gallica
328 1682 460 1723 versio
478 1683 562 1724 fere
581 1683 631 1724 de
651 1697 755 1724 novo
774 1683 926 1724 reficta.
949 1683 1253 1732 Amstelodami,
1278 1684 1387 1737 apud
1407 1685 1568 1726 viduam

90 1745 220 1786 Paulli
235 1747 398 1788 Marret.
415 1747 674 1790 s.—Additae
692 1756 787 1790 sunt
815 1749 932 1790 etiam
953 1750 1118 1790 Senecae
1137 1749 1367 1798 Sententiae,
1400 1763 1568 1803 quarum

90 1811 240 1852 mentio
258 1811 363 1852 haud
383 1812 492 1853 facta
510 1813 550 1852 in
570 1814 701 1854 titulo.

143 1899 200 1907 —
217 1877 425 1926 Phaedrus,
446 1891 484 1918 c.
506 1893 547 1920 n.
567 1879 673 1919 Sam.
693 1879 869 1933 Hoadly.
890 1879 1025 1920 Editio
1048 1891 1111 1920 1v.
1132 1878 1318 1920 Londini.
1339 1885 1377 1921 8.

142 1964 200 1973 —
216 1942 372 1983 Phaedri
397 1943 637 1985 Fabularum
655 1945 766 1985 Libri
785 1956 830 1986 v,
849 1945 890 1985 in
910 1958 1027 1985 usum
1045 1945 1295 1986 Scholarum.
1314 1943 1495 1997 Trajeoti
1516 1945 1578 1992 ad,

88 2005 221 2049 Rhen.
245 2014 310 2049 12.

148 2077 253 2119 1713
271 2073 430 2114 Phaedri
448 2075 687 2115 Fabularum
707 2075 957 2128 AEsopiarum
976 2074 1087 2114 Libri
1108 2085 1151 2114 V.
1172 2087 1265 2114 cum
1284 2072 1569 2115 emendationi-

89 2137 167 2177 bus
184 2143 226 2178 et
243 2140 538 2180 commentariis
557 2140 607 2180 ad
628 2140 792 2180 modum
810 2142 876 2181 Jo.
898 2140 1080 2180 Minellii.
1137 2139 1294 2186 Quibus
1314 2146 1572 2181 accesserunt

88 2202 290 2256 Symposii
318 2205 557 2259 AEnigmata,
588 2207 754 2246 Gabriae
781 2207 957 2253 Fabulae,
991 2204 1184 2245 Antonini
1217 2205 1408 2245 Liberalis
1437 2206 1570 2246 Meta·

88 2268 323 2321 morphoses
353 2271 426 2311 Gr.
459 2277 501 2311 et
532 2272 621 2312 Lat.
642 2286 735 2312 cum
757 2271 955 2325 prioribus
975 2271 1081 2311 curis
1107 2271 1207 2311 Abr.
1239 2270 1421 2319 Berkelii,
1440 2276 1482 2311 et
1500 2272 1570 2312 Se-

88 2345 214 2381 necoe,
245 2333 290 2375 it.
318 2336 364 2375 P.
395 2331 485 2388 Syri
515 2338 741 2385 Sententiae,
771 2350 868 2377 cura
885 2338 951 2378 Jo.
980 2337 1059 2377 Ge.
1080 2335 1261 2376 Walchii.
1280 2336 1437 2390 Lipsiae,
1463 2335 1570 2389 apud

88 2397 152 2438 Jo.
175 2398 277 2439 Lud.
291 2399 526 2448 Gleditsch‚
538 2407 579 2441 et
598 2402 658 2441 M.
673 2403 730 2441 G.
744 2401 990 2441 Weidmann.
1014 2407 1078 2442 12.

146 2486 203 2493 —-
221 2464 378 2505 Phaedri
396 2466 639 2507 Fabularum
660 2466 771 2507 Libri
791 2478 832 2507 ν.
890 2467 938 2506 In
965 2466 1143 2519 Corpore
1162 2472 1286 2506 veter.
1304 2464 1460 2505 PoEtar.
1480 2465 1570 2505 Lat.

90 2544 116 2571 a
135 2530 258 2570 Mich.
300 2530 504 2570 Maittario
528 2531 741 2579 editorum,
769 2532 887 2571 Tom.
919 2543 949 2571 1.
986 2544 1077 2584 pag.
1111 2529 1205 2575 7‘88.
1235 2542 1350 2583 seqq.
1379 2529 1567 2579 Londini,

90 2595 199 2650 apud
217 2597 337 2637 Joan.
355 2596 593 2645 Nicholson,
612 2598 659 2637 B.
680 2596 838 2645 Tooke,
858 2603 898 2637 et
918 2598 983 2637 Jo.
996 2596 1178 2636 Tonson.
1198 2595 1282 2634 Fol.

143 2682 199 2691 —-
215 2660 374 2701 Phaedri
394 2661 631 2702 Fabularum
650 2663 788 2715 AEsop.
814 2661 924 2703 Libri
953 2672 996 2700 V.
1015 2661 1110 2701 item
1129 2659 1276 2700 fabulae
1302 2659 1499 2712 quaedam-
1519 2672 1569 2699 ex

92 2726 174 2767 Ms.
201 2727 325 2769 veteri
343 2741 367 2768 a
386 2728 520 2780 Marq.
540 2727 680 2769 Gudio
699 2728 926 2781 descriptae,
958 2740 1048 2768 cum
1068 2725 1207 2766 Iudice
1238 2738 1382 2765 vocum
1401 2730 1442 2765 et
1459 2724 1570 2765 locu-

93 2792 262 2836 tionum.
317 2792 568 2848 Appendicis
599 2793 691 2836 loco
709 2792 956 2846 adjiciuntur
975 2791 1122 2835 sabulae
1149 2791 1306 2834 Graecae
1324 2790 1508 2845 quaedam
1527 2797 1569 2832 et
