1806 3236
320 247 524 283 PHAEDM
559 247 669 282 ΕΑΒ.
701 245 1009 283 AESOPIARUM
1044 248 1142 285 Lm.
1175 253 1252 286 111.
1286 253 1437 287 PROL.

142 350 154 370 ‘
168 350 284 386 Threx
306 351 344 395 et
366 348 508 391 auriga!
553 347 611 381 Sic
631 346 854 380 scribendum

144 413 189 437 ex
213 401 387 446 plerisque
413 400 501 434 Mss.
523 400 656 433 monuit
678 399 853 433 Casaubo·

142 464 226 496 nun
258 457 300 488 nt
325 452 445 486 statim
474 462 551 496 cap.
578 455 634 484 55.
665 451 675 470 ‘
700 451 853 485 Threeas

141 507 308 552 quosdam
321 505 343 548 ;’
378 515 423 539 ex
449 506 536 539 Mss.
564 505 624 538 ubi
664 514 852 547 perperam

143 558 290 594 firmes.
333 558 367 592 A
390 558 508 592 Threx
534 557 642 600 igitur
657 556 851 597 descendit,

137 612 295 647 Threissa
309 616 347 646 et
356 611 545 645 Threicius.
579 610 744 643 Similiter
759 609 852 652 apud

138 665 336 699 Cornelium
360 665 536 708 Nepotem
557 663 700 707 legitur,
721 663 731 682 ‘
746 663 852 695 Thre-

136 716 222 751 ces!
247 717 335 751 Gud.

183 767 330 803 Uti-cissa
339 779 408 802 cum
415 768 507 811 gens]
517 767 659 801 Iudicat
669 766 850 809 Phaedrus,

135 829 175 854 se
186 823 290 864 geute
299 821 467 854 Thracem
482 830 575 854 esse:
592 819 741 863 ideoque
750 819 850 852 Grae·

135 872 200 905 ciae
229 872 435 906 eruditionis
466 872 605 916 parenti
635 871 849 914 propiorem,

134 934 237 969 quam
265 925 322 957 vel
345 923 494 968 AEsopus
517 924 651 966 Phryx,
674 922 730 956 vel
755 921 849 955 Aua·

133 977 265 1015 charsis
276 976 418 1019 Scytha.
453 977 538 1019 Pro,
552 978 694 1009 numeret
705 978 849 1008 amores

131 1039 217 1072 suos,
230 1029 361 1070 malim,
376 1031 462 1062 auct.
478 1028 578 1070 Deos,
599 1023 847 1073 nempeApol·

130 1081 252 1124 linem,
275 1084 313 1114 et
333 1080 482 1122 Musam,
506 1078 542 1111 id
564 1081 631 1117 est,
655 1075 847 1118 Calliopen,

132 1143 212 1177 qun
226 1137 338 1167 mater
351 1131 486 1175 Orphei
508 1129 615 1164 fuisse
629 1126 845 1173 perhibetur.

131 1184 222 1218 Rue.

172 1235 332 1270 Auctor-es
343 1234 431 1280 euos]
451 1233 707 1269 Rittershusius
723 1231 847 1266 scribit

127 1290 272 1322 aarum
285 1283 382 1322 Deos.
425 1285 496 1319 Sed
519 1285 585 1319 hoc
611 1284 759 1328 primum
780 1282 844 1316 fal»

129 1348 205 1373 sum
217 1338 264 1372 de
275 1337 441 1381 Apolline
454 1341 493 1371 et
506 1337 621 1375 Musa,
636 1336 764 1370 deinde
779 1345 844 1369 nec

127 1389 208 1424 hine
221 1391 390 1434 seqnitur,
404 1390 433 1423 si
446 1393 608 1423 auctores
621 1392 749 1431 essent,
759 1398 843 1431 ergo

127 1439 318 1476 Phindrum
343 1440 451 1474 decus
474 1439 600 1483 patriae
624 1449 693 1472 non
709 1439 842 1472 debere

127 1491 306 1526 deserere.
362 1493 493 1526 Locum
522 1501 606 1533 ergo
642 1491 842 1525 obscurissi-

126 1553 221 1577 mum
235 1543 286 1577 sic
305 1553 454 1586 expono.
498 1543 606 1576 Linus
623 1547 660 1575 et
677 1543 840 1585 Orpheus

126 1595 231 1637 primi
256 1594 385 1628 litteris
407 1595 634 1628 excoluerunt
654 1594 841 1628 Graeciam.

125 1645 252 1691 Itaque
261 1650 423 1680 auctores
434 1655 496 1679 eos
507 1649 611 1679 vocat
627 1650 663 1678 et
678 1649 840 1679 auctores

125 1697 290 1741 Graeciae,
311 1701 483 1742 quatenus
497 1701 552 1731 est
573 1696 743 1731 litterata.
787 1698 839 1730 Eo

126 1749 220 1782 euim
243 1748 284 1782 τὸ
315 1753 459 1783 auctores
487 1748 712 1788 referendum
745 1747 838 1781 vide-

126 1804 195 1834 tur.
240 1801 352 1835 Porro
366 1801 430 1834 hos
452 1805 616 1835 auctores
639 1800 726 1834 dicit
746 1801 838 1834 Nos·

124 1858 182 1886 ter
209 1853 345 1888 stram
371 1863 536 1886 numerare
563 1863 647 1894 suos,
677 1852 742 1885 hoc
773 1855 838 1895 est,

123 1905 242 1940 dicere
256 1915 325 1939 non
340 1915 415 1939 esse
431 1905 590 1946 Graecos,
605 1913 724 1937 verum
734 1904 840 1936 Thra-

46 1980 49 1982 -
118 1952 207 1991 ὶίοω
227 1958 342 2000 gentis
361 1957 529 1991 homines.
576 1958 753 1989 Numerare
766 1966 840 1989 auc-

122 2012 208 2042 tores
227 2019 299 2042 suos
323 2009 373 2042 sic
387 2013 442 2042 est
457 2008 600 2050 dictum,
623 2009 714 2041 sicut
735 2008 745 2026 ‘
764 2008 836 2040 Ali-

122 2069 224 2103 quem
249 2064 489 2094 accusatorem
513 2069 611 2092 suum
626 2058 836 2100 numerare,'

123 2110 216 2153 apud
238 2106 441 2144 Ciceronem
459 2111 495 2143 iu
512 2109 612 2143 Orat.
629 2120 694 2152 pro
709 2110 836 2143 Murae·

122 2171 179 2195 na.
223 2162 304 2196 Jam
331 2172 408 2196 cum
439 2162 591 2206 Thraces
619 2160 750 2193 fuerint
773 2160 836 2203 illi,

121 2212 181 2256 qui
197 2212 373 2246 Graeeiam
390 2213 583 2246 instruxere
606 2212 744 2254 litteris,
761 2213 836 2246 vult

122 2264 261 2299 dicere:
286 2266 358 2299 Cur
381 2275 445 2307 ego
468 2275 536 2297 non
554 2265 678 2298 studeo
694 2274 834 2297 servare

119 2316 186 2350 hoc
203 2316 310 2350 decus
333 2326 419 2350 meae
443 2317 580 2359 patriae,
594 2326 671 2349 cum
689 2326 834 2358 proeser-

119 2368 184 2402 tim
205 2366 334 2410 Apollo
355 2372 393 2401 et
407 2368 523 2411 Musa,
549 2367 607 2401 Dii
632 2368 773 2411 artium,
797 2368 832 2400 in

117 2419 264 2453 'I'liracia
292 2430 370 2453 mea
398 2419 599 2462 habitarint,
626 2419 742 2462 ibique
772 2428 832 2452 eos

118 2474 276 2506 auctores
292 2471 456 2506 litteratas
473 2471 623 2505 Graeciae
639 2480 832 2514 progenue-

1535 244 1620 288 481

910 346 990 380 rint.
1003 347 1112 388 Schef.
1137 348 1387 385 Rittershusius
1401 353 1495 388 Deos.
1516 355 1622 391 Male.

907 398 1064 432 Auctore:
1078 404 1170 442 suut,
1188 401 1323 436 Poetae.
1347 403 1463 438 Heius.

951 454 994 484 67
1016 451 1114 494 Lino]
1135 453 1237 495 Virg.
1254 454 1392 489 Ecl.1v.
1416 456 1428 474 ἴ
1444 457 1538 492 Huic
1551 469 1622 493 ma·

908 506 963 535 ter
979 503 1145 545 quamvis,
1168 509 1273 548 atque
1289 506 1367 540 huic
1390 513 1491 551 pater
1516 512 1620 555 adsit,

907 553 1042 596 Orphei
1083 554 1277 599 Calliopea,
1316 559 1403 593 Lino
1450 561 1619 598 formosus

906 604 1056 648 Apollo.¹
1080 607 1217 640 Prasch.

951 656 1019 694 Qui
1043 667 1124 691 saxa
1143 663 1238 692 cantu
1256 663 1372 706 movit]
1397 665 1504 700 Ovid.
1527 668 1620 704 Met.

906 716 959 740 xi.
981 708 1060 742 init.
1083 709 1094 727 ‘
1120 710 1282 745 Carmine
1307 714 1389 750 dum
1413 718 1476 751 tali
1503 721 1619 762 sylvas

907 761 1108 805 animasque
1141 762 1294 798 ferarum
1318 767 1495 804 Threicius
1522 778 1619 808 vates

904 817 942 846 et
965 822 1049 846 saxa
1064 816 1248 858 sequentia
1273 819 1406 853 movit.'
1452 821 1618 867 Propert.

904 863 1003 906 Eleg.
1018 865 1080 899 lib.
1092 875 1149 900 111.
1166 870 1198 900 1.
1219 868 1229 886 ‘
1245 868 1403 914 Orpheu,
1415 876 1450 907 te
1462 877 1617 912 tenuisse

902 914 1009 958 feras,
1049 922 1086 950 et
1125 920 1266 967 concita
1305 922 1428 958 dicunt
1456 927 1618 964 Flumina

903 966 1069 1001 Threicia
1094 969 1287 1006 detinuisse
1312 974 1411 1017 lyra.'
1455 979 1513 1012 De
1535 980 1619 1015 Am·

901 1019 1027 1062 phioue
1039 1020 1206 1056 Horatius
1219 1036 1227 1057 :
1250 1026 1261 1044 ‘
1273 1026 1366 1061 Saxa
1378 1039 1517 1065 movere
1530 1045 1615 1069 sono

901 1070 1101 1115 testudinis,
1127 1076 1164 1107 e't
1188 1086 1294 1118 prece
1318 1076 1448 1115 blanda
1462 1085 1616 1131 Ducere,

900 1131 970 1165 quo
987 1120 1115 1158 vellet?
1159 1126 1264 1161 Silius
1278 1130 1338 1164 lib.
1351 1141 1405 1167 xr.
1421 1135 1432 1153 ⁴
1445 1136 1615 1180 Lapidem

900 1173 1076 1208 testudine
1102 1175 1189 1209 felix
1205 1179 1358 1224 Ducere,
1380 1189 1418 1218 et
1439 1187 1474 1220 iu
1498 1186 1615 1226 muros

897 1225 1055 1266 posuisse
1096 1228 1250 1263 volentia
1284 1235 1392 1268 saxa?
1451 1239 1615 1277 Lucanus

897 1277 958 1310 lib.
975 1285 1059 1312 vm.
1081 1279 1127 1313 de
1149 1285 1338 1319 venerabili
1353 1298 1413 1323 ore
1429 1291 1613 1337 Pompeii:

896 1328 907 1347 ‘
932 1329 1014 1363 Hoc
1044 1331 1152 1374 leges,
1174 1344 1412 1383 campumque
1442 1347 1480 1377 et
1502 1351 1615 1382 rostra

898 1381 1083 1416 movebat!
1144 1385 1239 1420 Quid
1270 1394 1325 1422 est
1353 1402 1478 1428 movere
1504 1397 1614 1439 leges?

897 1442 979 1466 num
1002 1444 1126 1469 movere
1146 1438 1231 1479 leges
1255 1446 1324 1484 est,
1351 1443 1545 1490 abrogare?
1569 1462 1613 1485 an

896 1493 982 1518 vero
1008 1487 1073 1520 hoc
1096 1489 1132 1522 iu
1157 1491 1319 1527 laudibus
1337 1495 1498 1541 Pompeii
1521 1512 1612 1536 com-

895 1540 1079 1572 memorari
1106 1545 1266 1583 poterat?
1289 1545 1360 1588 [Au
1386 1554 1423 1582 et
1446 1556 1549 1586 rosera
1574 1558 1613 1588 et

895 1598 1039 1632 campum
1048 1591 1228 1635 abrogavit
1239 1595 1426 1640 Pompeius
1432 1601 1462 1644 ?]
1479 1602 1611 1647 inepte.

894 1640 965 1673 Sed
980 1641 1060 1685 lege
1071 1653 1181 1685 parva
1193 1649 1383 1682 mutatione
1396 1662 1404 1684 :
1421 1653 1495 1686 Hoc
1509 1665 1611 1702 reges,

894 1702 1095 1736 campumque
1110 1699 1142 1728 et
1156 1701 1261 1731 rostra
1273 1701 1424 1736 movebat.
1449 1705 1542 1739 Gud.

941 1743 1007 1780 Qui
1019 1751 1100 1779 saxa
1119 1750 1214 1781 cantu
1229 1748 1342 1794 movit]
1368 1753 1463 1789 Nota
1486 1767 1542 1790 res
1565 1759 1609 1793 de

894 1791 1029 1837 Orphei
1039 1797 1071 1829 vi
1080 1800 1290 1842 musicae,vel
1298 1812 1341 1836 ex
1349 1805 1609 1848 elegantissimo

894 1846 954 1879 illo
971 1847 1112 1891 Edyllio
1128 1851 1237 1885 Cassii
1254 1853 1465 1901 Parmensis,
1486 1860 1607 1896 Poetae

891 1897 986 1931 iuter
996 1904 1133 1935 veteres
1144 1904 1271 1947 Epicos
1281 1908 1399 1941 eximii
1411 1915 1447 1943 et
1458 1912 1608 1949 Horatio

892 1951 1052 1992 aequalis:
1077 1955 1170 1996 quod
1186 1959 1342 1998 quamvis
1361 1960 1436 2002 jam
1451 1973 1546 2007 saepe
1560 1966 1608 2000 sit

892 2001 1039 2044 editum,
1055 2007 1229 2040 nonnullis
1244 2010 1349 2043 etiam
1365 2019 1514 2055 negetur
1530 2026 1606 2051 esse

889 2051 1032 2095 γνήσιον,
1054 2054 1187 2089 factum
1202 2060 1320 2100 potius
1344 2065 1505 2099 tentandi
1526 2078 1606 2110 gra·

890 2105 994 2139 tia-ab
1006 2108 1143 2143 Achille
1159 2111 1274 2146 Statio
1286 2115 1451 2150 Lusitano
1463 2130 1472 2159 3
1490 2122 1606 2155 tamen

889 2158 945 2191 hic
962 2170 1101 2204 quoque
1117 2163 1220 2195 Notis
1236 2164 1324 2205 istis,
1344 2170 1508 2211 tanquam
1529 2174 1606 2215 pul-

889 2211 1009 2244 chrum
1038 2214 1213 2256 quoddam
1241 2217 1420 2261 emblema,
1449 2222 1603 2259 inserere

889 2263 1001 2296 visum
1028 2270 1096 2307 est,
1121 2267 1281 2309 subjecta
1297 2270 1374 2312 ejus
1389 2275 1603 2317 metaphrasi

889 2316 1025 2359 Graeca,
1049 2318 1130 2350 olim
1155 2320 1336 2354 elaborata
1358 2323 1402 2356 ab
1429 2329 1601 2362 avunculo

886 2372 1006 2401 nostro
1023 2369 1226 2403 doctissimo
1246 2372 1280 2404 in
1296 2374 1444 2415 gratiam
1461 2377 1600 2413 virtutis

887 2420 1033 2470 eruditae
1061 2423 1293 2457 studiosorum
1319 2426 1599 2464 adolescentum:

887 2471 1011 2515 quibus
1027 2478 1064 2507 et
1079 2483 1141 2508 uos
1153 2476 1241 2509 hane
1259 2486 1401 2520 operam
1415 2479 1546 2515 damus.

502 2610 655 2646 cAssn
680 2611 960 2660 PARMENSIS
985 2616 1226 2653 ORPHEUS.

268 2754 271 2755 ⁷
377 2708 535 2743 Aaou’rA
559 2711 707 2753 primum
733 2722 812 2745 cum
830 2714 971 2755 'plectra
994 2717 1161 2758 parentis,
1183 2721 1219 2750 et
1242 2722 1326 2752 auro

331 2764 542 2798 Distinctam
566 2767 712 2809 sumpsit
737 2768 903 2801 citharam
929 2769 1154 2813 Rhodopeius
1179 2772 1305 2814 heros;

334 2820 512 2853 Ridebant
535 2831 658 2864 segnes
683 2823 811 2864 pulsus,
836 2823 1032 2868 digitosque
1056 2826 1225 2860 micantes

332 2872 461 2916 Serius,
484 2879 522 2908 et
545 2875 681 2909 chordis
706 2877 857 2910 indoctae
881 2877 1020 2912 dissona
1045 2880 1149 2914 vocis.

203 2927 320 2970 Delpla.
333 2931 363 2960 et
380 2928 456 2962 Var.
471 2930 558 2963 Clas.

807 2932 939 2966 Phaedr.

1428 2938 1507 2971 2H
