1806 3236
183 231 270 274 408

185 337 307 370 Cicero
322 341 357 370 et
370 338 502 370 Plinius
518 341 554 370 et
567 337 625 370 alii
637 341 795 371 auctores
812 347 889 379 pas-

185 389 247 422 sim
272 390 321 422 ita
339 390 559 432 scripserint;
581 389 671 432 quod
701 389 890 431 reperient,

184 441 242 483 qui
266 442 416 483 antiquae
441 441 554 473 aetatis
587 440 726 473 codices
759 444 888 472 tracta-

184 491 282 525 bunt.
329 493 384 524 Ita
397 491 489 534 apud
510 491 664 525 Martial.
681 492 749 534 Ep.
764 500 821 523 ιιι.
834 493 888 523 93.

183 543 193 561 ‘
206 543 362 576 Niliacus
372 543 498 575 habeat
509 543 711 576 Corcodilus
723 545 893 584 angusta,’

183 594 273 626 utin
290 594 401 626 veteri
417 593 537 627 codice
551 594 673 636 Regio,
698 598 734 626 et
757 594 807 626 ita
818 603 889 626 me-

185 643 231 676 tri
255 643 344 676 ratio
360 644 480 685 exigit.
523 644 580 677 Sic
596 644 700 677 etiam
723 644 889 686 Antiquae

183 694 317 726 Glossae
334 694 576 736 Divionenses,
589 695 816 736 septingentis
831 705 890 727 an·

183 744 235 776 nis
258 744 480 785 vetustiores,
509 745 601 787 apud
624 745 787 788 Ampliss.
829 746 889 778 Se-

186 800 341 827 natorem
370 795 600 828 Philibertum
631 797 675 829 de
707 797 740 829 la
766 797 889 829 Mare:

184 847 194 863 ‘
217 846 411 887 Comacinus,
437 847 559 881 animal
590 847 626 880 in
655 848 738 881 Nilo
751 848 773 881 :'
810 859 889 881 nam

184 897 233 929 sic
250 898 317 940 legi
335 898 384 930 ibi
405 897 533 931 debere
545 899 696 932 ostendit
711 899 796 932 ordo
811 900 890 932 lite-

184 959 310 990 rarum,
330 959 408 982 cnm
431 954 608 993 sequatur,
628 951 638 969 ⁴
651 951 767 993 Cos-na,
791 961 892 993 pomu

186 1000 369 1033 silvestria.
428 1001 612 1043 Congium,
637 996 716 1044 piu-s
744 1011 763 1034 e
791 1001 893 1043 ludis,

184 1050 321 1092 quando
347 1051 538 1084 Proverbia
563 1052 737 1086 dicuntur.
783 1054 894 1086 Corni-

182 1113 250 1143 cen,
261 1102 319 1145 qui
333 1103 368 1135 in
385 1113 492 1136 cornu
508 1104 627 1138 canit!
661 1106 752 1138 Nam
769 1105 796 1137 si
816 1106 893 1137 Cro-

184 1153 303 1185 codilus
317 1153 494 1187 debuisset
517 1155 635 1196 scribi,
662 1156 760 1198 rejici
784 1156 893 1189 debu·

187 1204 272 1236 isset
287 1204 330 1236 ad
348 1205 526 1246 vocabula,
542 1216 616 1249 quae
645 1217 665 1239 a
689 1208 752 1239 Cro
773 1207 894 1249 incipi·

187 1259 264 1288 unt.
308 1257 355 1288 Et
381 1256 539 1289 similiter
565 1258 731 1300 scriptum
761 1258 828 1299 legi
855 1259 891 1290 in

186 1307 253 1338 alio
270 1307 503 1340 vetustissimo
518 1309 683 1351 glossario
699 1309 892 1352 Longobar-

184 1358 271 1390 dicis
283 1358 395 1390 literis
412 1363 567 1401 exarato,
592 1369 692 1402 quem
709 1361 788 1393 olim
801 1361 891 1394 Clar.

184 1408 334 1441 ,lacobus
361 1409 550 1442 Mentelius
577 1410 739 1443 Medicus
762 1411 891 1444 Parisi-

185 1459 278 1492 ensis
293 1469 429 1492 mecum
445 1461 723 1493 communicavit.
767 1461 893 1503 Neque

183 1509 237 1542 his
252 1509 418 1550 obstabit,
431 1510 523 1551 quod
549 1511 672 1543 bellum
689 1511 789 1544 istius
807 1512 894 1544 Nili·

186 1569 258 1591 acae
280 1569 404 1593 nomen
421 1569 441 1591 a
456 1559 591 1592 Graecis
613 1561 727 1594 Latini
749 1571 893 1604 accepe-

186 1610 266 1649 rint,
285 1609 342 1651 qui
359 1609 561 1651 Κροκόδειλος
583 1611 809 1653 scripserint:
834 1611 896 1644 im·

185 1670 241 1692 mo
253 1669 334 1692 vero
347 1660 411 1693 hoc
425 1661 502 1702 ipso
515 1661 685 1694 clarescet
699 1666 736 1693 et
749 1661 894 1694 illustra-

185 1710 279 1742 bitur
293 1711 411 1752 magis.
457 1711 514 1743 Sic
530 1711 621 1743 enim
637 1721 732 1752 saepe
747 1712 895 1744 vocabu·

183 1762 231 1802 la,
251 1771 328 1803 quae
353 1771 374 1792 a
400 1762 536 1794 Graecis
550 1761 680 1793 habent
692 1761 818 1803 Latini,
832 1761 894 1794 im-

183 1815 382 1846 mutarunt:
417 1812 467 1843 sic
496 1821 540 1844 ex
567 1812 769 1844 Graecorum
802 1810 893 1854 κρέας

184 1866 302 1894 natum
318 1862 452 1894 Latinis
471 1862 481 1881 ‘
496 1872 578 1894 caro
590 1861 611 1901 3'
634 1871 654 1893 a
669 1860 782 1903 βραδὺς
803 1862 813 1879 ‘
827 1866 894 1894 tar-

185 1912 272 1945 dus!
316 1912 375 1944 Sic
395 1913 405 1930 ‘
419 1912 562 1954 pistrix’
585 1913 720 1945 Latinis
740 1917 777 1945 et
795 1912 893 1945 Cice-

183 1964 260 1996 roni
281 1963 411 1996 dicitur
423 1963 549 2004 bellua,
564 1973 639 2006 quie
656 1963 791 1996 Graecis
804 1963 894 2005 πρίσ-

183 2027 231 2047 τις
263 2020 300 2047 et
325 2014 465 2056 πρίστης.
510 2014 592 2047 Vid.
620 2014 823 2056 Dalecamp.
850 2014 895 2047 ad

185 2060 420 2099 Plin.lib.'1x.
435 2068 467 2098 4.
514 2064 646 2098 Eodem
662 2064 766 2097 modo
788 2062 895 2107 κάρτε-

184 2129 248 2158 pos,
263 2117 408 2156 validus,
418 2115 548 2149 viribus
566 2119 603 2148 et
618 2115 742 2148 robore
755 2119 894 2158 potens,

187 2171 224 2200 et
254 2167 413 2209 κράτερος,
438 2171 622 2208 utrumque
648 2165 750 2198 valde
772 2166 806 2198 in
831 2176 896 2199 usu

187 2223 254 2251 est.
299 2218 357 2250 Sic
380 2227 457 2260 quae
486 2217 590 2249 Dioni
617 2216 651 2248 in
679 2217 833 2258 Nerone,
859 2222 896 2250 et

187 2269 336 2310 Graecis,
359 2266 530 2310 Ἀνδράστη
545 2267 622 2299 Dea
636 2266 896 2308 Britannorum,

187 2319 319 2351 Latinis
333 2318 513 2351 dicebatur
534 2318 544 2335 ‘
557 2316 738 2358 Andarte,’
757 2321 795 2350 ut
815 2328 895 2350 con-

185 2373 316 2401 stanter
363 2369 400 2400 in
434 2369 568 2401 duabus
609 2368 895 2409 inscriptionibus

184 2419 276 2461 apud
304 2419 449 2452 Gruter.
477 2429 556 2462 pag.
582 2422 638 2451 88.
682 2419 730 2451 Et
761 2419 894 2452 Latinis

185 2471 193 2487 ‘
207 2469 420 2510 Tarracina,'
436 2469 522 2511 sive,
542 2474 581 2502 ut
603 2469 738 2502 Plinius
763 2470 896 2511 scribit,

186 2519 403 2560 ‘Taracina‚'
435 2519 562 2552 Strabo
599 2519 723 2552 scribit
758 2520 894 2553 Graecis

186 2570 281 2611 prius
307 2569 439 2602 dictum
469 2569 572 2602 fuisse
601 2570 750 2612 Τραχῖνη.
811 2571 894 2603 Non

186 2620 381 2661 negandum
396 2630 478 2653 vero
494 2625 561 2661 est,
591 2621 735 2663 Poetas,
759 2622 893 2663 quoties

187 2670 298 2711 prima
313 2669 405 2703 foret
428 2672 662 2714 corripienda,
688 2672 733 2705 ad
753 2672 893 2705 imitati-

187 2729 286 2752 onem
312 2721 516 2753 Graecorum
543 2722 720 2763 scripsisse
746 2722 893 2754 crocodi-

187 2771 246 2800 lus.
301 2770 357 2802 Sic
382 2770 512 2803 Horat.
535 2772 647 2813 Epod.
674 2782 741 2805 xu.
771 2773 781 2790 ‘
798 2773 893 2804 Ster-

188 2829 267 2851 core
300 2819 436 2853 fucatus
471 2822 666 2855 Crocodiii!
720 2822 888 2855 Prudent.

643 241 787 273 NOTAE
820 241 1085 274 VARioaum
1120 242 1171 274 IN

938 341 1049 371 contr.
1064 338 1259 380 Symmach.
1291 338 1352 370 lib.
1370 347 1411 371 11.
1437 339 1446 355 ‘
1462 337 1526 370 Isis
1551 338 1642 370 enim

940 392 977 421 et
991 388 1142 431 Serapis,
1155 393 1193 423 et
1208 389 1330 431 grandi
1344 389 1442 421 simia
1453 388 1575 429 cauda,
1595 387 1643 420 Et

941 438 1141 471 Crocodilus
1156 439 1261 480 idem,
1283 438 1494 482 quodsum,
1516 439 1643 470 Laver-

939 499 998 530 nn,
1023 490 1195 532 Priapus!
1246 492 1292 524 Et
1319 490 1371 524 itu
1397 495 1530 532 postes,
1557 488 1643 522 urbe

941 542 1074 575 Graecis
1088 541 1280 587 hominibus
1293 543 1440 584 repieta,
1455 541 1556 574 unice
1569 545 1644 573 tsn-

941 595 1018 626 dem
1045 593 1207 635 obtinuit,
1232 599 1272 627 ut
1294 594 1506 626 scriberetur
1529 593 1644 625 Croco-

939 646 1034 677 dilus.
1063 645 1157 678 Gud.
1222 671 1227 675 .

983 699 1006 728 6
1029 695 1206 733 Quamlibet
1224 694 1324 728 lambe
1347 693 1456 737 ocyus]
1486 694 1644 736 Scripse-

942 752 997 780 rat
1010 751 1144 788 auctor,
1158 757 1252 789 quum
1261 747 1355 788 (pro,
1365 744 1644 788 quant-impius,

941 798 1059 831 lambe.-
1080 798 1180 830 otium
1194 801 1251 830 est.
1274 797 1414 830 Prnscb.
1442 796 1529 835 Pro,
1539 804 1645 839 quan·-

942 853 1014 881 tum
1030 848 1127 882 libet.
1149 848 1276 881 Cicero
1290 857 1354 890 pro
1365 847 1494 880 caelio:
1509 846 1520 864 ⁴
1531 846 1650 880 Qun-

942 898 1040 940 velit‚
1053 899 1100 932 sit
1115 897 1264 941 potens!
1308 898 1366 931 Sic
1380 897 1557 930 Terentius
1571 895 1645 930 110·-

942 960 1024 992 cyra
1041 949 1121 983 Act.
1135 959 1186 984 ιν.
1208 950 1266 983 S'c.
1281 953 1314 984 4.
1361 950 1468 992 Ocyus
1491 947 1647 982 referes-

943 1001 1024 1034 dum
1051 1006 1106 1035 est
1135 1003 1179 1036 ad
1206 1011 1350 1045 sequens
1374 1001 1507 1042 Accede,
1531 1010 1552 1033 a
1576 1009 1649 1043 qun

944 1062 1124 1095 perperam
1151 1056 1320 1086 commate
1346 1051 1486 1084 divulsit
1514 1050 1647 1084 Ritter-

943 1103 1089 1144 shusins‚
1111 1103 1334 1145 continetque
1358 1100 1651 1148 adhortationem.-

943 1155 1124 1189 Quomodo
1147 1154 1239 1197 apud
1264 1154 1428 1186 Plautum
1457 1152 1493 1185 in
1514 1152 1648 1188 Meren-

943 1209 1020 1237 tore
1041 1204 1179 1246 legitur,
1200 1203 1292 1236 ‘Abi
1317 1201 1448 1245 ocyus?
1488 1200 1648 1234 Malebnt

942 1255 1137 1298 Praschius,
1152 1255 1250 1288 otium
1262 1258 1322 1296 est,
1347 1253 1439 1287 citra
1460 1251 1645 1285 necessita·

942 1310 1027 1347 tem,
1051 1310 1091 1338 ut
1106 1305 1240 1347 opinor.
1284 1305 1461 1337 Caeterum
1485 1303 1575 1336 hunc
1598 1301 1647 1335 ln·

941 1368 1019 1391 cnm
1034 1358 1085 1391 ita
1099 1357 1203 1399 edidi,
1223 1361 1362 1390 secutus
1377 1359 1512 1389 veteres
1524 1353 1647 1388 editio-

940 1419 1014 1442 nes.
1060 1408 1202 1451 Rigaltii
1216 1411 1392 1450 postrema
1402 1415 1468 1449 pro
1479 1414 1576 1448 ocyus
1587 1405 1646 1438 bn-

940 1460 999 1493 bet
1016 1459 1092 1501 ocio,
1105 1467 1310 1501 versumque
1325 1460 1530 1500 sequentem
1547 1456 1645 1498 peni-

942 1516 997 1544 tus
1010 1510 1155 1551 omittit,
1175 1513 1214 1542 et
1240 1509 1276 1542 in
1308 1508 1413 1541 tertio
1438 1516 1505 1550 pro
1528 1505 1647 1548 Inquit

942 1561 1090 1605 praefert
1115 1561 1202 1602 Noli,
1228 1560 1329 1593 nimis
1363 1558 1548 1592 temeratis
1570 1566 1648 1590 eor·

943 1613 1109 1646 rectione.
1149 1610 1255 1651 Saites.
1311 1611 1405 1653 Lege
1430 1609 1508 1643 dum
1537 1607 1647 1641 veteri

943 1665 1075 1706 codice,
1088 1663 1164 1696 otio.
1208 1663 1355 1695 Petron.
1369 1670 1448 1704 cap.
1464 1663 1519 1693 51.
1540 1661 1552 1679 ‘
1564 1658 1649 1692 Phi-

943 1715 1031 1748 alam
1046 1715 1119 1747 otio
1133 1713 1224 1747 belle
1236 1711 1413 1745 correxit?
1434 1710 1551 1744 Heius.
1588 1708 1648 1742 Ad

942 1774 1043 1808 quem
1068 1763 1227 1796 Petronii
1246 1763 1361 1796 locum
1375 1760 1456 1794 vide
1469 1760 1646 1793 adnotata.

986 1814 1164 1851 Quamlibet
1179 1812 1280 1845 lambe
1292 1821 1399 1855 ocyus,
1419 1811 1498 1844 Noli
1520 1809 1624 1843 vem-i
1633 1819 1647 1848 ,-

939 1868 974 1898 ut
983 1864 1052 1906 ille]
1074 1865 1186 1897 Locus
1196 1862 1474 1905 corruptissimus
1485 1866 1523 1894 et
1538 1860 1650 1903 inqui-

941 1915 1145 1958 natissimus,
1165 1923 1235 1957 quo
1256 1923 1358 1947 nemo
1369 1913 1472 1946 facile
1488 1921 1526 1945 se
1540 1917 1648 1954 expe-

942 1965 1027 1999 diet.
1052 1965 1155 2000 Quod
1165 1965 1341 2007 vulgatum
1356 1969 1422 2002 est,
1430 1963 1530 1996 nimis
1540 1962 1644 2005 longe

943 2017 1018 2050 abit
1033 2027 1054 2050 a
1069 2017 1274 2059 scriptorum
1299 2014 1458 2049 codicum
1479 2013 1645 2055 lectione,

943 2072 979 2100 ct
1002 2077 1119 2100 sensus
1147 2068 1300 2109 languet.
1345 2066 1513 2108 Rigslnns
1535 2067 1647 2097 totum
1687 2075 1689 2077 ·

943 2118 1041 2157 illud,
1067 2118 1163 2159 Pota,
1187 2118 1306 2158 accede,
1327 2116 1393 2149 noli
1407 2115 1649 2155 cinereum»,

943 2174 1108 2212 tanquam
1132 2167 1386 2201 immedicabile
1400 2167 1535 2206 vulnus,
1562 2174 1647 2198 ense

945 2220 1169 2253 recidendum
1205 2220 1355 2262 putavit.
1412 2218 1556 2252 Scilicet
1581 2217 1648 2250 hoc

945 2271 1094 2304 omnium
1107 2276 1184 2303 erat
1195 2269 1408 2312 facillimum,
1416 2268 1543 2302 nodum
1553 2268 1648 2301 illum

945 2322 1113 2355 Gordium
1128 2322 1178 2354 ita
1202 2320 1409 2360 dissolvere;
1428 2319 1489 2352 sed
1508 2319 1544 2352 in
1570 2327 1649 2352 aue-

946 2378 1039 2406 tores
1054 2373 1213 2415 antiquos
1229 2382 1271 2405 eo
1285 2371 1400 2413 modo,
1411 2381 1480 2414 quo
1494 2370 1551 2402 ille
1575 2370 1647 2412 ple-

945 2433 1086 2466 rumque
1102 2433 1182 2455 usus
1197 2427 1262 2464 est,
1288 2422 1465 2455 liberrime
1489 2419 1648 2462 grassari,

943 2474 1042 2507 nobis
1067 2473 1205 2515 relligio
1231 2477 1296 2505 est.
1355 2472 1458 2505 Prius
1483 2469 1648 2503 tentanda

944 2523 1059 2556 omnia
1073 2527 1111 2556 et
1124 2526 1259 2555 maturo
1274 2521 1411 2564 judicio
1423 2518 1646 2562 exploranda.

944 2574 1037 2609 Quid
1064 2574 1099 2606 in
1115 2577 1267 2606 mentem
1291 2571 1388 2604 nobis
1412 2570 1561 2612 venerit,
1580 2579 1646 2602 ex-

944 2635 1072 2668 ponere
1096 2634 1164 2657 non
1186 2623 1392 2656 verebimur.
1435 2621 1555 2654 Primo
1576 2630 1647 2654 non

943 2675 1084 2708 dubium
1099 2679 1167 2716 est,
1182 2674 1265 2717 quin
1278 2683 1321 2706 ex
1336 2676 1647 2706 commentatorum

943 2724 1124 2758 sententiis
1138 2724 1268 2756 intrusa
1282 2722 1351 2756 sint
1369 2722 1442 2764 illa,
1457 2722 1517 2764 aie,
1530 2723 1646 2764 inquit,

944 2781 981 2809 nt
999 2775 1124 2818 passim
1140 2775 1175 2807 in
1192 2773 1331 2806 Phaedri
1347 2773 1454 2806 nostri
1470 2773 1557 2805 Mss.
1578 2773 1645 2806 Co-

943 2826 1085 2860 dicibus.
1130 2826 1178 2868 At,
1203 2825 1291 2857 male
1319 2824 1504 2866 repetitum
1528 2833 1571 2856 ex
1594 2832 1645 2855 se·
