1806 3236
427 217 629 250 prmum
665 219 773 250 ΕΑΒ.
806 218 1109 251 AEsomARUM
1143 219 1240 251 ΜΒ.
1274 219 1305 250 ι.
1337 208 1406 251 25.

168 315 288 360 quenti
303 323 427 355 voratu
448 318 581 348 caetera
597 324 692 356 vero,
722 314 876 357 vestigiis

165 367 375 403 labarentea
402 365 627 399 vetustissimi
655 365 800 408 codicis,
824 367 877 401 ita

165 426 344 454 emamus
357 416 595 451 emendanda:
607 417 664 450 Sic
674 417 858 451 Cor-cadim
866 429 878 452 .-

167 470 349 510 Qualibet
362 470 478 511 lambe,
501 470 566 502 orio
582 470 679 511 Pota,
704 480 742 503 ae
766 471 876 503 aceede

164 522 244 556 Nih
256 525 387 563 tmere,
406 522 447 554 de
470 522 540 554 dolo
566 521 646 554 Noli
659 522 774 554 vereri.
817 521 876 555 Sic

163 573 381 614 emendanda
394 573 470 606 bme
483 577 522 606 et
535 571 764 615 intelligenda
776 583 787 614 ς
808 572 876 616 pri-

162 633 256 658 mum
270 625 363 659 bono
378 629 416 659 et
440 624 589 657 innocuo
611 634 714 657 sensu
729 624 774 657 ad
792 633 875 667 cap·

162 676 356 718 turrianis,
381 686 460 719 quae
476 680 595 710 tamen
610 675 646 708 in
661 675 874 708 contrarium

162 733 310 770 por-unt
324 728 432 761 etiam
448 727 561 770 accipi
585 727 630 759 ad
644 731 794 761 mentem
810 725 874 760 fal-

162 778 246 814 lacis
265 778 358 812 iuius
383 782 422 811 et
447 777 622 811 insidiosae
647 777 797 811 beatiae:
819 780 874 810 est

162 830 254 864 enim
268 829 432 872 ambigua
441 833 478 863 et
489 838 574 862 vere
588 828 811 863 Corcodilina
824 829 874 862 lo·

161 881 270 921 cutio,
279 881 401 924 quales
414 879 593 914 veteribus
608 880 818 927 Rhetoribua
831 890 875 914 eo

160 932 300 967 nomiae
333 931 539 966 dicebantur
567 932 577 951 ‘
592 931 875 976 ·cmcodo}inae,’

110 996 113 999 ·
159 983 294 1018 Graeei·
306 984 539 1027 Κροκοδολῇαι.
569 983 804 1019 Quintilianus
814 984 874 1018 In·

160 1036 236 1070 stit.
251 1035 312 1070 lib.
331 1045 358 1069 1.
373 1038 428 1070 16.
449 1034 608 1069 futurum
622 1039 798 1068 oratorem
813 1045 873 1068 ex·

158 1087 291 1130 qui-itin
323 1086 610 1130 ambiguitatibus
639 1086 872 1121 exercendum

158 1134 290 1181 monet,
300 1148 370 1172 non
384 1139 468 1182 quia
481 1138 658 1173 Creatinae
671 1143 732 1172 aut
745 1139 874 1173 Croco-

112 1220 114 1222 .
157 1189 276 1224 diune
291 1189 426 1233 pouint
443 1188 563 1223 facere
577 1190 787 1233 sapientem,
807 1189 872 1223 sed

156 1241 343 1286 quiaillurn
355 1251 400 1275 ne
409 1242 446 1275 in
452 1241 604 1275 minimis
616 1241 757 1285 quidem
768 1235 870 1284 opor-

156 1298 233 1329 teat
259 1293 357 1336 falli3
379 1298 417 1329 et
437 1294 502 1336 ita,
526 1294 609 1338 quid
626 1304 691 1337 per
704 1295 870 1330 Crocodi-

154 1346 244 1379 llnaa
254 1345 430 1388 intelligat
444 1345 692 1388 Quintilianus,
716 1346 869 1380 omnium

156 1396 289 1440 optime
303 1397 462 1441 explicat
484 1397 703 1440 Doxopater‚
723 1397 869 1431 Graecus

155 1447 348 1492 Aphthonii
355 1452 557 1490 emanator,
582 1448 688 1482 allato
707 1448 870 1492 exemplo

156 1500 359 1544 questioni·
372 1500 556 1542 ambigua,
569 1510 590 1533 a
600 1500 784 1534 Corcodilo
795 1511 870 1534 mu-

156 1553 235 1586 lieri
250 1552 462 1597 propositam
483 1551 576 1585 unde
599 1557 760 1595 apparet,
785 1553 871 1586 Cor-

156 1604 317 1638 codilinia
331 1603 506 1647 ejusmodi
520 1602 567 1636 ob
580 1602 781 1636 inuidiosam
797 1613 868 1636 am-

154 1656 364 1699 biguitatem
373 1659 412 1688 et
421 1654 610 1697 ancipitem
630 1653 806 1688 fallaciam
821 1655 871 1688 in·

154 1707 319 1741 aidioaum
344 1705 474 1739 animal
501 1705 726 1740 corcodilum
751 1715 870 1739 ansam

154 1761 194 1792 et
206 1766 334 1792 mmen
347 1755 496 1790 dedbse.
541 1756 645 1789 Nunc
658 1756 795 1798 singula
808 1766 870 1789 ex·

154 1809 355 1853 pediamua:
380 1807 690 1850 Quamlibetlumbe]
712 1808 764 1841 Ut
773 1808 869 1850 apud

153 1860 385 1895 Terentiumz
410 1860 498 1893 Dm
525 1868 565 1892 ne
589 1860 713 1901 ducum,
740 1859 868 1893 turbent

149 1921 259 1955 porro,
279 1921 372 1955 quam
385 1910 497 1944 velint.
544 1909 621 1943 Otia
643 1909 735 1952 pota]
761 1910 866 1945 Quod

151 1962 337 1997 Terentina
365 1961 470 2004 dixit,
502 1961 652 1995 ‘Otium
674 1961 719 1994 ad
743 1965 867 2004 potan-

154 2015 237 2047 dum
251 2013 404 2055 babere:
425 2012 491 2047 boe
512 2012 685 2046 Phaedrus
695 2012 786 2046 dixit
800 2013 868 2046 otio

151 2069 278 2108 potare.
321 2063 381 2098 Sic
405 2063 499 2107 apud
515 2063 669 2097 Plinium
681 2074 693 2098 z
712 2065 723 2083 ‘
735 2065 867 2098 Excre-

154 2121 274 2150 menta
294 2115 444 2148 turbidis
459 2115 580 2148 diebus
607 2112 644 2149 et
661 2116 778 2158 operia
793 2116 867 2149 otio

155 2165 329 2210 egerunt?
350 2166 408 2199 Sic
423 2166 517 2199 inter
526 2166 644 2201 Gloss.
658 2171 730 2200 vet.
743 2168 754 2187 ‘
769 2167 868 2210 otio,

153 2217 296 2262 &phud
349 2217 395 2251 In
418 2217 533 2251 veteri
562 2218 688 2262 colloq.
723 2219 867 2252 Latino·

155 2271 320 2306 Graes.
343 2271 355 2290 ⁴
370 2269 526 2304 Aacendi
548 2278 613 2312 per
635 2269 760 2311 gradus
783 2271 866 2304 otio.

154 2321 289 2362 Ἀνέβην
299 2321 350 2355 διὰ
361 2322 426 2354 τᾶν
438 2320 567 2361 βάθρων
580 2320 723 2363 ἁτρέμα.’
760 2321 867 2365 Ἀτρέ-

152 2386 209 2416 μα,
222 2373 295 2407 aive
309 2373 400 2417 quod
424 2372 517 2407 idem
533 2377 602 2414 est,
625 2371 773 2416 ἀτρέμας,
786 2383 865 2416 pro·

154 2425 231 2469 pric
259 2421 447 2467 siguificat,
474 2424 665 2467 intrepide,
693 2425 769 2458 sine
794 2430 865 2458 tre-

151 2486 260 2518 more,
280 2476 355 2509 aine
384 2485 426 2509 eo
451 2475 544 2518 quod
568 2475 604 2508 in
632 2479 784 2508 tremore
813 2475 868 2517 fit,

152 2529 226 2562 sine
263 2526 500 2570 trepidatione
534 2530 574 2559 et
602 2526 865 2569 perturbatione

152 2578 281 2619 animi3
303 2582 358 2611 est
372 2576 466 2610 enim
481 2586 504 2609 a
516 2575 632 2620 τρέμω,
654 2581 780 2620 tremo,
795 2580 866 2611 tre-

152 2629 259 2672 pido;
289 2628 478 2672 exponitur
501 2627 606 2661 etiam
632 2627 764 2671 ἆσρέμα,
788 2638 866 2661 sen·

154 2681 233 2723 aim,
245 2679 386 2722 leniter,
399 2679 579 2723 paulatim,
592 2679 685 2724 quod
698 2679 792 2722 11tali
814 2679 867 2713 di-

156 2735 240 2766 cunt
259 2731 338 2775 pion
355 2731 463 2774 piano.
508 2729 624 2775 Atque
649 2730 730 2764 hinc
756 2730 866 2773 expli-

155 2782 267 2816 canda
282 2791 407 2816 censeo
420 2782 536 2824 verba,
559 2792 636 2825 quae
660 2786 741 2815 sunt
755 2782 792 2814 in
809 2791 866 2815 ve·

156 2834 222 2881 teri
250 2833 475 2877 inscriptione
512 2833 659 2868 fratrum
686 2832 865 2867 Arvalium

1553 209 1641 251 409

932 315 1024 358 apud
1041 315 1186 350 Gruter.
1202 325 1241 359 p.
1255 324 1384 350 cxxlv.
1410 315 1479 349 No.
1497 319 1530 349 1.

1013 375 1138 402 mcum
1161 375 1247 400 ΒΜ
1267 375 1342 401 nm
1363 374 1540 402 summo-ro

1012 427 1291 457 ascznnanunr.

925 469 1086 504 Summoto
1100 469 1184 513 quid
1196 469 1246 503 ibi
1259 470 1447 514 significet,
1456 470 1638 516 quaesitum

926 532 948 556 a
977 522 1059 556 viria
1089 521 1214 555 doctis.
1258 522 1520 557 Adverbialiter
1544 523 1640 566 posi-

924 577 998 607 tum
1014 574 1238 607 consentiunt
1263 573 1393 609 omnes.
1430 574 1580 609 Guther.
1594 574 1640 607 de

923 625 1000 659 Jur.
1036 625 1132 658 Man.
1161 634 1187 658 1.
1215 629 1251 660 5.
1286 627 1441 670 explicat
1484 630 1638 660 summoto

922 675 1141 719 ascenderunt,
1167 675 1205 709 id
1234 680 1302 719 est,
1329 678 1388 721 qui
1410 682 1637 722 apparerent,

921 727 1128 771 turbamque
1145 734 1415 772 summoverent,
1423 734 1464 763 ut
1476 729 1511 762 in
1527 729 1638 763 saeris

922 779 1000 813 fieri
1015 785 1235 814 consuetum.
1279 780 1375 815 Puto
1389 786 1505 815 autem
1534 781 1571 814 in
1586 781 1637 814 la-

921 830 1004 873 pide
1026 829 1132 865 fuisse
1147 839 1359 875 sumuouo,
1374 832 1448 866 sive
1462 842 1530 875 per
1543 841 1638 865 com·

924 882 1090 925 pendium
1112 885 1330 925 summo-l-o,
1353 887 1394 917 ut
1418 882 1582 927 frequens
1599 883 1639 915 il-

924 933 982 966 lud
998 934 1243 976 compendium
1265 936 1302 969 in
1314 935 1390 969 aliia
1405 934 1639 977 inscriptioni-

924 985 1000 1018 bus.
1053 985 1230 1019 Summotio
1264 986 1514 1020 adverbialiter
1561 995 1638 1028 pro,

923 1046 1057 1070 summo
1070 1037 1156 1080 otio,
1170 1041 1211 1070 ut
1232 1038 1243 1057 ‘
1257 1036 1499 1080 aummopere,’
1523 1036 1535 1056 ‘
1545 1046 1640 1069 max·

920 1086 1101 1130 imopere,’
1127 1097 1192 1130 pro
1206 1097 1338 1121 summo
1353 1097 1462 1130 opere
1478 1091 1515 1120 et
1530 1087 1640 1120 maxi-

921 1148 979 1171 mo
1001 1148 1133 1181 opere3
1154 1139 1276 1182 itaque
1301 1139 1467 1171 summtio
1496 1139 1640 1171 ascende-

919 1193 997 1222 runt
1019 1189 1124 1232 idem,
1148 1190 1241 1233 quod
1267 1190 1302 1223 in
1329 1189 1507 1223 veteribus
1534 1189 1640 1222 collo·

921 1240 1011 1284 quiis
1034 1242 1044 1261 ‘
1058 1242 1131 1276 otio
1153 1241 1361 1284 ascendere,
1376 1239 1496 1284 ἀτρέμα
1509 1239 1638 1278 ἀναβαί-

920 1292 1006 1336 νειν,’
1020 1293 1163 1336 leniter,
1180 1303 1250 1327 non
1272 1297 1517 1336 properanter,
1539 1292 1637 1335 gravi

919 1348 959 1377 et
973 1353 1141 1387 suspenso
1156 1344 1278 1387 gradu,
1291 1347 1332 1376 ut
1345 1343 1556 1376 Sacerdotes
1578 1343 1638 1375 de·

919 1396 1035 1430 cebat.
1082 1397 1169 1430 Pota
1194 1406 1232 1430 αι·
1251 1395 1379 1438 aceede]
1404 1394 1638 1430 Quemadmo-

919 1447 1001 1481 dum
1017 1447 1101 1482 alibi
1117 1452 1185 1490 est,
1198 1448 1210 1468 ‘
1223 1448 1341 1482 Statio
1356 1451 1519 1490 separata
1530 1456 1572 1479 ac
1585 1446 1637 1479 di-

920 1508 1059 1532 versum
1070 1498 1204 1541 genus?
1248 1499 1330 1533 Nisi
1343 1499 1469 1540 mavia,
1483 1499 1572 1531 Pota
1586 1501 1637 1531 at-

919 1560 980 1593 que
992 1551 1103 1583 aceede
1114 1561 1128 1589 ,-
1150 1554 1190 1584 ut
1205 1560 1324 1593 supra,
1346 1550 1357 1569 ‘
1367 1550 1512 1593 Rapere
1528 1553 1636 1592 atque

919 1600 1018 1634 abire
1028 1603 1050 1641 ς’
1072 1605 1198 1642 postea
1224 1604 1342 1634 autem
1357 1610 1421 1643 pro
1434 1603 1528 1642 atque
1542 1599 1635 1633 forte

919 1662 957 1685 ac
977 1652 1206 1685 substitutum
1232 1651 1313 1694 fuit,
1335 1651 1428 1695 quod
1453 1651 1636 1685 intercidit

919 1702 966 1736 ob
995 1707 1183 1746 sequentes
1221 1702 1307 1736 duaa
1336 1702 1465 1736 similes
1500 1702 1634 1735 literas.

918 1754 1042 1788 Accede
1053 1754 1134 1788 Nilo
1148 1754 1282 1796 temere]
1304 1754 1498 1796 Eleganter
1513 1763 1635 1787 recon-

919 1805 995 1840 dita
1009 1805 1220 1849 significatio
1244 1810 1300 1839 est
1321 1806 1356 1839 in
1377 1805 1437 1838 illa
1459 1805 1635 1849 particula

918 1861 1046 1891 temere.
1093 1858 1221 1891 Temere
1253 1857 1311 1891 hic
1350 1862 1419 1899 est,
1455 1856 1634 1889 audacter.

916 1909 1034 1942 Plaut.
1046 1909 1215 1942 Bacchid.
1229 1909 1240 1928 ⁴
1254 1908 1413 1951 Rapidus
1427 1905 1554 1941 fluvius
1564 1911 1634 1949 est,

916 1969 986 1993 non
996 1960 1061 1993 bac
1074 1964 1208 1993 temere
1225 1958 1367 1992 transiri
1381 1956 1524 2001 potest?
1574 1957 1633 1990 Te-

915 2021 1012 2052 mere,
1039 2010 1077 2044 id
1100 2015 1167 2049 est,
1188 2009 1371 2051 audacter,
1396 2008 1472 2041 sine
1488 2007 1635 2050 periculi

915 2066 1033 2102 metu3
1056 2062 1173 2104 plane,
1199 2064 1238 2094 ut
1263 2059 1356 2102 apud
1381 2059 1570 2092 Phaedrum
1589 2058 1634 2091 de

916 2113 1011 2156 Nilo,
1034 2113 1162 2146 Horat.
1187 2112 1258 2146 Od.
1285 2112 1346 2145 lib.
1361 2114 1455 2145 ι.12.
1498 2111 1508 2129 ‘
1524 2110 1630 2144 Unde

916 2164 1073 2198 vocalem
1113 2168 1244 2197 temere
1278 2163 1446 2196 insecutae
1486 2162 1633 2204 Orphea

916 2216 1014 2249 silvae
1029 2215 1051 2249 :'
1075 2215 1136 2249 nbi
1157 2219 1274 2249 temere
1295 2225 1340 2247 ex
1362 2214 1489 2248 Plauto
1514 2214 1632 2247 malim

916 2266 1109 2309 explicare,
1129 2266 1313 2307 audacter,
1338 2275 1440 2309 quam
1468 2275 1513 2298 ex
1540 2274 1632 2298 com-

916 2321 1112 2351 mentatore
1138 2316 1295 2359 Cruquii,
1326 2315 1486 2359 confuse,
1512 2314 1628 2349 facile.

915 2368 1085 2411 Apuleius
1125 2367 1270 2410 Apolog.
1308 2368 1319 2386 ⁴
1344 2366 1439 2402 Quid
1472 2368 1508 2399 ni
1539 2367 1631 2399 enim

916 2430 1052 2463 magnae
1072 2429 1128 2453 res
1143 2420 1178 2452 in
1196 2429 1238 2452 eo
1250 2417 1392 2462 (linteo)
1407 2418 1631 2451 occultaban-

918 2477 987 2515 tur,
1002 2482 1044 2505 eo
1057 2472 1292 2515 negligentius
1309 2471 1536 2504 adservabam
1551 2469 1631 2513 (pu-

917 2527 955 2557 to
969 2523 1190 2557 scribendum
1206 2527 1243 2555 et
1255 2520 1548 2564 distinguendum,
1557 2530 1633 2553 eone

915 2574 1103 2616 diligentius
1130 2571 1362 2615 aderet-vebum),
1382 2571 1445 2604 sed
1474 2570 1566 2603 enim
1589 2571 1630 2603 li-

916 2626 1002 2660 bere
1017 2624 1243 2659 scrutandum
1259 2628 1296 2656 et
1319 2621 1587 2665 inspiciendum,
1601 2621 1632 2654 ai

916 2677 1059 2719 liberet,
1091 2677 1200 2710 etiam
1239 2673 1469 2708 auferendum
1497 2677 1630 2707 temere

916 2729 1146 2773 exponebam,
1186 2727 1308 2760 alienae
1337 2725 1505 2759 custodiae
1537 2735 1630 2758 com·

916 2779 1133 2820 mendabam,
1147 2777 1261 2811 alieno
1281 2775 1428 2809 arbitrio
1450 2775 1629 2819 permitte-

915 2831 1020 2865 bam.'
1066 2829 1134 2863 Ubi
1159 2832 1276 2862 temere
1301 2826 1386 2860 nihil
1402 2826 1495 2860 aliud
1512 2836 1628 2871 qnam,
