1806 3236
437 210 640 244 nummu
675 211 786 244 ms.
818 212 1124 245 AESOPIARUM
1159 213 1256 246 Lm.
1290 213 1323 246 1.
1353 201 1427 245 25.

201 305 382 350 capitum!
408 305 576 341 Similiter
591 309 602 327 ‘
614 307 744 343 Bibere
761 308 796 341 in
811 308 907 342 auro'

200 357 292 391 dixit
316 358 451 391 Seneca
480 359 599 401 poeta,
635 360 736 402 cnjus
762 360 858 393 locus
888 371 910 393 a

200 411 437 445 Freinshemio
461 412 648 447 indicatur.
694 413 783 457 Haec
799 414 909 457 scrip-

199 471 322 503 seram,
344 473 424 497 cum
441 473 501 497 -me
515 463 633 498 firmat
648 464 666 496 ὁ
679 463 761 497 πάνυ
776 465 909 498 Grono-

197 513 275 548 vius
291 524 354 557 per
368 515 501 557 literas,
513 515 591 549 istis
606 516 740 549 verbis:
767 518 776 535 ‘
789 516 909 549 Bibere

198 565 234 598 ἔτι
255 565 347 609 Nilo,
370 565 517 600 mirifice
540 577 595 600 me
622 567 797 607 delectat;
821 567 910 601 acci-

197 615 253 659 pit
266 618 372 660 enim,
382 622 423 651 ut
438 618 530 661 apud
544 619 696 659 Florum,
710 622 720 638 ‘
732 619 862 652 Bibere
873 620 908 652 in

197 666 333 701 ouibus
346 669 525 711 capitum!
561 670 738 703 Martialis
765 671 832 713 Ep.
846 671 908 705 lib.

195 718 281 752 vm.
294 721 329 752 6.
365 719 376 738 ‘
389 719 468 752 Hac
495 721 696 763 propinavit
711 721 814 755 Bitiae
831 723 908 764 pul-

197 771 371 806 cherrima
380 773 476 806 Dido
492 774 535 806 In
550 773 699 816 patera.’
724 773 824 807 Idem
840 775 907 816 Ep.

196 823 258 857 lib.
274 833 312 858 x.
325 827 381 858 49.
420 831 429 845 ‘
444 826 579 868 Marce,
595 826 645 858 vis
660 826 695 858 in
712 835 797 859 auro
809 825 832 858 ?’
845 825 906 859 lib.

199 883 278 909 xxx.
298 876 350 909 D.
366 876 410 909 de
427 876 514 910 Aur.
529 876 613 919 Arg.
633 877 645 896 ‘
660 876 856 919 Argentum
871 876 908 909 in

196 935 267 969 qno
286 926 359 960 bibi
383 927 539 970 possit.’'
583 928 674 961 Haec
697 927 907 961 Gronovius.

197 977 332 1011 Quibus
348 978 440 1011 addo
454 988 548 1012 nune
558 983 597 1012 et
611 979 840 1021 interpretem
850 988 908 1011 ve-

195 1033 307 1062 terem
348 1029 535 1063 bibliorum
573 1030 703 1064 Genes.
740 1040 820 1073 cap.
852 1032 909 1064 44.

130 1114 134 1118 ,
195 1079 207 1098 ‘
221 1078 395 1122 Scyphns,
408 1090 510 1124 quem
524 1079 632 1114 furati
645 1081 742 1121 estis,
754 1082 829 1124 ipse
840 1086 907 1122 est,

195 1131 233 1165 in
247 1142 316 1175 quo
331 1132 423 1166 bibit
441 1132 603 1167 dominus
619 1132 740 1174 meus,’
758 1137 795 1166 et
809 1134 909 1166 Esrae

194 1182 255 1216 lib.
271 1192 331 1217 ιιι.
354 1187 388 1218 8.
413 1194 464 1218 vs.
488 1188 520 1218 6.
544 1186 555 1204 ⁴
570 1185 682 1218 Dabit
704 1184 755 1217 illi
785 1194 848 1217 rex
870 1184 907 1217 in

193 1243 279 1267 auto
293 1234 439 1269 bibere!
461 1234 570 1275 Schef.
615 1235 672 1268 Sic
687 1235 720 1267 ἐν
732 1233 839 1277 κέρατι
857 1235 908 1267 πί·

193 1296 256 1319 m
283 1295 400 1329 grece
430 1286 502 1319 dici
527 1285 632 1319 docet
652 1287 838 1321 Muncker.
861 1287 906 1320 ad

193 1335 327 1380 Hygia.
341 1336 414 1370 fab.
427 1339 502 1370 8⁷4.
528 1341 565 1370 et
579 1337 615 1370 in
637 1336 779 1372 Anthol.
792 1346 834 1371 11.
849 1341 905 1372 34.

193 1396 232 1430 1).
246 1390 325 1421 288.
338 1388 393 1421 Ἐν
404 1388 531 1432 λαγύνφ
543 1387 652 1423 πίνειν.
679 1387 794 1422 Amm.
811 1390 906 1423 Mar-

192 1438 259 1472 cel.
275 1446 396 1472 xxvu.
409 1442 444 1472 4.
467 1439 687 1472 ‘Humanum
703 1440 905 1483 sanguinem

191 1488 227 1521 in
242 1489 376 1523 ossibus
390 1490 544 1532 capitum
555 1491 650 1524 cavis
662 1490 822 1524 bibentes
832 1491 906 1525 avi-

193 1538 299 1574 dius?
341 1541 466 1575 Senec.
493 1541 618 1585 Agam.
639 1545 717 1576 878.
739 1544 750 1563 ‘
766 1544 904 1577 Merum

192 1590 231 1623 in
266 1600 351 1625 auro
376 1593 506 1626 veteris
546 1593 706 1628 Assaraci
738 1594 906 1628 trahunt?

193 1641 434 1685 Coi-ruperunt
468 1644 610 1686 elegans
647 1645 711 1678 hoc
740 1646 907 1689 loquendi

193 1701 303 1736 genus
326 1694 593 1736 saepelibrari13
617 1695 668 1728 ita
692 1697 786 1739 apud
803 1697 907 1732 Ovid.

191 1743 274 1778 Art.
289 1753 316 1778 1.
334 1747 412 1778 ⁷48.
434 1754 479 1778 ex
494 1746 636 1788 optimis
651 1747 830 1781 codicibus
854 1758 906 1782 re-

190 1795 328 1839 scripsi,
350 1796 362 1815 ‘
374 1795 418 1829 In
429 1796 544 1830 medio
564 1796 706 1831 flumine
726 1799 831 1832 mella
847 1809 906 1842 pe·

191 1850 247 1880 tat
258 1846 281 1881 ι’
304 1852 342 1881 et
357 1848 503 1884 Remed.
518 1851 595 1882 553.
628 1850 638 1867 ‘
651 1849 695 1881 In
711 1850 824 1883 medio
832 1851 906 1894 jam

190 1897 278 1932 licet
290 1907 393 1932 amne
419 1899 519 1932 bibas
530 1901 552 1932 :'
575 1899 658 1933 olim
685 1905 762 1934 erat
776 1902 908 1936 utrobi·

191 1958 260 1992 que
277 1950 308 1982 E
318 1950 434 1984 medio.
456 1951 578 1984 Burm.

235 2000 332 2043 Nilo]
367 2001 423 2034 De
436 2001 532 2044 Nilo,
548 2011 651 2045 quem
662 2002 817 2045 AEgyptii
833 2002 907 2036 dix-

191 2055 295 2084 erunt
308 2052 400 2095 Nan,
423 2052 604 2095 AEthiopes
627 2052 734 2095 Sirim,
760 2054 906 2086 Romani

192 2102 364 2145 Melonem,
401 2107 532 2146 praeter
559 2103 792 2146 Herodotum,
820 2105 907 2138 Dio-

190 2162 283 2196 nem,
303 2154 523 2196 Strabonem,
547 2155 774 2189 Plutarchum
803 2156 850 2201 (si
876 2157 906 2190 is

193 2209 248 2239 cst
259 2210 382 2240 auctor
395 2206 476 2240 libri
499 2206 570 2250 περὶ
586 2209 746 2250 ποταμῶν,
763 2218 843 2241 nam
869 2208 905 2241 id

192 2262 464 2301 controversum,
479 2259 599 2301 ajente
614 2259 679 2292 Ph.
692 2259 773 2293 Jac.
786 2260 905 2293 Maus·

192 2319 288 2353 saco,
298 2315 447 2353 negante
457 2310 523 2345 Th.
540 2310 720 2356 Reinesio)
736 2312 809 2354 agit
831 2312 903 2346 He-

190 2361 275 2396 liod.
303 2362 454 2405 AEthiop.
484 2365 518 2396 2.
556 2366 594 2395 et
625 2365 658 2396 9.
717 2363 904 2397 Lucretius

191 2412 254 2446 lib.
271 2421 325 2446 vr.
348 2414 480 2446 Lucan.
493 2413 553 2447 lib.
562 2422 597 2447 x.
608 2418 646 2446 et
661 2415 820 2455 sexcenti
834 2415 905 2449 alii.

191 2464 251 2498 De
273 2464 351 2498 Nili
373 2465 543 2498 chomatis
566 2465 624 2498 lib.
641 2474 679 2498 x.
710 2466 755 2500 D.
778 2465 823 2499 de
845 2476 904 2499 ex·

190 2515 323 2549 traord.
339 2516 474 2549 crimin.
497 2517 633 2550 Prascta.

233 2562 257 2593 4
279 2560 310 2592 Α
326 2559 530 2602 crocodillis]
561 2561 616 2593 Ex
629 2560 694 2593 hoc
710 2561 788 2594 loco
800 2562 903 2595 Phae·

191 2610 248 2645 dri
275 2610 446 2653 probatur
475 2611 643 2652 scriptum
671 2612 752 2645 olim
776 2613 904 2646 Graece

190 2660 403 2704 κροκόδειλος,
439 2665 480 2694 ut
515 2660 721 2704 κροκόδειλος.
780 2664 904 2706 Neque

192 2712 284 2745 enim
298 2722 354 2745 me
369 2716 532 2745 moveant
547 2714 767 2756 etymologiae
779 2715 904 2747 Eusta-

194 2763 270 2804 thii,
290 2770 328 2796 et
351 2764 507 2806 aliorum,
529 2775 614 2808 quas
637 2765 666 2797 si
698 2765 905 2809 refellerem,

194 2813 324 2847 otiosus
344 2814 500 2849 haberer.
554 2816 685 2851 Quidni
714 2819 819 2851 etiam
847 2819 903 2852 hic

1584 203 1671 247 407

960 309 1179 352 vitilitigator
1204 309 1397 353 Schoppius
1419 307 1670 352 ignorationem

958 360 1072 403 legum
1093 361 1318 395 metricarum
1345 361 1497 394 Phaedro
1521 361 1672 403 objecit?

961 413 1075 446 Faber.
1135 413 1281 446 Fallitur
1312 412 1438 455 Faber,
1464 417 1504 446 ut
1534 412 1671 446 Gudius

959 464 1161 498 doctissime
1186 466 1223 498 in
1253 465 1346 498 notis
1370 465 1542 506 ostendit,
1568 465 1670 507 cujus

958 525 1019 549 nos
1031 515 1324 557 emendationem,
1333 521 1373 549 ut
1381 516 1622 558 certissimam,
1634 516 1671 548 in

958 571 1094 600 textum
1123 567 1334 610 recepimus,
1369 577 1472 611 quam
1502 571 1540 600 et
1566 567 1673 600 Hein-

959 619 1081 651 sinsin
1102 619 1148 652 V.
1172 619 1214 652 C.
1233 618 1364 652 Pithoei
1393 618 1500 652 fuisse
1526 618 1671 661 margini

959 670 1158 713 adscripsit.

1003 722 1192 766 crocodilis]
1218 723 1288 755 Ms.
1313 723 1412 756 Rem.
1432 722 1540 755 habet
1556 723 1670 755 Corco-

957 773 1057 813 dilis5
1078 784 1192 817 neque
1214 774 1317 807 aliter
1341 774 1377 807 in
1403 773 1532 807 Pithoei
1554 778 1672 807 vetus-

958 824 1092 858 tissimo
1106 825 1195 858 libro
1205 824 1324 867 fuisse,
1334 825 1468 859 notavit
1478 825 1512 858 in
1524 835 1670 868 excerp·

958 874 1002 907 tis
1030 876 1202 909 variarum
1232 876 1424 910 lectionum
1461 876 1506 909 ad
1539 876 1670 910 calcem

957 926 1120 960 editionis
1140 937 1212 961 suae
1237 927 1364 961 editis:
1395 937 1464 960 non
1491 928 1669 961 intellexit

957 984 1087 1021 tamen,
1099 979 1182 1022 quid
1194 979 1260 1012 sibi
1275 979 1339 1012 hoc
1353 979 1462 1012 venet
1475 978 1615 1021 :itaque
1630 983 1671 1012 ut

958 1034 1162 1073 corruptum
1177 1030 1319 1072 insuper
1338 1030 1482 1063 habuit:
1506 1029 1667 1073 idemque

957 1081 1090 1114 accidit
1115 1081 1283 1122 Rigaltio‚
1310 1081 1371 1124 qui
1406 1081 1474 1114 Ms.
1498 1081 1670 1114 Rcmense

959 1132 1107 1165 viderat.
1151 1132 1222 1165 Sed
1250 1132 1388 1164 omnino
1412 1141 1496 1164 vera
1519 1136 1556 1164 et
1572 1137 1670 1165 recta

958 1187 1013 1216 est
1028 1187 1188 1216 veterum
1203 1182 1371 1215 librorum
1388 1183 1535 1217 lectura.
1581 1183 1671 1216 Nam

957 1235 1134 1276 vulgatam
1154 1244 1274 1267 versus
1301 1233 1390 1267 ratio
1414 1235 1563 1277 respuit,
1591 1244 1670 1267 cum

957 1287 1068 1330 prima
1083 1287 1119 1319 in
1136 1286 1322 1320 Crocodilus
1336 1290 1463 1319 natura
1479 1296 1542 1318 sua
1553 1286 1670 1319 brevis

957 1338 1014 1372 sit.
1067 1338 1204 1371 Graecis
1236 1338 1328 1370 enim
1365 1341 1419 1371 est
1454 1337 1670 1380 Κροκόδειλος,

956 1389 1128 1432 quomodo
1142 1394 1344 1423 constanter
1365 1388 1416 1422 illi
1431 1389 1609 1422 scribunt:
1632 1394 1671 1423 et

955 1445 1107 1483 nugatur
1146 1441 1271 1483 Faber,
1313 1441 1373 1484 qui
1416 1450 1461 1474 ex
1500 1445 1669 1483 corrupto

954 1491 1020 1524 hoc
1043 1492 1120 1525 loco
1136 1491 1278 1525 Phaedri
1294 1492 1376 1525 olim
1393 1493 1522 1526 Graece
1546 1492 1668 1535 Κρωκό·

954 1543 1067 1585 Sestos,
1093 1553 1191 1586 aeque
1207 1553 1248 1576 ac
1265 1542 1478 1587 Κροκόδειλος,
1499 1545 1669 1587 scriptum

954 1592 1063 1626 fuisse
1078 1593 1245 1632 somniat;
1269 1593 1363 1636 quod
1378 1593 1602 1627 fiilsissimum
1617 1604 1671 1627 es-

955 1653 1007 1684 se,
1020 1648 1193 1687 quotquot
1204 1644 1410 1678 Graecorum
1432 1649 1574 1679 exstant
1589 1645 1668 1678 libri

956 1695 1179 1729 convincunt.
1223 1696 1320 1729 Nihil
1351 1706 1438 1739 opus
1464 1701 1543 1730 erat
1573 1697 1665 1740 ejus-

954 1745 1050 1778 modi
1079 1746 1205 1788 putido
1233 1752 1444 1790 commento,
1482 1747 1669 1781 dnmmodo

955 1802 1116 1832 veterum
1141 1803 1322 1833 auctorum
1338 1809 1486 1833 annosas
1501 1800 1670 1833 membra-

954 1859 1016 1884 nas
1031 1851 1068 1883 in
1083 1851 1262 1884 consilinm
1275 1851 1503 1893 adhibuisset,
1525 1861 1669 1894 quarum

955 1902 1014 1935 ille
1047 1902 1180 1935 nullum
1216 1912 1314 1935 usum
1338 1901 1471 1936 habuit.
1525 1902 1668 1935 Testari

956 1963 1110 1996 possum,
1133 1954 1168 1986 in
1196 1953 1337 1996 optimis
1364 1956 1402 1986 et
1427 1952 1667 1996 septingento-

955 2014 1029 2037 rum
1046 2009 1084 2037 et
1098 2004 1242 2046 amplius
1258 2014 1425 2037 annorum
1440 2004 1667 2044 membranis,

955 2065 1025 2088 non
1039 2059 1172 2088 tantum
1188 2055 1282 2097 apud
1296 2055 1429 2089 Poetas
1447 2056 1490 2088 iis
1507 2055 1543 2088 in
1570 2055 1669 2097 locis,

955 2106 1015 2140 ubi
1030 2107 1134 2140 metri
1149 2106 1240 2139 ratio
1255 2106 1292 2138 id
1304 2107 1470 2148 postulat,
1485 2106 1547 2139 sed
1562 2106 1668 2139 etiam

955 2157 992 2191 in
1009 2167 1111 2200 prosa
1137 2157 1230 2200 apud
1253 2157 1425 2190 Oratores
1451 2161 1489 2190 et
1511 2157 1667 2190 Philoso-

955 2208 1056 2250 phos,
1071 2207 1217 2251 reperiri
1233 2208 1427 2242 Cor-eodum.
1463 2209 1591 2242 Exstat
1602 2209 1667 2241 Lu-

953 2259 1051 2292 tetiae
1067 2258 1103 2291 in
1122 2258 1343 2292 Bibliotheca
1366 2258 1475 2302 Regia
1489 2259 1667 2292 Ciceronis

951 2310 1222 2344 Tusculanarum
1233 2310 1474 2345 Quaestionum
1485 2311 1598 2345 codex
1611 2321 1670 2343 ve·

955 2360 1167 2398 tustissimus
1206 2367 1245 2395 et
1277 2362 1570 2406 incomparabilis,
1603 2373 1669 2406 per

955 2426 1074 2449 versus
1086 2414 1287 2455 distinctus,
1307 2414 1342 2447 in
1357 2424 1426 2456 quo
1439 2415 1483 2447 de
1498 2415 1668 2457 AEgyptiis

953 2467 1050 2501 locus
1070 2467 1144 2508 ille,
1170 2465 1228 2508 qui
1255 2469 1309 2498 est
1334 2465 1369 2497 in
1396 2465 1456 2498 lib.
1472 2475 1508 2498 v.
1523 2468 1580 2498 2⁷.
1601 2466 1666 2498 hoc

954 2519 1058 2553 modo
1085 2518 1229 2560 legitur,
1263 2516 1535 2550 ‘Carnificinam
1571 2517 1668 2559 prius

954 2571 1136 2610 subierint,
1151 2579 1253 2612 quam
1268 2568 1373 2610 Ibim,
1400 2572 1461 2600 aut
1485 2568 1668 2611 Aspidem,

956 2627 1016 2655 ant
1040 2622 1172 2662 Felem,
1187 2625 1248 2653 aut
1262 2620 1404 2662 Canem,
1427 2624 1488 2652 aut
1505 2619 1668 2653 Corcodi·

954 2674 1026 2706 lum
1054 2671 1240 2705 violarint.’
1292 2671 1416 2714 Neque
1442 2671 1546 2704 aliter
1572 2671 1668 2706 Plin.

955 2725 1040 2757 Nat.
1064 2723 1161 2756 Hist.
1183 2722 1245 2754 lib.
1260 2731 1344 2755 vm.
1359 2724 1391 2755 3.
1412 2722 1448 2754 in
1475 2722 1667 2755 vetustissi-

954 2784 1011 2807 mo
1027 2774 1149 2807 codice
1176 2773 1414 2814 Neapolitano
1438 2771 1666 2805 Bibliothecae

955 2824 1189 2859 Carbonariae.
1248 2824 1375 2867 Neque
1410 2823 1543 2866 dubito,
1583 2824 1666 2867 quin
