1806 3236
234 238 321 282 522

234 344 316 378 κατὰ
325 343 420 387 φύσιν
439 344 565 386 ἐπάγειν
577 345 619 378 τὰ
630 345 771 388 σώματα,
785 349 843 386 τῆς
856 347 943 380 ἐναν-

239 396 310 430 τίας
329 398 347 429 ὀ
363 398 564 438 εὖνουχισμὸς
594 399 787 440 ἐπαγγελίας
810 400 944 441 τετύχη-

234 456 298 480 κεν·
328 448 402 480 ἀλλ’
433 449 536 488 ἐπειδὴ
564 449 616 481 καὶ
639 449 767 483 ἄκοντες
791 450 944 484 πολλάκις

236 502 295 534 ὑπό
310 514 401 534 τινων
413 501 626 544 ὑπερεχόντων
645 502 834 545 εὐνουφίζειν
846 503 943 544 ἀναγ-

234 552 404 594 καζόμεθα,
433 555 499 585 &c.
545 554 687 586 Petron.
704 555 777 586 Sat.
799 554 943 586 ‘Persa-

235 614 311 636 rum
337 604 406 636 ritu
430 604 518 636 male
553 604 817 646 pubescentibus
846 605 942 636 anuis

234 655 442 697 Surripuere
463 655 580 687 viros!
623 655 681 687 Sic
698 656 797 697 pueri
818 656 942 697 puellae

234 704 376 744 fiebant,
391 710 427 738 et
450 706 734 747 puellascebaut;
761 710 797 739 et
812 711 942 739 contra.

234 756 347 788 Varro
363 756 455 789 Baiis
469 767 478 789 z
502 757 512 788 ⁴
529 757 631 790 Quod
647 766 712 788 non
729 757 834 789 solum
845 758 942 790 innu-

234 805 289 838 bae
301 804 388 838 fiunt
404 815 600 838 communes
615 817 624 845 ;
651 805 712 838 sed
728 807 831 839 etiam
847 813 942 840 vete-

235 864 290 887 res
305 859 528 897 puerascunt,
545 850 702 889 etmulti
726 859 823 899 pueri
847 859 942 900 puel-

234 906 396 939 lascuut.'
457 907 546 939 Hoec
579 913 694 940 autem
725 908 880 950 improba
905 908 941 941 iu

233 957 410 990 Eunucbis
437 957 572 990 luxuria
605 958 743 991 tandem
772 960 942 993 Romano·

233 1018 309 1041 rum
322 1008 436 1051 Impp.
451 1009 583 1050 legibus
599 1009 762 1043 coercita.
807 1011 851 1043 D.
869 1012 941 1044 Ha-

235 1059 387 1101 drianus,
416 1069 460 1092 ne
484 1060 656 1101 spadones
678 1060 814 1103 flerent,
839 1072 942 1104 poena

234 1110 319 1152 legis
349 1110 521 1142 Corneliae
546 1110 590 1142 de
624 1110 753 1143 sicariis
779 1113 942 1153 irrogata,

235 1160 405 1203 rescripto
417 1161 532 1193 cavit:
562 1161 638 1193 Lib.
660 1171 713 1194 ιν.
739 1163 786 1195 D.
811 1163 855 1194 ad
875 1164 941 1204 leg.

235 1211 341 1244 Corn.
358 1211 401 1243 de
420 1211 490 1243 Sic.
515 1207 760 1245 Constantinus
780 1213 870 1246 viros
886 1224 943 1246 ex-

233 1266 395 1295 secantes
431 1262 629 1303 capitaliter
663 1263 777 1304 puniri
811 1265 941 1296 voluit:

235 1312 312 1345 Lib.
343 1322 367 1345 1.
392 1313 431 1345 C.
463 1312 507 1344 de
546 1314 701 1346 Eunuch.
726 1314 941 1347 Justinianus

234 1362 371 1395 talionis
398 1364 475 1405 lege
492 1373 596 1404 agere
613 1364 779 1406 permisit,
799 1370 839 1397 ut
859 1366 942 1398 illud

233 1413 338 1456 idem,
362 1414 451 1456 quod
479 1414 553 1446 aliis
573 1413 752 1455 fecissent,
767 1416 833 1457 ipsi
848 1421 943 1457 pate-

235 1463 370 1497 rentur.
394 1465 643 1498 Novehcxm.
668 1465 815 1499 Ovidius
826 1466 944 1500 Amor.

235 1524 277 1548 11.
303 1516 401 1558 Eleg.
418 1518 451 1547 3.
477 1516 568 1550 ‘Qui
596 1516 724 1558 primus
746 1518 860 1559 pueris
877 1524 943 1560 ‘ge-

234 1565 357 1598 nitalia
372 1566 526 1599 membra
541 1567 851 1610 recidit,Vulnera,
865 1579 943 1612 quae

233 1615 332 1658 fecit,
348 1616 469 1648 debuit
494 1616 571 1658 ipse
598 1617 696 1658 pati!
742 1619 853 1652 Quam
871 1629 943 1660 poe-

235 1677 314 1699 nam
332 1667 437 1699 veluti
451 1667 586 1700 civilem
601 1678 642 1700 nc
655 1668 840 1710 legitimam
854 1670 944 1702 Her-

234 1718 395 1751 motimus
411 1718 446 1750 in
473 1718 690 1760 Panionium,
706 1730 726 1752 a
741 1730 808 1762 quo
829 1720 944 1754 fuerat

235 1768 384 1809 excisus,
409 1770 599 1811 statuebat,
627 1771 691 1803 hoc
719 1771 942 1813 superdicto:

227 1811 332 1853 ’Ὥστε
349 1819 389 1853 σε’
410 1821 453 1861 μὴ
468 1820 645 1862 μέμψασθαι
668 1822 727 1860 τὴν
744 1823 796 1854 ἀπ’
810 1822 880 1863 ἐμέο
894 1836 945 1855 τοι

236 1869 386 1911 ἐσομένην
399 1871 496 1910 δίκην.
540 1873 716 1916 Simulque
740 1874 943 1907 Panionium

236 1925 391 1965 proprios
414 1923 503 1957 filios
527 1926 737 1958 emasculare
755 1925 872 1968 jussit,
891 1926 944 1968 ip-

235 1983 361 2016 sosque
387 1974 512 2007 deiude
537 1975 628 2017 patri
656 1975 852 2008 virilitatem
880 1977 946 2009 eri-

235 2032 321 2066 pere
335 2024 460 2067 coegit.
504 2026 640 2068 Nempe
651 2031 689 2059 ut
699 2026 830 2060 caedem
845 2028 943 2060 caede

235 2076 469 2109 ulcisceretur.
504 2078 813 2110 Emasculationem
831 2089 871 2111 ac
886 2078 944 2111 de-

237 2129 462 2161 testationem
476 2127 587 2169 φόνους
611 2134 713 2161 vocat
729 2130 944 2163 Justinianus

235 2180 270 2213 d.
283 2180 373 2212 Νον.
410 2180 457 2212 Et
479 2179 700 2212 eunuchismo
721 2180 943 2213 homicidium

236 2230 404 2263 committi
427 2229 622 2272 Apostolici
655 2239 805 2262 canones
835 2231 944 2263 sanci-

237 2285 311 2314 unt.
355 2281 506 2313 Balsam.
537 2285 574 2313 et
603 2281 721 2313 Photii
754 2282 943 2314 Nomocan.

237 2331 310 2364 Tit.
320 2340 345 2364 1.
361 2341 391 2364 c.
404 2334 435 2363 3.
467 2331 606 2372 Quippe
621 2331 777 2363 Eunuchi
789 2331 852 2363 sibi
864 2332 944 2373 ipsis

235 2382 471 2424 supervivunt.
517 2382 606 2414 Nam
620 2381 716 2423 quasi
730 2378 833 2413 vitam
845 2382 944 2414 simul

236 2443 316 2466 cum
345 2433 417 2465 viro
446 2432 620 2472 amittunt,
648 2441 688 2463 ac
713 2431 778 2463 toti
794 2431 828 2463 in
845 2436 943 2473 parte

236 2485 306 2518 una
335 2489 495 2526 pereunt.
540 2483 711 2526 Apuleius
735 2483 851 2515 Miles.
875 2493 942 2516 vu.

232 2538 247 2571 1‘
263 2536 336 2568 Tali
352 2534 528 2568 sententia
551 2533 670 2566 mediis
686 2533 773 2566 Orci
788 2533 942 2565 manibus

238 2591 423 2627 retractus,
437 2586 497 2618 sed
522 2589 687 2617 extremae
708 2592 816 2625 paenae
831 2593 942 2615 reser-

238 2642 352 2677 vatus,
366 2635 564 2675 moerebam,
577 2638 614 2666 et
624 2634 659 2666 iu
670 2633 851 2665 novissima
866 2642 942 2674 par-

240 2693 276 2720 te
285 2687 439 2728 corporis
453 2690 561 2717 totum
573 2694 627 2716 me
640 2684 827 2726 periturum
839 2682 942 2715 defle-

239 2738 346 2776 bam3
376 2736 490 2768 inedia
518 2735 668 2777 denique
697 2733 858 2767 continua
888 2733 941 2765 vel

240 2788 411 2830 praecipiti
436 2787 533 2819 ruina
561 2790 688 2818 memet
708 2785 789 2827 >ipse
813 2794 942 2827 quaere-

242 2839 318 2874 bam
345 2838 566 2880 extinguere;
597 2837 782 2871 moriturus
806 2834 941 2878 quidem

693 251 837 286 NoTAE
869 251 1138 287 VAmoRUM
1173 254 1225 286 IN

991 349 1221 391 nihilominus,
1249 348 1310 383 sed
1331 350 1518 384 moriturus
1537 348 1696 395 integer-‚¹

993 399 1086 432 Hine
1100 398 1348 434 manifestarius
1362 402 1512 435 moechos
1526 402 1600 445 ejus
1615 412 1699 436 cou-

993 450 1147 491 ditionis,
1172 454 1212 483 ut
1240 451 1321 493 jure
1353 452 1464 485 occidi
1489 454 1696 496 potuissem,

993 501 1202 533 contumelia
1228 501 1377 535 adficere
1406 503 1693 544 permittebatur:

993 552 1016 584 l.
1042 553 1118 584 Nee
1142 553 1176 584 in
1199 562 1250 586 ea.
1275 554 1305 595 ᾧ.
1335 553 1405 586 Sed
1420 555 1479 597 qui
1494 555 1632 588 occidit.
1647 556 1698 589 D.

993 602 1035 634 ad
1053 603 1073 635 l.
1096 603 1168 636 Jul.
1185 603 1228 635 de
1243 603 1351 637 adult.
1375 609 1462 646 puta
1484 605 1644 648 raphanis
1658 612 1697 639 et

992 653 1174 694 mugilibus
1202 653 1328 695 forare,
1349 659 1389 688 ut
1414 654 1505 697 apud
1530 656 1645 690 eatul.
1659 661 1698 689 et

991 703 1152 737 Juvenal.
1167 702 1341 746 npweivew
1353 704 1479 738 ἐκείνου
1491 705 1551 744 τὴν
1561 705 1612 739 ἐπὶ
1624 706 1699 742 σκό-

991 759 1089 787 λοπος
1102 755 1302 797 ἂποιιώρησιν,
1327 756 1446 790 Nicer.
1461 756 1570 789 Chou-
1603 756 1696 790 Item

990 804 1122 837 licebat
1137 814 1194 837 eos
1211 806 1285 838 viro
1298 806 1457 847 spoliare.
1501 807 1581 841 Quo
1606 806 1699 840 refe—

992 856 1137 888 rendum
1163 856 1245 888 illud
1269 856 1430 889 Phaedri:
1466 857 1476 876 ‘
1493 853 1696 891 lucenam

991 911 1046 938 est
1057 906 1187 938 homini
1203 911 1318 949 turpe,
1341 907 1434 950 quod
1460 907 1721 951 meruit‘patH.

992 957 1162 990 Nimirum
1186 962 1237 1000 ut,
1263 967 1326 1000 per
1348 968 1425 1001 quae
1450 959 1621 1001 peccavit,
1636 967 1698 1001 per

991 1008 1109 1040 eadem
1126 1009 1301 1051 puniatur.
1346 1009 1525 1044 Quomodo
1539 1013 1577 1043 et
1597 1010 1699 1052 legis-

990 1059 1108 1091 latoris
1131 1058 1206 1092 τοὺς
1227 1059 1448 1102 πατροτύπτας
1471 1061 1700 1104 χειροκοπνῢι,

991 1110 1047 1151 iis,
1076 1111 1134 1152 qui
1170 1115 1306 1153 patrem
1334 1121 1431 1144 suum
1463 1112 1698 1154 pulsaverant,

991 1171 1129 1193 manum
1144 1162 1474 1206 amputabauthquae
1495 1162 1594 1196 triste
1606 1162 1698 1195 occi-

993 1211 1096 1243 dendi
1113 1212 1222 1253 patris
1237 1213 1463 1245 ministerium
1486 1215 1699 1254 patraverat,

992 1266 1032 1294 ut
1047 1266 1146 1294 notat
1160 1262 1196 1294 in
1221 1263 1393 1305 allegoriis
1415 1262 1610 1296 Homericis
1626 1263 1701 1295 He->

993 1313 1135 1345 raclides
1149 1313 1314 1346 Ponticus
1330 1325 1339 1346 ι
1371 1313 1431 1345 Καὶ
1451 1313 1514 1356 γὰρ
1527 1312 1608 1346 εἰκὸς
1618 1312 1661 1352 ἦν
1674 1311 1700 1354 δ

991 1363 1167 1406 ἡμάρτανον
1194 1364 1227 1396 ἐν
1254 1362 1337 1406 μέρει
1357 1364 1415 1396 τοῦ
1428 1363 1583 1404 σώματος,
1596 1362 1703 1405 τούτῳ

992 1413 1044 1447 καὶ
1058 1416 1270 1453 κολασθῆναιι
1294 1414 1499 1447 Artemidor.
1525 1413 1630 1448 Dald.
1649 1413 1700 1447 0-·

992 1468 1120 1500 neiroc.
1132 1476 1159 1500 1.
1195 1467 1289 1499 Hinc
1318 1465 1550 1499 emendandus
1576 1469 1614 1498 et
1638 1475 1699 1498 ex-

993 1518 1186 1559 plicandus,
1212 1521 1335 1550 contra
1355 1517 1461 1550 Dion.
1485 1517 1703 1559 Lambinum,

993 1568 1154 1609 Plautus,
1177 1568 1292 1601 Milite
1322 1568 1421 1600 Glor.
1449 1568 1507 1600 Sc.
1533 1569 1596 1602 ult.
1626 1569 1700 1601 ‘Et

995 1619 1022 1651 si
1048 1619 1235 1652 intestatus
1257 1629 1347 1652 nuuc
1377 1619 1465 1652 abeo
1489 1619 1582 1660 hine,
1610 1619 1701 1652 bene

995 1671 1109 1712 agitur
1125 1681 1187 1713 pro
1202 1671 1316 1704 noxia.
1360 1670 1431 1704 Pa.
1444 1671 1535 1705 Quid
1546 1671 1575 1704 si
1587 1672 1698 1704 idnon

995 1720 1107 1753 faxis?
1130 1722 1197 1754 Pu.
1213 1722 1262 1753 Ut
1277 1721 1390 1753 vivam
1404 1730 1540 1763 semper
1561 1722 1701 1754 intesta-

994 1771 1101 1803 bilis.'
1130 1771 1278 1804 Moechis
1293 1771 1403 1804 virum
1418 1775 1596 1805 exsectum
1608 1773 1699 1807 collo

995 1830 1060 1862 per
1084 1820 1270 1853 ludibrium
1288 1822 1557 1863 suspendebant.
1579 1823 1698 1858 Plaut.

994 1872 1086 1904 Ibid.
1103 1873 1113 1891 ‘
1127 1872 1429 1914 Quinjamdudum
1442 1874 1555 1915 gestio
1566 1874 1700 1907 moeebo

995 1923 1060 1955 hoc
1090 1923 1259 1955 abdomen
1297 1924 1458 1965 adimere,
1494 1924 1545 1957 Ut
1573 1923 1700 1958 faciam

995 1974 1092 2016 quasi
1119 1984 1228 2015 puero
1258 1975 1294 2006 in
1316 1974 1406 2007 collo
1428 1974 1606 2016 pendeant
1624 1981 1700 2008 ere-

995 2023 1147 2065 pundia!
1179 2024 1267 2057 Haec
1281 2024 1324 2057 de
1335 2025 1480 2057 marium
1492 2025 1701 2060 exsectione.

997 2075 1039 2107 In
1065 2074 1198 2107 feminis
1223 2075 1301 2107 duae
1319 2076 1416 2118 quasi
1430 2075 1633 2116 εὖνονχισμοῦ
1646 2085 1701 2109 ra-

997 2126 1121 2158 tiones.
1165 2126 1245 2158 Una
1272 2130 1341 2158 est·
1352 2124 1554 2167 νυμφοτομία.
1607 2126 1701 2159 Nam

995 2177 1030 2209 in
1046 2178 1130 2209 locis
1155 2176 1375 2210 muliebribus
1400 2176 1581 2219 aliquando
1596 2175 1701 2218 νύμφη

995 2228 1084 2260 ultra
1094 2227 1244 2265 modum,
1256 2226 1310 2260 nal
1323 2226 1366 2260 εἰς
1374 2227 1542 2270 ἀπρέπειαν
1549 2226 1701 2269 αἰσχύνης

995 2278 1209 2320 protuberat.
1252 2279 1371 2320 anue
1386 2279 1490 2311 etiam
1508 2282 1607 2320 parte
1628 2287 1701 2311 mu-

995 2329 1097 2361 lieres
1127 2327 1316 2370 ὀρθιάζουσιν
1335 2327 1477 2370 ἀνδράσιν
1503 2327 1621 2369 ὁμοίως,
1648 2326 1700 2360 καὶ

995 2379 1070 2422 πρὸς
1083 2379 1248 2412 συνουσίαν
1262 2381 1385 2422 ὁρμῶσι.
1430 2379 1523 2412 Huic
1533 2380 1617 2412 vitio
1627 2388 1701 2412 sec-

995 2432 1090 2464 tione
1116 2432 1330 2465 remedium·
1359 2431 1437 2464 vid.
1461 2430 1622 2472 AEgin‘eta
1645 2439 1698 2464 vl.

995 2492 1026 2514 c.
1058 2485 1111 2514 80.
1149 2482 1272 2515 Altera
1310 2486 1365 2514 est
1391 2479 1597 2522 pomorania.
1639 2481 1699 2513 Sic

994 2532 1182 2565 Amazones
1222 2533 1338 2564 viriles
1384 2532 1598 2563 videbantur.
1652 2532 1700 2564 Et

994 2583 1086 2623 apud
1102 2582 1305 2623 Arnobium‚
1319 2586 1359 2614 ut
1373 2581 1461 2622 Atys
1481 2589 1519 2612 se
1542 2580 1628 2620 viro,
1646 2581 1699 2613 sic

993 2632 1066 2673 ejus
1082 2633 1193 2664 amica
1204 2640 1420 2663 mammarum
1431 2630 1612 2662 honestate
1622 2640 1700 2664 sese

993 2682 1153 2724 privavit.
1197 2682 1353 2723 Uterque
1385 2681 1520 2713 scilicet
1557 2682 1704 2723 inguina.

993 2732 1059 2765 sibi
1076 2732 1273 2765 demessuit.
1319 2731 1409 2764 Nam
1422 2731 1559 2773 papillae
1570 2732 1698 2774 inguen

992 2783 1133 2815 dicitur.
1178 2781 1347 2818 Lucilius:
1386 2782 1395 2799 ‘
1412 2782 1546 2823 Inguen
1571 2791 1615 2815 ne
1636 2791 1696 2814 ex-

992 2834 1072 2870 istat
1099 2833 1246 2876 papulae,
1276 2836 1381 2874 tama,
1412 2841 1456 2864 ne
1484 2832 1549 2868 boa
1576 2825 1698 2869 noxit.'
