1806 3236
169 198 254 242 184
458 208 657 252 PHAEmu
691 208 1001 241 FABunARUM
1034 208 1336 242 AEsomARuM

224 303 332 347 Noli
351 301 571 354 affectare,
592 302 709 359 quod
729 303 810 346 tibi
827 316 915 346 non
932 307 999 346 est
1018 303 1189 355 datum,

168 373 343 417 Delusa
360 385 416 414 ne
436 384 543 427 spes
564 371 620 413 ad
641 370 868 426 querelam
886 371 1068 414 recidat.
1567 373 1628 416 15

166 487 244 526 tere,
264 483 345 526 quod
356 482 417 515 tibi
430 482 617 523 denegatum
630 485 691 526 eat,
704 492 743 516 ne
755 493 825 526 spes
840 483 1004 524 frustrata
1018 482 1181 516 delabatur
1194 484 1235 516 aa
1248 483 1463 527 querimonias.

778 574 800 586 ff

994 573 1014 586 O

166 631 260 674 ingh.
278 632 410 664 Danet.
428 631 567 664 Lallem.
583 630 642 663 alii
656 631 778 672 legunt
795 632 977 673 Omnesque.
1021 631 1079 664 Ita
1104 630 1304 673 conjecerat
1322 630 1444 666 Heius.
1470 631 1550 667 Vid.
1564 632 1626 666 lib.

167 685 192 708 1.
208 678 238 707 8.
250 677 283 707 8.
326 674 395 706 Sed
410 674 445 706 in
460 674 597 715 scriptis
613 677 650 706 et
664 673 767 706 editis
782 678 837 707 est
853 675 971 707 Omnes
984 684 1065 717 quae.
1102 674 1214 707 Quam
1233 673 1416 706 lectionem
1440 674 1544 708 etiam
1568 675 1627 708 de-

166 717 280 749 fendit
303 716 482 749 Drakenb.
514 716 558 749 ad
586 715 660 748 Liv.
686 725 822 750 xxvxn.
850 719 903 749 12.
933 722 1014 749 tom.
1040 725 1091 749 ιν.
1115 726 1151 758 p.
1178 719 1252 749 187.
1284 716 1419 749 dotibus.
1434 718 1520 750 Μαι.
1533 717 1628 752 Pith.

168 761 265 792 Rem.
289 763 326 792 et
352 759 463 792 Editt.
489 758 620 791 habent
644 759 777 800 vocibus,
792 758 881 801 quod
897 764 977 791 ante
994 759 1157 792 codicem
1172 759 1308 791 Perotti
1323 763 1498 801 repertum
1510 761 1629 794 tueba-

168 807 224 835 tur
246 803 434 834 Burmann.
469 801 538 834 Sed
556 800 629 843 jam
653 801 734 833 olirn
757 801 881 834 Heius.
914 806 952 834 et
975 802 1092 835 Bentl.
1114 801 1184 843 legi
1209 802 1371 835 volebant
1393 801 1527 844 dotibus,
1551 809 1628 845 quae

168 845 363 878 emendatio
378 847 499 886 postea
523 843 726 877 confirmata
742 848 796 878 est
810 845 878 877 Μι.
894 844 1045 878 Perotti.
1061 846 1171 878 Recte
1187 845 1321 886 placuit
1335 845 1410 877 haec
1427 846 1531 879 lectio
1547 845 1628 879 viris*

169 887 283 920 doctis
311 888 476 929 Heusing.
499 887 666 929 Cuningh.
688 887 830 920 Censori
856 887 960 920 docto
978 888 1014 919 in
1039 886 1083 920 A.
1106 888 1149 919 B.
1165 888 1208 919 T.
1228 890 1282 920 52.
1311 898 1343 929 p.
1366 890 1441 920 192.
1478 888 1628 922 Brotier.

167 930 317 964 Desbill.
341 930 472 972 Langio
498 930 535 962 in
557 930 720 972 Prolegg.
744 930 788 962 ad
804 930 942 962 Phaedr.
958 940 994 972 p.
1009 932 1064 963 26.
1087 929 1279 963 Tzschuck.
1295 930 1383 963 aliis.
1425 930 1484 964 Sic
1497 936 1535 964 et
1549 931 1632 965 olim

167 972 271 1005 edidi.
315 973 397 1006 Non
412 972 502 1004 enim
517 972 616 1005 unice
634 976 766 1005 tantum
783 982 895 1006 sermo
911 977 964 1006 est
979 972 1023 1005 de
1037 973 1119 1006 dote
1135 973 1239 1014 vocis,
1252 973 1312 1005 sed
1328 973 1466 1006 omnino
1481 973 1525 1006 de
1540 973 1630 1008 doti-

166 1016 241 1057 bus,
255 1025 333 1058 quae
348 1015 530 1057 unicnique
544 1015 682 1048 animali
706 1015 797 1048 datae
821 1019 913 1058 sunt,
927 1020 967 1048 ut
982 1016 1072 1049 vires
1094 1016 1229 1058 aqussae,
1250 1016 1428 1058 augurium
1442 1026 1556 1058 corvo,
1566 1019 1632 1052 &c-

167 1059 263 1091 Male
278 1058 383 1100 igitur
399 1059 634 1090 Burmannus:
661 1058 670 1075 ‘
682 1057 873 1101 Sequamur
888 1059 1048 1101 scriptos,
1063 1059 1226 1102 quamdiu
1242 1068 1360 1091 sensus
1374 1063 1475 1102 aptus
1490 1059 1628 1093 subest:

169 1099 326 1144 queritur
341 1101 432 1133 enim
449 1110 536 1142 pavo
552 1100 595 1132 de
611 1110 695 1133 voce
707 1111 778 1143 sun,
794 1102 885 1143 quod
903 1102 986 1134 item
1012 1101 1109 1144 queri
1135 1102 1211 1134 aliae
1238 1102 1434 1142 innumerae<
1446 1112 1526 1135 aves
1577 1113 1631 1136 os-

169 1147 247 1176 seut
261 1153 270 1175 :
295 1144 355 1175 sed
372 1143 441 1175 illae
455 1147 626 1176 contentae
641 1144 710 1176 suis
726 1144 880 1185 vocibus,
896 1145 1040 1178 luscinio
1053 1154 1120 1177 non
1133 1144 1299 1185 invident,
1314 1145 1394 1177 dnm
1407 1142 1480 1177 aliis
1495 1142 1634 1179 dotibus

169 1190 349 1228 praestant,
362 1190 399 1218 et
414 1186 442 1218 si
463 1186 591 1218 dotibus
610 1187 804 1228 scripsisset
821 1187 999 1227 Pliaedrus,
1022 1192 1136 1220 tamen
1151 1187 1195 1220 de
1218 1188 1310 1220 vocis
1325 1187 1407 1219 dote
1422 1188 1565 1221 deberet
1575 1197 1638 1221 ex-

168 1228 402 1271 plicatis-16
429 1228 577 1261 Recidat.
597 1228 783 1262 Salmasius
792 1229 836 1262 ad
851 1239 945 1262 oram
958 1230 1040 1263 libri
1054 1234 1091 1263 et
1106 1230 1236 1272 Guyet.
1249 1239 1268 1262 e
1280 1230 1350 1262 Ms.
1367 1230 1462 1263 Pith.
1483 1230 1632 1273 reccidat,

169 1276 210 1305 nt
222 1272 367 1314 rettudit,
388 1272 525 1312 rettulit,
547 1275 584 1303 et
600 1272 735 1313 similia,
756 1272 818 1313 sed
833 1282 867 1306 ν.
887 1273 1075 1305 Burmann.
1101 1272 1146 1305 nd
1169 1271 1275 1305 ovid.
1298 1271 1418 1306 Amor.
1434 1283 1461 1306 1.
1475 1276 1509 1306 7.
1521 1275 1578 1306 62.
1594 1278 1635 1307 'et

169 1324 247 1356 quae
263 1314 424 1347 Heinsius
447 1314 580 1347 notavit
594 1314 638 1347 ad
655 1314 774 1347 Claud.
790 1315 880 1348 Bell.
909 1314 1049 1348 Gildon.
1068 1317 1123 1348 44.
1145 1325 1196 1358 sq.
1219 1319 1255 1347 et
1277 1314 1382 1348 ovid.
1403 1316 1469 1358 Ep.
1490 1325 1564 1350 xxv⁸
1578 1318 1635 1350 40⁴
1663 1322 1668 1325 “

169 1366 270 1399 quem
284 1357 499 1389 Burmannus
513 1357 609 1389 citat.
654 1356 755 1390 Adde
767 1357 917 1392 Desbill.
930 1357 975 1391 ad
990 1367 1017 1391 1.
1033 1358 1128 1392 Prol.
1143 1360 1175 1392 1.
1186 1362 1223 1391 et
1237 1357 1390 1392 Broukh.
1403 1359 1446 1392 ud
1462 1359 1569 1402 Prop.
1580 1368 1635 1392 tv.-

170 1402 202 1433 8.
212 1402 266 1433 44.
300 1399 444 1432 Ursinus
463 1399 562 1433 dedit
575 1399 709 1433 decidat.

829 1477 975 1511 NOTAE

215 1554 256 1584 14
273 1551 351 1584 Noli
363 1551 529 1594 affectare]
552 1552 655 1593 Quia,
667 1555 706 1585 ut
717 1552 766 1585 ait
778 1552 877 1586 1²11ae-
930 1554 981 1587 Ut
992 1552 1098 1587 etiam
1109 1553 1267 1588 camelus
1277 1554 1316 1587 in
1326 1552 1462 1596 fabulis,
1471 1549 1540 1598 qni,
1551 1565 1631 1598 pos-

170 1602 252 1635 drus
275 1602 311 1634 in
335 1601 453 1635 fabula
478 1601 595 1644 Canis,
617 1601 628 1621 ‘
641 1601 782 1635 Amittit
806 1612 873 1636 me·
928 1612 1011 1638 cens
1022 1604 1312 1648 cornua,auribns
1323 1613 1458 1649 quoque
1474 1605 1636 1649 privatus

173 1653 241 1688 rito
257 1653 447 1697 proprium,
462 1653 521 1697 qui
541 1653 688 1687 alienum
711 1652 873 1697 appetit:
927 1658 993 1689 est.
1192 1674 1194 1676 -

722 2017 932 2058 PABULA
979 2018 1090 2059 XIX.

508 2182 768 2227 AESOPUS
800 2183 890 2229 AD
922 2184 1305 2231 GARRULUM.

177 2326 390 2389 AEsopus
411 2330 589 2375 domino
609 2333 730 2376 solus
746 2346 848 2376 cum
868 2338 992 2378 esset
1010 2333 1193 2386 familia,

223 2442 304 2475 Cum
317 2443 451 2486 AEsopus
463 2446 542 2476 esset
555 2445 637 2476 solus
649 2453 754 2477 servus
769 2454 831 2478 suo
846 2446 931 2489 hero,
942 2445 1051 2486 jus-ms
1075 2448 1122 2478 est
1142 2445 1297 2478 instruere
1314 2444 1484 2487 prandium
1506 2444 1636 2478 celerius

221 2570 239 2600 1
262 2566 331 2599 Ms.
358 2565 494 2599 Perott.
537 2567 671 2609 AEsopus
694 2566 817 2600 domino
840 2576 910 2599 cum
932 2571 1011 2600 esset
1034 2569 1116 2601 solus
1129 2567 1271 2608 familia.
1314 2567 1372 2601 Sic
1401 2567 1510 2600 edidit
1527 2567 1624 2601 Brot.

834 2657 975 2691 NOTAE

222 2723 239 2753 1
264 2721 398 2764 AEsopus
410 2720 532 2754 domino
545 2722 626 2754 solus
640 2731 709 2755 cum
728 2725 807 2755 esset
823 2722 879 2762 fu·
932 2722 1090 2756 Sidonius
1120 2721 1352 2764 Apollinaris:
1390 2721 1402 2741 ‘
1425 2721 1636 2766 Respublica

178 2772 281 2813 milia]
314 2773 398 2806 Cum
431 2772 576 2806 haberet
606 2774 714 2808 solnm
745 2784 880 2807 servum
933 2777 1053 2808 nostra
1067 2772 1158 2807 Tota
1172 2771 1330 2806 Camillus
1347 2772 1445 2806 erat:

177 2823 351 2866 AEsopum,
365 2832 474 2867 neque
490 2828 660 2867 praeterea
675 2825 792 2860 ullum.
821 2824 881 2858 Sic
1174 2842 1178 2847 ’
