1806 3236
207 226 290 272 affl

180 320 186 327 ’
210 332 277 365 tius
292 331 350 366 lib.
370 341 403 364 v.
418 342 449 365 c.
465 333 496 364 1.
516 329 526 348 ‘
540 329 665 362 Omnia
687 326 783 370 sequi
800 336 908 360 arma·

209 382 283 416 tos!
305 382 409 422 Schef.
454 382 510 414 Ita
529 390 622 422 saepe
647 377 908 414 Quinctiliuuus.

206 433 284 467 Lib.
300 443 350 466 ιν.
366 437 398 466 6.
421 432 553 465 ‘refert
566 435 682 464 autem
694 430 729 462 in
744 433 908 472 quantum

208 484 321 518 dictus
335 490 452 525 tropus
463 486 636 516 auctorem
652 485 817 524 sequatur
829 479 850 520 ς’
873 483 911 512 et

208 535 299 568 alibi.
343 534 423 566 Vid.
450 533 494 566 ad
521 533 580 565 lib.
601 541 642 567 ιι.
668 533 722 564 14.
747 534 784 563 et
807 529 909 563 latius

208 586 252 619 de
267 587 329 619 hoc
345 584 504 628 loquendi
529 592 656 627 genere
678 581 812 615 Barthii
838 580 909 613 Ad-

208 646 298 670 vers.
313 645 375 669 mx.
393 639 446 669 16.

251 690 293 720 10
314 687 403 720 Malo
425 685 606 730 adficietur]
641 683 747 718 Gudii
773 683 909 725 conjec-

206 744 320 771 turam
345 739 504 781 affligetur
531 737 666 779 recepit
701 736 736 767 in
773 739 909 767 textum

208 789 502 831 Hoogstratanus:
527 788 651 820 nollem
664 785 815 819 factum:
838 785 909 817 vin-

207 840 338 873 dicavit
352 840 444 873 enim
465 839 604 882 egregio
617 838 768 871 Gronov.
792 836 836 870 ad
849 837 910 869 Se-

207 901 283 925 nec.
307 892 350 924 de
374 893 432 924 Ira
456 892 519 924 lib.
546 901 571 924 1.
599 899 675 932 cap.
691 892 745 923 16.
767 893 804 922 et
827 889 910 932 quid

206 942 315 985 magis
329 943 464 975 obvium
475 936 564 985 apud
581 943 796 982 Ciceronem,
810 951 911 983 quam

206 993 289 1036 affici
297 994 485 1035 calamitate,
494 996 604 1035 morte,
609 992 795 1034 ignominia,
803 991 912 1034 exilio,

206 1047 260 1087 &c-
284 1054 426 1087 quorum
443 1045 602 1086 exempla
618 1044 770 1076 Nizolius
785 1053 910 1085 suppe-

209 1095 357 1128 ditabit?
392 1097 532 1129 Terent.
546 1096 653 1128 Phor.
669 1104 711 1127 11.
726 1098 760 1128 4.
781 1095 790 1113 ‘
803 1104 908 1138 quan-

209 1150 246 1179 ta
266 1156 321 1179 me
337 1156 418 1179 cura
435 1150 538 1189 atque
553 1146 771 1179 solicitudine
787 1145 907 1179 adficit

207 1197 353 1239 gnatus-⁹
375 1197 384 1215 ‘
395 1196 666 1230 Difficultatibus
682 1196 840 1230 adfectus
855 1202 908 1231 at·

209 1257 275 1290 que
298 1246 480 1289 adflictus:
501 1248 612 1280 Cicer.
630 1257 692 1289 pro
707 1248 850 1282 Quinct.
866 1251 901 1281 2.

206 1297 400 1330 ‘Affiietum
427 1297 535 1330 malo'
563 1298 647 1331 dicit
671 1299 798 1331 Fabius
819 1299 905 1331 Inst.

206 1358 259 1382 vl.
274 1359 414 1390 prooem.
436 1349 498 1382 sed
524 1350 624 1392 longe
640 1350 707 1382 alio
722 1360 837 1392 sensu,
855 1355 906 1383 at-

205 1410 275 1443 que
289 1400 357 1432 hic.
379 1401 495 1433 Burm.

247 1451 430 1495 Afficietur]
453 1452 651 1494 Legendum
671 1452 853 1494 affligetur,
868 1456 909 1485 ut

206 1501 277 1536 fab.
292 1506 344 1535 11.
369 1504 379 1521 ‘
393 1503 518 1535 Leonis
539 1502 747 1545 adfliguntur
769 1504 911 1536 horren·

206 1553 252 1586 do
267 1553 397 1594 impetu
407 1553 430 1593 ;’
454 1554 505 1585 ita
519 1553 656 1586 omniuo
671 1553 850 1601 legendnm
865 1563 910 1586 ex

205 1603 342 1636 schedis
368 1603 533 1643 Danielis,
555 1608 596 1636 ut
618 1609 825 1637 monuerunt
846 1605 910 1637 viri

206 1654 313 1686 docti.
356 1654 461 1696 Adfici
475 1654 557 1686 malo
580 1655 636 1686 vix
653 1655 828 1696 reperias3
850 1655 911 1688 sed

205 1704 318 1746 adfligi
331 1705 413 1736 malo
427 1709 480 1737 est
492 1705 706 1739 Quintiliani.
732 1705 817 1738 Gud-

251 1758 290 1786 11
315 1755 479 1796 Praedam]
501 1755 650 1796 Proprie
677 1755 719 1787 de
744 1765 797 1794 eo,
818 1756 912 1797 quod

206 1804 390 1837 venatione
405 1805 552 1846 capitur.
596 1805 687 1837 Vide
707 1806 851 1837 Vlitium
867 1806 911 1838 ad

208 1856 347 1889 Nemes.
362 1866 410 1889 vs.
436 1859 490 1889 50.
536 1857 664 1890 Noster
688 1857 780 1890 iufra
793 1857 854 1891 lib.
871 1867 911 1890 11.

746 2165 1002 2209 FABULA

251 2306 353 2342 Ranoe
370 2311 410 2342 ad
425 2310 541 2352 Solem]
565 2309 725 2342 Babrius.
750 2312 909 2343 Camera-

208 2362 288 2395 rius.
311 2362 414 2394 Liber
439 2364 507 2396 Ms.
526 2362 689 2395 Biblioth.
715 2363 849 2395 Victor.
865 2363 909 2395 de

207 2411 334 2444 femina
348 2417 384 2444 et
398 2412 486 2445 fure.
530 2414 541 2431 ⁴
554 2413 706 2445 Foemina
720 2413 799 2446 dum
812 2414 911 2446 nubit

205 2462 286 2505 furi,
317 2464 439 2496 vicinia
473 2464 611 2506 gaudet.
655 2464 720 2496 Vir
743 2464 849 2498 bonus
873 2469 911 2498 et

206 2514 358 2555 prudens
382 2515 464 2547 talia
490 2515 596 2548 verba
617 2520 753 2548 movet:
776 2516 835 2548 Sol
852 2526 909 2558 pe-

207 2564 296 2606 pigit
331 2575 512 2606 sponsam;
546 2566 646 2600 Jovis
680 2576 778 2598 aures
815 2571 910 2599 terra

207 2615 354 2655 querelis
369 2615 538 2655 Perculit,
562 2620 598 2648 et
619 2625 770 2656 causam,
786 2625 846 2648 cur
859 2615 909 2648 fo-

207 2669 263 2698 ret
289 2675 394 2707 aegra,
416 2666 534 2698 dedit:
568 2667 649 2698 Sole
677 2675 781 2698 necor
810 2667 906 2706 solo;

207 2715 288 2756 quid
313 2716 395 2757 erit,
422 2716 450 2748 si
479 2717 629 2749 creverit
654 2717 767 2749 alter?
811 2717 904 2750 Quid

206 2765 338 2805 patiar?
354 2766 434 2807 quid
447 2771 526 2808 aget
538 2771 635 2799 tauta
645 2767 768 2800 caloris
780 2767 905 2800 hiems?

207 2814 276 2848 Hic
291 2816 452 2857 prohibet
477 2826 587 2850 sermo
605 2821 730 2850 coetum
747 2817 903 2859 praebere

664 231 806 264 NOTAE
838 229 1103 263 VARIORUM
1138 229 1190 259 IN

961 342 1036 376 cap.
1051 336 1083 366 8.
1105 333 1116 352 ‘
1126 333 1274 366 cervum
1287 331 1477 365 convocata
1486 327 1591 372 jubet
1604 337 1662 362 oe·

962 384 1032 417 eidi
1042 383 1179 426 familia,
1189 383 1418 425 Praedamque
1428 381 1544 414 tollite
1552 378 1662 420 Βελῆ.

962 433 1042 467 Vid.
1058 432 1137 466 infr.
1154 434 1197 467 ad
1210 434 1267 466 lib.
1282 442 1324 466 u.
1337 431 1408 464 fab.
1425 434 1455 464 1.

1006 485 1083 518 Sola
1104 484 1302 527 improbitas]
1339 482 1526 524 Grandia,
1556 483 1595 514 et
1619 483 1664 514 ut

962 535 1136 569 sententia
1149 539 1241 569 esset
1255 535 1418 577 apertior,
1434 533 1484 567 sic
1497 531 1662 576 loquitur,

963 596 1026 619 nec
1040 586 1094 620 hic
1104 586 1174 618 ullo
1189 585 1290 618 modo
1302 585 1474 618 Meursluu
1490 587 1546 618 est
1566 582 1664 630 audi:

963 636 1082 669 endus.
1127 637 1258 669 Noster
1272 644 1375 679 supra
1387 635 1456 669 fab.
1467 638 1499 669 5.
1519 634 1530 654 ⁶
1541 636 1663 667 vomui

962 687 1112 729 decepta
1139 686 1308 728 aviditas:
1334 690 1374 719 >et
1397 686 1446 719 oie
1465 685 1662 728 neptuim.

963 738 1153 780 Improbitas
1167 747 1269 780 porro
1288 741 1353 778 est,
1370 735 1542 779 nimietas,
1554 739 1597 769 ut
1611 735 1663 768 oie

962 790 1088 830 dicam,
1121 799 1162 822 ac
1186 787 1426 821 insatiabilius
1448 785 1661 829 copm-

963 841 1087 884 Neque
1123 840 1303 873 Bai-thium
1337 839 1393 872 hie
1428 837 1564 881 sequor,
1597 835 1665 880 qui

963 892 1203 925 crudelitatem
1231 891 1396 934 explicat,
1430 889 1565 934 quanm)
1595 896 1666 921 non

964 949 1018 977 est
1051 954 1162 977 sermo
1192 944 1235 977 de
1268 943 1400 977 crudeli
1421 943 1487 976 hoo
1519 942 1552 974 iu
1571 941 1666 978 loeo,

963 995 1025 1028 sed
1047 996 1092 1028 de
1123 1005 1178 1037 eo,
1213 996 1284 1038 qni,
1317 994 1446 1027 fiducia
1479 990 1667 1036 potentia,-

964 1057 1086 1080 avarus
1114 1052 1179 1088 est,
1214 1051 1252 1080 et
1288 1045 1444 1089 cupidus,
1477 1047 1665 1086 raptorque

963 1097 1077 1130 alieni.
1121 1098 1220 1140 Vitg.
1241 1097 1373 1139 θοοῖς.
1398 1106 1424 1129 1.
1445 1096 1455 1113 ‘
1471 1094 1540 1127 Hic
1562 1091 1665 1136 pisel-

961 1149 1024 1182 bus
1037 1153 1147 1181 atram
1161 1148 1342 1191 Improbus
1357 1146 1539 1189 ingluviem
1554 1143 1664 1178 ranin-

962 1209 1028 1243 que
1050 1199 1252 1243 loquacibus
1272 1197 1415 1241 explet.’
1456 1193 1599 1229 Ser-lm
1616 1194 1663 1227 ad

960 1251 1035 1283 baec
1046 1250 1172 1282 verba:
1190 1254 1200 1268 ‘
1212 1248 1416 1291 Improbus3
1431 1243 1634 1279 insatiabilis
1642 1243 1667 1277 :'

960 1306 996 1334 et
1012 1302 1163 1343 Philarg.
1185 1299 1413 1343 ‘Improbum
1435 1297 1492 1330 hie
1522 1294 1667 1329 avidus-¹

960 1352 1066 1392 Schef.
1111 1352 1170 1385 Nil
1192 1351 1260 1383 vidi
1282 1349 1418 1391 melius,
1441 1353 1557 1381 tamen
1583 1344 1665 1378 audi

960 1402 1170 1436 Meursium:
1204 1403 1214 1421 ‘
1227 1399 1426 1442 Malebam‚'
1448 1398 1574 1442 inquit,
1595 1396 1667 1430 ‘so-

960 1456 1009 1486 lus
1027 1454 1210 1495 improbiter
1223 1452 1354 1485 abstulit
1361 1451 1386 1491 ,·’
1410 1449 1471 1483 sed
1492 1449 1570 1493 quis
1584 1457 1662 1482 vu·-

961 1505 1013 1537 sni
1027 1505 1204 1547 quiritanti
1226 1501 1428 1536 subveniet?
1443 1508 1554 1544 nequ·
1575 1499 1668 1533 enin

963 1556 1031 1588 erit
1044 1565 1162 1587 versus
1178 1554 1348 1595 trimeter,
1367 1552 1396 1586 si
1411 1552 1460 1584 ita
1472 1551 1568 1592 legas
1581 1560 1592 1582 x
1615 1548 1670 1582 id·

965 1616 1031 1649 que
1044 1604 1148 1645 πάσης
1170 1606 1318 1646 μουσικῆς
1338 1602 1485 1644 firmus
1504 1600 1667 1634 sentient.

965 1658 1046 1690 Fob.
1104 1657 1200 1690 Nihil
1226 1655 1426 1689 mutandum
1455 1661 1533 1686 esse
1561 1651 1666 1684 docet

964 1708 1111 1740 imitatio
1122 1707 1285 1740 Auctoris
1299 1705 1485 1747 Quen-0159.
1497 1705 1552 1737 2⁶.
1573 1703 1585 1721 ⁸
1595 1711 1667 1734 om-

965 1767 1025 1790 nes
1039 1757 1172 1789 fructus
1188 1765 1373 1799 paucorum
1393 1752 1594 1797 improbitas
1608 1760 1665 1784 ca·

966 1807 1045 1849 pit.’
1068 1808 1176 1840 Burm.

1053 2166 1135 2210 VL

961 2310 1114 2343 favorem
1144 2310 1210 2342 His
1236 2311 1325 2343 male
1351 2310 1408 2352 qui
1435 2309 1581 2351 faciunt,
1606 2310 1661 2342 nel

962 2362 1050 2394 mala
1064 2361 1158 2393 facta
1174 2363 1320 2403 parant.’
1341 2361 1421 2402 Εἰς.

1008 2415 1025 2444 1
1055 2411 1175 2453 Vicini]
1213 2412 1303 2444 Illud
1335 2411 1440 2445 Vicini
1475 2410 1602 2443 dicitur
1626 2409 1662 2442 iu

964 2467 1124 2505 respectu
1141 2463 1185 2494 ad
1207 2464 1369 2505 AEswwm
1390 2462 1489 2504 cujus
1517 2464 1593 2493 erat
1615 2460 1665 2493 vi-

964 2513 1072 2553 cinus,
1087 2518 1122 2545 et
1136 2513 1180 2545 ob
1195 2512 1285 2546 furtu
1297 2511 1441 2545 infamis.
1467 2511 1575 2550 Sem.

1006 2566 1026 2595 3
1054 2563 1192 2595 Uxorem
1204 2564 1355 2604 quondam
1367 2564 1413 2594 sol
1420 2572 1490 2594 oum
1503 2562 1593 2594 vellet
1605 2562 1662 2595 dnt-

961 2617 1044 2658 cere]
1065 2615 1123 2647 Ita
1140 2616 1179 2647 V.
1195 2616 1234 2647 C.
1268 2615 1404 2648 Festive
1416 2615 1452 2647 in
1464 2615 1549 2648 banc
1563 2615 1661 2648 Phae-

962 2667 1015 2698 dri
1031 2666 1235 2698 sententiam
1251 2666 1294 2698 de
1308 2667 1413 2698 Lunae
1425 2675 1559 2709 quoque
1575 2675 1661 2708 nup-

959 2717 1015 2750 tiis
1025 2716 1198 2749 fabulatur
1213 2716 1424 2749 Camerarius
1437 2719 1513 2748 265.
1538 2717 1616 2758 Εἰς.

1002 2769 1103 2801 Solem
1115 2767 1208 2808 vene]
1228 2768 1456 2799 Correxeram
1467 2766 1510 2798 de
1525 2767 1660 2809 conjec-

958 2824 1051 2852 tura:
1075 2818 1201 2851 solcum
1223 2817 1311 2850 vellet
1325 2819 1461 2857 ducere,·
1485 2827 1560 2850 cum
1575 2827 1659 2851 ecce
