1806 3236
397 192 601 228 mamm
637 193 745 225 mn.
777 192 1082 227 AEsormnum
1117 193 1212 226 ms.
1245 194 1300 227 11.
1329 183 1374 227 1.

155 305 158 309 ·
190 289 373 335 Modum]
393 287 547 334 Proprie
559 289 604 325 de
625 290 750 324 victis:
775 292 860 325 Cor·

149 345 221 378 nel.
247 343 341 386 Nep.
366 341 492 376 Thras.
516 351 549 376 ο.
569 345 602 376 8.
623 342 633 360 ‘
647 343 690 375 In
705 342 860 376 secundo

146 393 272 437 pruno
282 393 412 428 eccidit
430 393 570 427 Critias.
614 394 693 427 Hoc
708 394 864 437 dejecto,

146 444 339 480 Pausanias
350 444 446 478 venit
458 444 589 478 Atticis
604 444 758 478 auxilio?
801 446 862 478 Vi-

146 497 305 532 &met
324 499 527 530 venatorum
550 505 627 529 esse
651 497 810 539 verbum,
826 501 864 531 et

147 548 241 583 solet·
252 546 330 581 fere
355 547 434 581 talis
458 547 611 581 ferarum
640 552 788 591 captura
804 558 862 582 ve-

144 599 248 637 natio
267 599 396 634 vocari.
439 600 540 633 Curt.
562 609 643 633 vm.
669 611 701 634 c.
718 604 749 634 l.
773 601 862 634 ‘Ille

147 654 297 695 quatuor
319 650 470 684 millibus
490 651 643 686 ferarum
666 652 812 695 dejectis
826 651 861 685 in

146 702 272 740 eodem
286 704 381 737 'saltu
395 704 557 747 epulatus
574 704 652 738 est?
694 705 862 747 Virgilius

147 763 299 798 quoque,
313 764 417 798 quem
443 754 535 788 forte
553 756 729 799 respexit:
754 756 860 789 Geor.

147 815 209 841 ιιι.
221 807 232 826 ‘
244 807 292 840 Et
306 807 405 840 sibila
416 807 506 840 colla
516 811 706 841 tumentem
718 808 862 850 Dejice.’

148 859 207 891 De
221 858 409 892 venatione
423 859 544 902 anguis
560 859 729 902 loquitur.
751 859 862 900 Sches.

148 909 305 943 Martini.
318 918 346 943 ι.
360 913 415 944 61.
435 910 446 928 ‘
459 910 540 944 Non
554 909 618 943 nisi
631 910 862 953 dejecta'pas-

149 959 241 994 citur
254 961 315 995 ille
329 961 428 995 fera?
472 961 695 1005 Epigramma
714 966 813 995 vetus
827 962 863 996 in

149 1013 262 1048 Catal.
287 1014 384 1048 Pith.
409 1024 444 1058 p.
461 1016 521 1048 28.
545 1014 688 1048 ‘Iratus
715 1015 863 1056 recolas,

149 1065 249 1110 quod
266 1065 390 1100 nobilis
411 1066 466 1099 ira
487 1066 613 1099 Leonis
638 1066 681 1099 In
696 1066 762 1099 sibi
786 1076 866 1108 pro-

148 1121 276 1152 stratas
290 1127 328 1152 se
341 1122 448 1162 negat
463 1127 537 1151 esse
552 1117 663 1151 feram
674 1118 694 1152 :'
711 1118 804 1162 quod
818 1118 865 1151 ci-

140 1172 229 1202 :tans
253 1169 417 1202 Barthius
441 1168 487 1202 ad
503 1169 600 1202 Stat.
616 1179 669 1203 ιν.
684 1172 739 1203 23.
765 1170 866 1212 legit,

149 1217 260 1252 Imm
285 1229 362 1261 rege
386 1222 441 1254 te:
474 1221 521 1253 sic
547 1219 676 1262 nobilis,
704 1222 758 1262 ξε.
810 1221 865 1253 De

147 1269 256 1305 verbo
268 1271 403 1312 dq't'cere
425 1271 528 1314 plura
551 1271 708 1306 dicemus
724 1272 768 1305 ad
784 1272 864 1305 Val.

148 1321 247 1356 Flac.
265 1331 292 1356 ι.
311 1326 386 1359 191.
409 1323 526 1358 Bam.

191 1377 215 1408 8
236 1375 426 1418 Proedutor]
459 1376 585 1410 Forte:
620 1377 738 1409 Praedo
766 1376 865 1409 inter-

146 1427 234 1460 venit
246 1428 411 1471 pustulam
422 1430 547 1471 partem
558 1430 659 1471 lupus.
686 1429 745 1462 Ita
761 1439 867 1471 supra

147 1478 158 1496 ‘
175 1478 303 1512 Latro'
332 1479 448 1513 dictus
476 1480 589 1523 lupus.
613 1479 730 1512 Heius.
783 1481 867 1513 Non

148 1538 290 1571 possum
316 1530 480 1571 probare.
527 1531 695 1563 Proedutor
719 1535 775 1564 est
799 1531 868 1571 hic,

149 1579 321 1622 Venator,
351 1585 392 1614 ut
420 1581 513 1624 apud
542 1580 650 1615 Ovid.
679 1583 770 1615 Met.
799 1591 867 1615 xu.

149 1633 228 1664 8⁰⁶.
250 1632 261 1650 ⁶
277 1625 374 1664 Abas
388 1632 564 1675 praedator
580 1632 765 1674 aprorum!
810 1632 868 1665 Ita

145 1683 288 1724 praedari
314 1692 393 1726 pro,
422 1684 540 1716 venari
565 1684 742 1716 Martialis
758 1684 826 1726 Ep.
843 1694 868 1718 1.

147 1736 205 1767 ⁵⁰.
241 1735 252 1752 ‘
267 1734 456 1773 Praestabit
485 1734 559 1768 illic
597 1735 674 1778 ipsa
710 1735 867 1777 figendas

148 1795 262 1829 prope
276 1786 431 1819 Voberta
445 1786 619 1829 praedanti
633 1786 750 1829 feras,'
764 1792 803 1820 ut
819 1787 868 1820 le-

150 1838 211 1880 git·
219 1837 383 1871 Heinsius
392 1837 435 1871 ad
449 1837 571 1872 Claud.
582 1839 753 1871 Fescenn.
765 1848 802 1871 v·
815 1841 867 1872 11.

150 1884 372 1932 E't‘praeda'
399 1899 464 1933 pro
489 1899 544 1932 eo,
569 1884 662 1933 quod
685 1890 868 1923 venatione

149 1943 296 1983 captum
318 1945 392 1974 est:
415 1941 541 1983 virgil.
565 1942 641 1975 AEn.
655 1951 681 1974 1.
696 1944 775 1974 210.
821 1943 869 1974 Et

150 1990 232 2024 ltine
245 1991 406 2025 venatori
417 1992 606 2034 opponitur
621 1992 782 2025 innoxius
797 1993 868 2026 via-

152 2046 223 2085 tor,
245 2043 305 2087 qui
330 2045 443 2077 nullas
469 2044 613 2078 insidias
643 2044 727 2078 feris
752 2045 868 2079 struit.

152 2094 235 2128 Vid.
249 2095 309 2128 lib.
324 2104 351 2128 1.
366 2093 437 2128 fab.
451 2099 485 2129 ⁵.
509 2096 587 2129 Nisi
611 2097 720 2129 mavis
746 2099 869 2139 proeda-

152 2149 256 2180 eorm
264 2157 328 2190 pro
337 2148 421 2190 lupo
433 2153 619 2191 capere,ut
630 2149 728 2192 Virg.
739 2149 871 2191 Georg.

154 2205 180 2230 1.
209 2199 284 2232 18⁰.
319 2198 330 2217 ‘
343 2197 571 2242 Praedarique
608 2198 708 2242 lupos
738 2199 870 2242 jussit.’

154 2249 272 2283 Bam.

198 2301 332 2335 Parem
355 2303 532 2346 postulans]
569 2303 581 2322 ‘
597 2304 706 2339 Quasi
736 2304 871 2338 inventi

153 2352 281 2395 titulo,'
307 2353 420 2397 inquit
446 2355 711 2398 Freinshemius,
726 2361 766 2388 ut
782 2355 871 2388 infra

155 2407 208 2438 87.
222 2406 254 2438 Β.
298 2405 428 2438 Nescio
459 2415 502 2439 an
530 2406 723 2440 commode.
776 2407 870 2440 Nam

152 2455 292 2497 dejectu
306 2460 381 2490 erat
399 2457 582 2500 juvencus,
605 2467 674 2490 non
689 2458 835 2491 inventus
850 2469 871 2491 a

150 2506 269 2548 leone,
285 2508 352 2540 nisi
369 2508 455 2541 velis
478 2508 669 2549 inventum,
685 2513 870 2552 antequam

149 2557 380 2602 dejiceretur.
425 2560 496 2592 Sed
510 2564 583 2592 tum
599 2559 776 2601 praedator
790 2569 870 2593 nec-

149 2608 238 2643 dim
253 2609 390 2644 aderat.
419 2611 564 2644 Mallem
581 2611 775 2653 respexisse
787 2611 870 2643 ami-

152 2657 252 2692 'eiua
275 2659 440 2702 officium,
466 2671 506 2694 ac
533 2671 554 2694 a
577 2662 678 2695 leone
702 2662 769 2695 hoc
792 2672 873 2695 exe·

159 2709 264 2752 gine,
277 2711 372 2744 velut
390 2710 512 2745 iisdem
527 2712 653 2747 studiis
667 2722 709 2747 ac
720 2713 872 2755 negotiis

159 2758 291 2794 dedito.
311 2761 418 2803 Sches.

203 2814 226 2845 4
250 2811 390 2865 Reiecit]
418 2815 464 2849 Ei
488 2815 643 2859 negavit,
668 2816 874 2860 quod‘peti-

1533 181 1620 229 2131

911 296 1002 334 erat,
1015 303 1092 326 cum
1107 295 1290 327 contemtu
1303 294 1341 325 et
1369 293 1625 336 aspernatione.

913 344 1061 378 Plautus
1084 344 1253 378 Bacchid.
1278 353 1331 378 ιν.
1352 353 1402 378 sc.
1417 346 1450 377 8.
1471 344 1481 362 ‘
1498 344 1624 378 Militis

912 395 1092 429 Parasitus
1115 395 1218 429 modo
1244 399 1389 429 venerat
1418 400 1538 428 aurum
1565 404 1625 438 pe-

913 450 1012 480 tere:
1036 446 1115 480 hinc
1143 457 1221 480 eum
1244 456 1310 490 ego
1324 446 1410 480 meis
1425 446 1539 479 Dictis
1554 456 1628 479 ma-

912 497 966 540 lis,
980 498 1033 530 his
1047 496 1181 531 foribus
1197 502 1301 541 atque
1315 498 1381 531 hac
1397 497 1522 540 repuli,
1537 498 1627 540 reJe-

913 548 946 581 ci
968 547 1163 582 hominem?
1185 547 1294 588 Schef.
1339 547 1447 582 Ovid.
1464 548 1554 582 Met.
1569 557 1625 581 lx.

911 601 967 632 51.
990 599 1000 617 ‘
1014 599 1106 642 Ergo
1129 608 1196 641 ego
1219 608 1298 642 quae
1320 597 1452 631 fueram
1479 608 1549 632 non
1573 608 1628 632 re·

907 650 1048 694 jectura
1075 649 1278 693 petentem.'
1321 651 1462 683 Terent.
1484 650 1628 683 Phorm.

912 710 967 741 lv.¹
988 706 1022 734 6.
1037 705 1072 734 6.
1095 703 1105 721 ‘
1121 701 1212 735 Nam
1239 701 1269 734 si
1298 702 1409 734 altera
1433 702 1493 734 illa
1517 701 1628 743 magis

912 752 1071 794 instabit,
1085 751 1231 786 forsitan
1246 762 1309 786 nos
1326 752 1491 795 rejiciet.’
1534 752 1627 785 vide

913 804 1028 838 Gebh.
1042 804 1148 847 Crep.
1163 813 1222 837 ιιι.
1240 807 1292 837 10.
1314 804 1431 838 Burm.

958 856 1128 898 Innoxius]
1152 855 1278 889 Active
1307 866 1373 898 pro
1399 866 1456 897 eo,
1482 856 1540 900 qui
1568 865 1630 889 ne-

913 906 996 939 mini
1016 912 1135 949 nocet,
1150 911 1190 940 ut
1205 911 1402 950 opponatur
1423 909 1433 926 ⁴
1446 907 1629 950 improbo,’

913 958 950 990 id
980 962 1049 1000 est,
1077 958 1243 991 violento.
1295 957 1386 991 Vide
1414 967 1518 1001 supra
1547 958 1570 991 1.
1602 967 1628 990 1.

915 1019 993 1052 cap.
1006 1012 1062 1043 23.
1105 1009 1165 1042 Sic
1185 1009 1196 1027 ⁴
1209 1009 1395 1042 Innoxium
1411 1008 1631 1052 serpentem’

915 1060 1005 1094 dixit
1017 1061 1118 1104 Virg.
1132 1060 1168 1092 in
1184 1061 1259 1093 AEn.
1276 1071 1312 1094 v.
1335 1061 1444 1101 Schef.
1486 1060 1630 1094 Sueton.

917 1114 1027 1156 Calig.
1052 1116 1084 1147 3.
1115 1113 1449 1147 ‘Obtrectatoribus
1476 1113 1566 1147 lenis
1595 1116 1633 1146 et

916 1166 1101 1200 innoxius.’

947 1222 980 1251 ’5
1003 1218 1184 1262 Deductus]
1209 1220 1267 1253 De
1284 1229 1339 1262 eo,
1360 1219 1420 1262 qui
1445 1219 1540 1252 forte
1561 1217 1633 1252 for-

918 1273 1004 1303 tuna
1029 1271 1153 1304 incidit
1181 1271 1217 1304 in
1242 1272 1312 1304 tale
1339 1270 1528 1314 quidpiam.
1571 1269 1633 1302 sic

917 1322 927 1341 ‘
941 1322 1124 1356 Deductus
1139 1323 1174 1356 in
1190 1322 1331 1362 casum,’
1348 1322 1441 1365 apud
1457 1323 1633 1355 Caesarem

916 1375 960 1408 B.
986 1375 1031 1409 G.
1057 1385 1100 1409 11.
1133 1375 1241 1415 Schef.
1300 1374 1427 1409 Horat.
1452 1373 1521 1407 Od.
1541 1383 1583 1406 ιι.
1599 1376 1633 1406 7.

915 1426 926 1445 ⁴
940 1427 972 1460 0
990 1437 1084 1470 saepe
1100 1437 1232 1460 mecum
1258 1430 1394 1469 tempus
1417 1425 1453 1458 in
1475 1425 1633 1458 ultimum

899 1478 1103 1511 ÷Dediicte.'

961 1535 983 1564 ὃ
1002 1530 1250 1572 Rettulitretro]
1274 1530 1429 1564 Imitatio
1440 1529 1635 1572 Virgiliana

919 1586 983 1615 est.
1027 1582 1191 1625 Virgilius
1215 1583 1275 1615 lib.
1303 1591 1360 1614 1x.
1391 1582 1512 1614 ‘Haut
1534 1581 1635 1614 aliter

919 1635 1015 1666 retro
1032 1632 1155 1666 dubius
1177 1633 1325 1675 vestigia
1348 1633 1484 1665 Turnus
1500 1632 1636 1674 Impro-

919 1688 1044 1726 perata
1057 1683 1189 1718 refert!
1233 1685 1430 1726 Usurpatur
1455 1683 1638 1725 eleganter

918 1734 964 1766 de
982 1734 1143 1776 ambiguo
1168 1738 1207 1768 et
1227 1735 1375 1768 incerto.
1397 1733 1504 1773 Scires.
1550 1734 1635 1767 Pot-

919 1791 997 1820 erat
1020 1787 1134 1821 oratio
1160 1795 1280 1821 carere
1305 1788 1373 1821 ista
1395 1788 1518 1821 vocula
1534 1782 1638 1827 i-eero,

918 1840 979 1873 sed
1002 1840 1171 1884 ejusmodi
1194 1841 1383 1884 pleonasmi
1412 1841 1540 1874 veteris
1566 1841 1637 1873 ele·

920 1892 1047 1933 gantiae
1063 1896 1163 1933 sunt;
1186 1893 1236 1925 ita
1245 1893 1388 1926 Terent.
1413 1893 1423 1912 ‘
1438 1892 1531 1925 Ante
1545 1902 1637 1934 prae-

920 1942 1052 1984 scisse?
1079 1943 1130 1976 ita
1152 1943 1358 1977 ‘Subtristis
1380 1942 1637 1986 aliquantulus,’

919 1993 971 2026 ita
983 1993 993 2012 ⁴
1007 1994 1187 2036 Perparce
1202 1994 1369 2028 nimium?
1401 1995 1479 2027 Scio
1497 1994 1638 2037 quidem

920 2046 1139 2079 Priscianum
1161 2047 1263 2079 aliter
1287 2047 1410 2087 citare,
1427 2056 1553 2089 nempe
1564 2057 1638 2089 per-

921 2096 1068 2136 nimium,
1092 2095 1153 2129 sed
1177 2096 1242 2129 hoc
1264 2097 1343 2130 loco
1360 2096 1553 2130 audiendus
1569 2106 1638 2130 non

922 2151 987 2180 est.
1013 2147 1129 2180 Faber.
1173 2147 1299 2190 Virgil.
1324 2148 1400 2181 AEn.
1418 2156 1461 2182 11.
1484 2149 1494 2167 ‘
1508 2149 1562 2181 Ex
1579 2148 1639 2180 illo

922 2196 1030 2231 fluere
1044 2208 1085 2232 ac
1100 2202 1196 2231 retro
1207 2199 1371 2242 sublapsa
1380 2198 1531 2232 referri!
1556 2197 1639 2231 Ovi-

922 2249 1000 2282 dius
1027 2250 1123 2283 Fast.
1148 2259 1190 2282 11.
1219 2252 1295 2283 342.
1317 2249 1536 2282 ‘Turbatum
1562 2249 1639 2282 viso

923 2301 1060 2335 rettulit
1075 2311 1187 2344 angue
1203 2300 1352 2344 pedem!
1377 2301 1492 2334 Heius.

968 2354 1094 2387 Retulit
1108 2353 1210 2395 retro]
1242 2352 1524 2385 Geminationem
1549 2351 1640 2384 hanc

924 2404 1023 2439 bonis
1037 2404 1237 2438 auctoribus
1252 2403 1457 2436 familiarem
1479 2412 1555 2435 esse
1579 2403 1641 2435 do-

923 2460 982 2489 cet
1006 2456 1054 2488 Is.
1079 2455 1303 2488 Casaubonus
1331 2453 1573 2486 Animadverti.
1605 2454 1640 2486 in

921 2507 1140 2548 Suetonium,
1156 2510 1192 2539 et
1210 2506 1363 2539 Brisson.
1379 2505 1467 2538 libro
1491 2505 1640 2548 Parerg.

921 2558 982 2591 sin
1009 2559 1055 2592 ul.
1079 2559 1167 2591 Ritt.

1005 2613 1080 2645 Non
1094 2616 1140 2644 est
1155 2611 1250 2654 quod]
1273 2611 1358 2650 Pro,
1373 2609 1442 2643 non
1463 2614 1518 2643 est
1542 2609 1641 2653 quid-

923 2672 1023 2706 quam
1039 2663 1075 2696 in
1091 2673 1206 2703 causa,
1220 2666 1365 2704 propter
1381 2660 1486 2703 quod.
1530 2661 1641 2702 Ellip-

924 2714 1031 2747 ticum
1049 2724 1157 2757 genus
1185 2712 1325 2755 optimis
1348 2711 1574 2754 scriptoribus
1589 2710 1640 2744 fa-

923 2765 1070 2807 miliare,
1087 2765 1129 2797 de
1143 2773 1210 2806 quo
1222 2763 1291 2796 vid.
1305 2763 1417 2796 Vossii
1433 2762 1571 2795 Constr.
1585 2764 1638 2795 19.

925 2817 1032 2858 Schts.
1077 2817 1222 2850 Terent.
1248 2814 1376 2848 Heaut.
1401 2823 1428 2847 1.
1447 2815 1479 2847 2.
1512 2813 1522 2832 ‘
1544 2812 1640 2847 Nihil
