1806 3236
700 242 845 275 No'rAE
879 242 1143 276 VARIORUM
1180 244 1231 275 lN

801 549 1136 595 EPILOGUS.

283 695 300 725 1
324 694 441 736 AEsopo
453 693 612 735 ingonem
630 694 783 736 statuam]
827 693 945 737 AEsopi

237 743 331 776 vita:
366 742 428 777 Καὶ
452 745 493 778 ὣς
513 743 686 778 συνειδότες
700 745 822 779 ἑαυτοῖς
835 745 945 778 ἀδίκως

237 793 416 836 φονευθέντι
429 795 481 828 καὶ
493 795 616 836 στήλην
631 796 819 836 ἀνέστησαν.
843 796 923 838 mg.

280 847 399 889 AEsopo
413 847 573 889 ingentem
587 851 726 880 statuam
745 856 874 890 posuere
882 847 945 880 At·

236 898 310 940 tici]
352 898 485 932 Statuae
512 900 614 942 hujus
637 903 812 932 auctorem
837 892 957 931 fuisse·

235 949 486 983 nobilissimum
515 951 612 984 illum
645 949 851 983 statuarium
878 950 946 993 Ly-

237 999 374 1042 sippum
383 1000 422 1043 (a
432 1010 499 1044 quo
511 1002 585 1035 solo
595 1011 632 1034 se
641 1000 725 1044 fingi
736 1001 826 1043 velle
837 1000 947 1034 edixit

237 1048 437 1084 Alexander
451 1050 618 1095 Magnus)
636 1052 796 1085 discimus
811 1060 857 1084 ex
874 1051 946 1094 epi-

237 1106 430 1143 grammate
453 1102 615 1146 Agathiae
641 1103 861 1145 scholastici,
886 1103 946 1146 qui

236 1153 423 1187 Justiniani
438 1154 529 1197 Imp.
543 1163 619 1188 aevo
634 1155 735 1188 vixit.
779 1154 824 1187 Id
849 1164 868 1187 e
883 1154 943 1188 lib.

238 1212 289 1237 ιν.
306 1204 526 1248 Anthologiae
542 1206 598 1239 tit.
614 1204 667 1239 aa
685 1206 887 1247 φιλοσόφους,
902 1204 946 1239 εἰς

236 1253 340 1287 εἰκόνα
352 1254 498 1288 Αἰσύπου
510 1257 578 1290 huc
598 1256 798 1290 adscribere
814 1257 946 1298 placuit

237 1315 316 1339 cum
332 1307 454 1340 Latina
475 1307 634 1339 versione
648 1311 777 1340 nostra.
820 1307 874 1339 Ex
890 1316 946 1339 eo-

236 1356 316 1389 dem
329 1357 395 1390 hoc
409 1367 544 1401 quoque
560 1357 735 1399 discimus,
747 1366 824 1390 cum
838 1357 944 1390 iidem

237 1406 466 1441 Athenienses
490 1408 594 1441 etiam
617 1412 751 1450 septem
772 1407 945 1449 Sapienti·

237 1457 301 1490 bus
313 1459 462 1492 Graeciae
473 1459 614 1501 singulis
629 1468 705 1491 suas
716 1458 946 1491 collocassent

236 1512 383 1550 statuas,
397 1510 549 1542 omnium
571 1509 754 1542 maximum
779 1509 947 1541 honorem

236 1569 296 1592 eos
311 1559 472 1593 habuisse
486 1560 626 1602 AEsopo,
641 1559 783 1602 ejusque
797 1563 946 1591 statuam

236 1611 359 1643 ordine
388 1611 533 1653 primam
568 1619 644 1643 esse
674 1610 832 1643 voluisse.
887 1610 946 1642 Sic

236 1662 344 1703 igitur
357 1661 548 1703 Agathias:
582 1658 665 1700 Εὖγε
682 1661 789 1700 ποιῶν,
803 1659 946 1691 Auo-ine

236 1710 348 1754 γέρων,
369 1710 512 1746 Σικυύνιε
532 1710 675 1753 πλάνη-α,
685 1709 837 1743 Δείκελον
846 1709 946 1742 Αἰσώ-

236 1774 298 1795 που
311 1762 435 1802 στήσω
447 1763 504 1794 τοῦ
518 1761 636 1802 Σαμίου
659 1761 761 1793 Ἑπτὰ
775 1763 880 1802 σοφῶν
894 1761 946 1801 ἐμ-

236 1812 381 1856 πρόσθεν.
405 1813 471 1846 ἐπεὶ
498 1815 593 1846 κεῖνοι
613 1811 672 1852 μὲν
699 1810 840 1852 ἀνάγκην
867 1811 945 1851 Ἔμ-

237 1867 352 1907 βολον,
375 1865 411 1897 οὐ
432 1865 539 1904 πειθὼ,
564 1861 724 1905 φθέγμασι
747 1863 815 1895 τοῖς
829 1861 943 1903 σφετέ-

237 1929 312 1960 ροις.
349 1916 410 1950 ‘Os
424 1916 458 1949 δὲ
468 1917 579 1957 σοφοῖς
592 1914 696 1956 μύθοις
714 1913 766 1946 καὶ
780 1912 944 1955 πλάσμασι

237 1966 340 2010 καίρια
361 1966 467 2009 λέξας,
492 1965 629 2007 nulfum,
650 1966 682 1998 ἐν
705 1966 826 2008 σπουδῇ
848 1964 946 1997 πείθει

238 2017 447 2061 ἑχεφρονέειν.
491 2016 627 2050 §tumor
640 2017 667 2049 δ’
681 2016 702 2056 ἦ
723 2017 856 2058 τρηχεῖα
868 2028 946 2058 παρ-

238 2070 361 2103 αίνεσις.
384 2069 406 2109 ἦ
424 2068 542 2110 Σαμίου
556 2068 591 2102 δὲ
603 2069 645 2101 Τὸ
666 2067 770 2109 ’γλυκὺ
782 2068 840 2100 τοῦ
852 2066 946 2108 μύθου

238 2120 335 2153 καλὸν
349 2118 417 2162 ἔχει
431 2119 550 2163 δέλεαρ.
592 2120 727 2153 Vellem
745 2119 821 2161 pari
836 2119 946 2151 suavi-

238 2179 314 2207 tate
325 2174 397 2207 haec
418 2174 553 2206 Latinis
569 2173 687 2205 metris
703 2183 724 2205 a
739 2182 793 2206 me
815 2172 947 2204 includi

238 2234 351 2267 posse.
395 2224 464 2256 Sed
481 2222 622 2256 reddam
637 2227 676 2255 ut
692 2227 835 2265 potero:
861 2223 946 2255 Iau-

238 2277 279 2308 do
292 2279 335 2318 te,
349 2275 485 2318 Lysippe
507 2283 611 2315 senex,
633 2273 778 2316 Sicyonie
797 2275 947 2315 sculptor,

238 2326 499 2369 AEsopivqffigiem
513 2325 594 2368 quod
606 2324 723 2357 statuis
743 2323 847 2356 Samio·
860 2323 947 2356 Ante

239 2377 358 2419 Sophos
381 2380 497 2418 septem
506 2386 519 2414 ‚·
555 2374 666 2417 quibus
693 2374 798 2406 omnia
825 2374 947 2406 tradita

238 2427 326 2460 auris
341 2426 496 2467 Legibus,-
532 2426 566 2458 in
577 2424 678 2457 verbis
691 2425 847 2465 suadaque
860 2426 946 2456 nulla

230 2477 316 2517 suit.
359 2477 422 2510 Ast
436 2477 486 2508 hic
500 2475 632 2515 fabellis
645 2474 869 2518 figmentisqtte
883 2485 947 2506 om-

238 2529 293 2561 m'a
307 2529 426 2569 condit,
447 2527 516 2560 Per
529 2528 629 2559 lusum
642 2526 776 2558 suadens
788 2526 882 2556 corda
893 2525 944 2556 ho-

239 2580 358 2611 minum
389 2582 426 2610 ut
454 2578 591 2619 sapiant.
640 2575 763 2617 Aspera
787 2578 946 2616 praecepta

239 2638 444 2661 aversamur.-
468 2627 582 2667 falmla
604 2626 703 2659 dulcis
725 2626 814 2657 Escoe
842 2625 945 2656 instar

240 2680 368 2712 monitis
380 2679 511 2712 additur
525 2689 545 2710 a
557 2678 677 2710 Samio.
707 2674 794 2708 Ritt.

284 2731 467 2773 Ingentem]
498 2731 589 2763 Nam
612 2734 648 2762 et
673 2729 708 2760 in
723 2736 764 2759 eo
779 2736 860 2769 pars
876 2726 944 2760 fnit

239 2782 389 2823 honoris,
410 2782 438 2814 si
461 2781 563 2814 fieret
579 2784 692 2812 statua
707 2787 811 2820 supra
827 2778 944 2818 vulga-

241 2842 314 2865 rem
329 2832 609 2874 magnitudinem.
632 2829 737 2869 Schef.
780 2828 943 2862 Credide-

993 695 1057 727 rim
1093 694 1245 728 Gudinm
1274 694 1484 729 dexterrime
1511 696 1701 740 conjecisse

994 747 1104 788 AEsopt'
1116 746 1243 787 ingenio
1253 758 1270 788 .·,
1291 755 1360 780 non
1375 747 1468 780 eninr
1481 747 1618 781 videtur
1630 752 1701 781 sta·

995 801 1068 840 tua,
1081 798 1209 841 AEsopo
1224 798 1353 841 posita,
1365 798 1603 842 magnitudine
1614 799 1701 834 aliu

994 849 1077 881 viris
1101 850 1203 882 claris
1230 854 1267 884 et
1290 850 1379 883 bene
1409 851 1544 884 meritis
1566 854 1704 885 eran·

993 909 1185 944 superasse.
1242 901 1370 945 Neque
1401 910 1530 947 nom
1551 901 1704 936 namus

994 959 1070 985 esse
1092 962 1157 995 pro
1180 952 1320 996 ingenio,
1343 953 1505 995 {nentem
1529 953 1630 987 nobis
1644 953 1705 986 ob·

994 1003 1150 1044 trudere,
1163 1004 1318 1038 ostendit
1332 1004 1509 1038 Acidalius
1532 1004 1578 1038 sd
1603 1005 1703 1040 Curt-

994 1063 1032 1087 x.
1057 1058 1091 1089 4.
1117 1064 1152 1090 n.
1175 1058 1231 1089 82.
1288 1054 1459 1089 Probavit
1481 1055 1573 1089 hanc
1595 1055 1704 1089 Gudii

993 1105 1226 1147 conjecturam
1249 1106 1325 1148 jam
1350 1106 1432 1138 olim
1455 1105 1523 1139 Vir
1550 1105 1700 1140 niustrls

993 1156 1054 1188 Ez.
1070 1156 1296 1198 Spanhemius
1322 1157 1366 1189 ad
1391 1155 1524 1190 Juliani
1543 1156 1703 1191 caue·

994 1215 1073 1248 pag.
1087 1209 1164 1241 628.
1209 1205 1258 1240 At
1272 1215 1340 1240 non
1358 1207 1493 1249 placuit
1512 1206 1703 1250 Hoogstm-

993 1261 1074 1289 tano
1099 1261 1234 1298 nostro,
1263 1257 1354 1300 quod
1379 1258 1517 1291 nollem.
1576 1256 1703 1301 Neque

994 1306 1153 1348 Agathiae
1178 1308 1404 1350 Epigramma
1425 1307 1602 1341 deducere
1622 1318 1702 1342 enm

993 1357 1181 1400 debuisset,
1196 1357 1256 1391 nbi
1271 1358 1412 1391 verbum
1432 1358 1559 1391 nullum
1576 1358 1621 1392 de
1635 1364 1705 1391 mo-

993 1409 1038 1441 do
1049 1413 1187 1451 statuae,
1204 1409 1267 1442 sed
1283 1409 1328 1442 de
1342 1408 1474 1451 onssne,
1485 1418 1554 1453 quo
1569 1409 1702 1452 posits:

992 1468 1062 1492 non
1074 1460 1303 1502 praeteriisset
1316 1460 1420 1501 enim,
1433 1459 1461 1492 si
1475 1461 1584 1494 etlam
1598 1468 1702 1504 snpra

993 1515 1127 1552 septem
1141 1509 1500 1553 sapientium‘ssstm
1512 1509 1631 1554 Μ
1645 1519 1704 1545 eo·

994 1561 1108 1594 lossea
1120 1562 1340 1595 eminuisset:
1374 1566 1411 1594 et
1436 1570 1518 1594 sane
1537 1561 1658 1604 talem,
1674 1562 1704 1595 si

994 1614 1153 1654 ingentem
1165 1613 1364 1655 retinemus,
1375 1612 1479 1646 fuisse
1492 1612 1703 1646 credendum

995 1669 1067 1697 est:
1101 1665 1212 1705 ingens
1226 1664 1317 1697 enirn
1332 1665 1409 1707 plns
1425 1668 1479 1698 est
1499 1672 1600 1707 quam
1613 1671 1705 1706 mag-

994 1725 1062 1747 nus.
1108 1715 1242 1756 Ingenio
1269 1724 1353 1757 ergo
1368 1715 1486 1758 AEsopi
1513 1715 1629 1757 posita
1650 1720 1704 1749 est

995 1769 1121 1804 statua,
1137 1769 1176 1798 ut
1191 1775 1268 1798 mox
1284 1765 1491 1807 praefatione
1511 1765 1592 1798 libri
1607 1765 1704 1798 tertii

994 1825 1044 1847 vs.
1065 1818 1098 1847 4.
1118 1816 1128 1834 ‘
1146 1815 1342 1857 Ingenium'
1364 1815 1400 1848 in
1431 1814 1623 1848 fabularum
1651 1816 1703 1848 in·

994 1866 1158 1898 ventione
1184 1865 1364 1907 agnoscit:
1403 1869 1441 1899 et
1470 1875 1520 1899 vs.
1545 1867 1601 1898 63.
1623 1874 1702 1898 enm

994 1917 1004 1935 ‘
1018 1917 1158 1949 Famam
1175 1921 1338 1949 aeternam
1358 1916 1496 1958 ingenio
1509 1924 1571 1949 suo
1586 1916 1703 1949 condi-

995 1967 1098 2000 disse’
1122 1968 1193 2000 ait:
1230 1971 1267 1999 et
1291 1966 1467 2009 sequentia
1497 1967 1524 2010 (‘
1541 1967 1619 2000 Nec
1644 1977 1703 2008 ge-

995 2020 1070 2052 neri
1087 2019 1190 2052 tribui
1216 2018 1277 2051 sed
1303 2018 1426 2051 virtuti
1440 2017 1612 2060 gloriam')
1634 2026 1703 2051 non

996 2069 1122 2112 AEsopo
1137 2070 1180 2102 ob
1206 2069 1431 2111 nobilitatem,
1453 2069 1514 2102 sed
1539 2068 1586 2102 ob
1610 2069 1703 2112 inge-

997 2121 1102 2163 nium,
1128 2120 1274 2163 positam
1299 2120 1439 2154 docent.
1490 2119 1581 2153 Vide
1603 2120 1703 2162 plura

997 2172 1033 2204 in
1049 2171 1135 2203 hanc
1151 2180 1224 2203 rem
1240 2170 1331 2212 apud
1347 2170 1510 2203 Ciceron.
1536 2178 1602 2212 pro
1623 2168 1704 2202 Mn-

997 2231 1082 2254 raen.
1099 2231 1178 2263 cap.
1205 2224 1237 2254 8.
1261 2221 1384 2253 senec.
1405 2220 1449 2254 de
1469 2219 1624 2253 Beneflc.
1642 2227 1703 2252 m.

998 2275 1050 2304 18.
1075 2272 1190 2304 Burm.

1040 2321 1191 2363 Posuere]
1213 2320 1398 2363 Proprium
1413 2320 1566 2354 verbum.
1589 2320 1702 2353 Cicer.

998 2372 1098 2406 Verr.
1113 2375 1146 2405 2.
1170 2376 1180 2391 ‘
1196 2370 1372 2405 Heredem
1392 2375 1523 2404 statuas
1537 2379 1610 2403 esse
1627 2369 1702 2412 jus-

998 2433 1071 2455 sum
1095 2423 1129 2455 in
1157 2422 1234 2455 foro
1255 2431 1405 2464 ponere;
1437 2421 1503 2454 nisi
1518 2420 1700 2463 posuisset,

995 2473 1125 2505 Veneri
1161 2473 1321 2514 Erycinae
1369 2481 1443 2504 esse
1490 2469 1699 2503 multatum!

997 2525 1094 2556 Suet.
1120 2523 1228 2565 Calig.
1254 2525 1308 2555 34.
1339 2522 1350 2541 ‘
1368 2521 1491 2554 Vetuit
1520 2524 1600 2562 post
1623 2520 1699 2552 haec

995 2575 1181 2607 viventium
1197 2573 1353 2615 cuiquam
1381 2579 1523 2613 nsquam
1549 2573 1698 2602 statuam

996 2625 1098 2668 poni.’
1133 2625 1191 2656 Ita
1206 2623 1332 2655 infiniti
1347 2622 1416 2656 alii.
1459 2622 1572 2654 Notat
1583 2625 1698 2653 autem

995 2677 1122 2709 donum
1137 2675 1270 2707 honoris
1283 2682 1413 2707 caussa.
1443 2672 1549 2712 Schef.
1594 2671 1698 2704 Ovid.

994 2727 1074 2759 Art.
1091 2735 1148 2758 ιιι.
1162 2728 1238 2758 409.
1260 2726 1270 2743 ‘
1284 2723 1412 2756 Ennius
1428 2722 1586 2764 emeruit,
1600 2716 1699 2755 calui

994 2778 1064 2810 bris
1079 2777 1112 2808 in
1125 2776 1298 2808 montibus
1314 2778 1421 2814 ortus,
1436 2773 1623 2815 Contiguus
1639 2778 1698 2815 po-

994 2829 1041 2869 ni,
1053 2827 1171 2869 Scipio
1183 2835 1317 2867 magne,
1329 2824 1414 2857 tibi:
