1806 3236
191 232 277 275 342

193 338 345 372 dicitur.’
390 339 447 372 Sic
463 339 549 372 Cod-
582 338 624 371 P.
652 338 792 371 Daniel.
823 338 892 371 Sed

195 392 290 424 Rem.
311 391 461 423 edidisse.-
483 399 584 428 vocem
594 391 680 431 dare,
701 395 740 422 ut
753 384 909 422 ‘vocem'

192 441 358 482 mittere,'
380 440 448 473 fab.
467 444 519 473 10.
542 441 602 473 lib.
629 450 679 473 w.
715 441 810 474 Prol.
833 442 894 474 lib.

193 501 251 525 111.
274 495 284 511 ⁴
302 493 346 524 Et
367 492 468 524 laude
484 492 613 524 invicta
635 492 669 524 in
685 492 771 525 hanc
788 493 895 525 vitam

193 542 428 577 incubuerim!
487 542 577 576 Ibid.
601 542 671 575 fab.
698 546 730 575 6.
760 543 796 575 in
825 544 894 576 Ms.

193 600 259 635 est,
293 596 303 613 ‘
331 594 420 626 Nam
449 593 507 626 ubi
536 593 751 635 :trigundum
774 599 812 626 et
836 594 895 627 ubi

193 645 398 677 currendum
413 650 466 678 est
481 644 571 678 scio!
601 644 674 677 Lib.
686 654 736 678 1v.
750 643 821 677 fab.
833 645 895 677 ult.

194 706 237 728 ex
254 697 322 729 ΜΒ.
335 697 432 728 Rem.
455 697 465 715 ‘
482 696 635 728 Primum
660 705 735 728 esse
758 695 822 727 tibi
851 704 895 727 ne

194 747 311 779 videar
337 746 529 779 molestior?
578 746 668 779 Ibid.
696 746 766 779 fab.
793 749 825 779 8.
852 755 896 778 ex

194 799 262 830 Ma.
279 798 380 830 Rem.
403 799 413 816 ‘
431 797 600 839 Reperire
625 796 786 840 effugium
813 797 898 830 alte·

197 849 266 881 rius
295 849 418 891 quaerit
442 849 554 882 malo?
597 849 687 883 Ibid.
712 848 781 881 fab.
798 853 830 882 5.
854 859 897 881 ex

196 899 318 932 eodem
333 900 402 931 Ms.
426 900 437 918 ‘
452 899 611 931 Historia
627 909 770 942 quorum
788 900 823 931 in
847 904 897 932 ta-

195 949 309 982 bernis
324 950 486 992 fingitur.'
508 950 585 983 Lib.
599 960 635 983 v.
651 951 737 992 prol.
759 951 769 969 ‘
785 951 897 984 Quum

195 1001 415 1033 destinassem
431 1001 543 1044 operis
557 1001 683 1034 habere
695 1000 899 1034 terminum?

198 1051 283 1084 Gud.

241 1106 260 1134 5
286 1103 418 1144 Eripere
443 1103 559 1145 voluit]
587 1103 729 1136 Scilicet
756 1104 807 1136 illi
829 1103 897 1136 alii.

194 1152 335 1194 Ellipsis
350 1153 514 1195 notanda,
524 1154 603 1196 quia
612 1163 712 1186 casus
721 1154 807 1187 alius
822 1155 900 1188 sub-

197 1202 394 1246 audiendus,
416 1214 517 1247 quam
543 1205 600 1247 qui
623 1206 800 1246 p'raecedit.
842 1206 900 1238 Ita

197 1265 316 1297 supra,
338 1255 348 1273 ‘
372 1256 428 1288 Illi
453 1256 646 1298 impudenti
674 1266 805 1298 pennas
834 1259 899 1290 eri-

197 1306 297 1347 piunt
323 1306 391 1348 avi,
421 1307 625 1350 Fugantque
651 1307 802 1340 rostris:’
825 1308 900 1341 scil.

198 1367 298 1399 avem,
321 1367 388 1390 non
403 1358 467 1399 avi,
478 1357 568 1400 quod
587 1358 773 1400 praecessit.
796 1357 902 1397 Schef.

241 1410 263 1439 6
291 1408 338 1439 Et
366 1409 562 1450 quem..-Nec
585 1408 689 1450 quem]
719 1409 902 1449 Eleganter

194 1457 353 1499 jungitur
384 1457 587 1491 affirmativa
626 1469 703 1492 eum
742 1459 904 1501 negativa

198 1508 385 1550 particula:
408 1513 447 1542 ut
466 1509 558 1552 apud
573 1510 772 1544 Ciceronem
786 1512 904 1554 saepis-

199 1570 295 1594 sime.

244 1611 400 1653 Demisit]
435 1612 493 1645 Ita
523 1612 716 1647 habuerunt
754 1618 903 1648 veteres.

200 1661 375 1704 Rigaltius
391 1663 424 1695 in
440 1663 509 1696 suis
524 1663 647 1706 edidit,
661 1664 782 1697 dimisit
791 1675 804 1703 ,⁰
825 1675 905 1697 cau-

201 1722 271 1744 sam
287 1713 412 1745 nullam
430 1713 541 1746 video.
585 1714 724 1747 Demi-sit
737 1725 790 1747 ore
814 1715 904 1747 idem

202 1767 256 1795 est
271 1773 325 1804 ac,
347 1763 441 1795 misit
455 1763 500 1795 de
516 1773 589 1797 ore.
634 1765 691 1798 Sic
707 1766 808 1806 plane
825 1766 906 1798 Vir-

201 1814 313 1855 gilius,
344 1823 444 1856 quem
470 1814 586 1847 nescio
614 1819 730 1847 utrum
755 1826 824 1849 non
853 1826 907 1848 re·

201 1866 358 1907 spexerit
369 1870 499 1907 noster,
520 1866 579 1899 lib.
592 1875 643 1898 V1.
665 1867 675 1886 ‘
690 1868 844 1900 Demisit
858 1869 906 1900 la-

202 1926 349 1958 crymas,
371 1917 532 1960 dulcique
558 1916 679 1950 affatus
694 1928 810 1951 amore
828 1918 905 1951 est!

201 1969 250 2000 Et
264 1967 394 2009 Georg.
410 1977 462 1999 lv.
484 1968 494 1986 ‘
510 1971 547 2000 et
561 1978 695 2002 sacrum
705 1969 833 2011 jugulis
848 1969 906 2002 de-

201 2020 301 2053 mitte
316 2020 499 2054 cruorem.'
522 2020 628 2060 Schef.

246 2075 266 2104 7
284 2073 354 2104 Nec
367 2083 455 2114 quem
465 2074 590 2116 petebat
603 2073 695 2115 adeo]
709 2073 774 2105 Vel
787 2072 907 2106 isthaec

204 2132 275 2155 una.
297 2124 417 2155 vocula
433 2125 509 2156 adeo
537 2128 607 2156 tam
638 2125 816 2165 concinne,
837 2127 907 2156 tam

205 2174 395 2215 eleganter,
418 2179 593 2217 usurpata,
615 2178 652 2207 et
669 2175 745 2207 loco
762 2178 832 2207 tam
847 2184 907 2207 suo

204 2225 329 2266 posita,
354 2225 439 2257 satis
465 2225 666 2267 ostenderit,
688 2235 789 2267 quam
815 2235 906 2258 verae

205 2275 311 2307 fuerit
332 2277 558 2319 genuinaeque
577 2276 772 2309 Latinitatis
798 2277 907 2309 sciens

206 2326 384 2359 Phaedrus.
438 2327 573 2359 Gallice
599 2331 755 2359 verteres
783 2331 813 2359 et
835 2337 908 2360 avec

210 2379 278 2409 tout
291 2378 356 2409 cela
371 2378 395 2409 il
409 2387 447 2410 ne
461 2377 534 2421 pat,
547 2380 599 2420 &a
643 2378 721 2411 Scio
738 2378 838 2411 aliter
859 2379 908 2410 in-

650 243 793 276 No'rAE
827 243 1093 276 VAluomJM
1128 243 1179 275 ΙΝ

946 342 1174 381 terpretatum
1196 349 1272 372 esse
1295 339 1527 373 doctissimum
1549 339 1649 374 illuni

947 394 983 422 et
993 390 1228 432 politissimum
1237 391 1358 432 virum,
1367 391 1425 434 qui
1437 391 1525 423 hune
1538 390 1650 432 serip-

947 445 1057 474 ἴοι-ειη
1083 441 1218 474 Gallice
1242 451 1352 484 nuper
1377 441 1564 475 convertit:
1587 448 1646 472 ne-

949 501 1015 534 que
1041 496 1155 524 tamen
1176 492 1379 525 sententiam
1404 501 1514 524 meam
1537 495 1648 524 muta-

949 547 1020 575 tam
1033 543 1147 576 velim.
1191 543 1330 577 Servius
1353 545 1428 587 ipse
1448 543 1492 575 ad
1508 542 1568 576 lib.
1580 550 1653 575 vn..

948 603 1037 626 vers.
1066 596 1144 627 427.
1166 594 1327 628 AEneidos
1349 605 1417 628 non
1439 600 1492 628 est
1514 602 1649 628 assecu-

948 649 1003 678 tus
1023 645 1089 677 vim
1105 645 1202 688 hujus
1218 645 1406 688 particulae,
1425 655 1501 688 quae
1515 645 1563 678 ibi
1574 645 1650 688 qni-

949 696 1028 729 dem
1044 697 1145 738 paulo
1162 696 1299 729 diversa
1320 701 1387 737 est,
1410 697 1474 729 sed
1492 705 1562 729 non
1580 695 1649 738 sig-

949 747 1066 781 nifieat
1073 749 1174 790 valde,
1185 749 1236 782 uti
1246 749 1305 782 ille
1317 748 1536 782 existimavit.
1556 749 1655 782 Eun-

951 799 1029 831 dem
1044 809 1195 832 errorem
1216 800 1346 832 erravit
1359 800 1404 832 ad
1426 808 1562 832 versum
1574 801 1654 832 08⁹.-

951 850 1105 892 ejusdem
1134 850 1224 883 libri.
1256 851 1336 883 Fab.
1389 849 1571 883 Particula
1598 853 1653 883 est

951 901 1216 943 elegantissima,
1230 906 1266 933 et
1280 910 1324 933 ex
1339 900 1452 934 media
1463 899 1655 944 Latinitate

951 957 1099 994 sumpta,
1116 951 1359 994 jungendaque
1381 960 1451 983 non
1475 950 1579 983 verbo
1597 959 1652 992 pe-

950 1003 1049 1043 tebat,
1071 1003 1132 1035 sed
1158 1003 1335 1045 particulae
1365 1003 1446 1034 Nec.
1489 1001 1553 1033 vis
1577 999 1656 1042 ejus

952 1055 1055 1097 plane
1077 1053 1266 1095 singularis.
1309 1053 1388 1086 Hoc
1411 1053 1498 1093 vult,
1518 1050 1656 1085 etiamsi

948 1105 1123 1147 jacturam
1138 1104 1261 1137 fecerit
1275 1104 1399 1146 prioris
1417 1103 1498 1144 cibi,
1517 1110 1584 1135 nou
1597 1111 1656 1144 po-

953 1157 1060 1190 tuisse
1074 1161 1188 1190 tamen
1212 1156 1247 1189 id
1266 1155 1423 1188 sufficere
1445 1154 1488 1187 ad
1504 1162 1657 1196 praesenn

951 1208 1186 1248 infortunium,
1209 1206 1269 1240 sed
1285 1210 1455 1249 praeterea
1466 1206 1569 1238 etiam
1585 1204 1656 1244 tuo,

953 1268 1054 1301 quem
1082 1257 1284 1299 appetebat,
1309 1256 1389 1288 cibo
1413 1263 1530 1288 carere
1553 1260 1655 1287 eoae-

954 1314 1039 1342 tum.
1084 1309 1204 1341 Habet
1220 1308 1348 1340 Noster
1363 1316 1408 1339 ex
1421 1305 1579 1348 Virgilio,
1597 1305 1661 1347 qui

955 1360 1079 1404 passim
1094 1360 1143 1392 sie
1159 1362 1312 1400 usurpat.
1342 1358 1392 1390 Ut
1404 1357 1479 1390 AEn.
1489 1366 1540 1389 iv.
1555 1357 1566 1374 ‘
1579 1355 1659 1389 Nee

957 1422 1012 1445 me
1028 1411 1114 1444 adeo
1130 1409 1242 1443 fallit!
1256 1409 1364 1449 Schef.
1396 1408 1558 1441 Heinsius
1571 1415 1659 1440 mar·

958 1463 1029 1506 gini
1043 1455 1277 1504 conjecturam
1292 1459 1525 1502 adscripscrat
1538 1468 1556 1491 e
1567 1460 1663 1499 vado,

956 1515 1017 1547 sed
1041 1518 1174 1557 postea,
1200 1516 1240 1545 ut
1255 1511 1404 1553 videtur,
1425 1510 1565 1543 meliora
1576 1509 1660 1542 doc-

957 1570 1026 1607 tus,
1037 1565 1121 1598 nihil
1131 1563 1332 1597 mutandum
1343 1561 1550 1603 subjecerat.
1583 1559 1662 1593 Ele-

957 1615 1177 1659 gantissimus
1204 1614 1260 1646 hie
1287 1622 1367 1645 usus
1395 1615 1452 1644 est
1467 1609 1661 1653 -particuiae

957 1669 1047 1708 adeo,
1069 1676 1146 1709 quoe
1161 1663 1345 1707 significat,
1360 1663 1489 1696 Canem
1504 1670 1572 1696 non
1586 1665 1660 1694 tan·

959 1723 1030 1750 tum
1057 1717 1183 1756 eibum,
1206 1723 1308 1757 quem
1334 1713 1477 1746 tenebat
1500 1721 1572 1754 ore,
1592 1718 1661 1746 non

958 1768 1157 1806 obtinuisse,
1179 1766 1239 1798 sed
1256 1769 1294 1797 et
1312 1765 1420 1797 multo
1434 1763 1544 1796 minus
1557 1763 1660 1796 aliam

959 1817 1110 1860 praedam
1126 1815 1276 1858 potuisse
1291 1815 1480 1855 adtingere.
1500 1813 1557 1846 Sic
1567 1813 1661 1856 apud

957 1868 1067 1900 Tacit.
1085 1867 1206 1900 Annal.
1232 1874 1292 1898 111.
1317 1867 1372 1897 34.
1392 1866 1403 1884 ‘
1419 1864 1539 1897 Pauca
1563 1863 1660 1896 femi-

958 1928 1076 1952 narum
1105 1917 1367 1951 necessitatibus
1396 1914 1555 1955 concedi,
1585 1924 1661 1957 quae

958 1981 1003 2005 ne
1029 1970 1207 2013 conjugum
1231 1968 1370 2011 quidem
1395 1970 1550 2009 penates,
1573 1965 1661 1999 adeo

960 2022 1070 2055 socios
1099 2030 1165 2053 non
1191 2023 1334 2052 onerent
1345 2018 1367 2059 ;’
1398 2018 1435 2050 id
1459 2021 1525 2058 est,
1552 2017 1661 2050 multo

959 2073 1069 2106 minus
1095 2071 1216 2104 socios.
1259 2071 1307 2102 Et
1331 2069 1391 2102 lib.
1419 2077 1472 2103 vt.
1499 2071 1552 2101 1⁵.
1586 2067 1598 2087 ⁴
1619 2077 1662 2101 ne

962 2128 1056 2156 tecta
1085 2122 1222 2165 quidem
1246 2120 1351 2162 urbis,
1372 2119 1460 2152 adeo
1486 2118 1662 2161 publicum

961 2174 1139 2207 consilium
1159 2181 1341 2214 numquam
1356 2170 1464 2203 adiit:
1485 2171 1597 2204 Bam.
1633 2176 1635 2178 ’

1007 2225 1074 2256 Nec
1099 2234 1187 2265 quem
1205 2223 1330 2264 petebat
1354 2222 1447 2264 adeo]
1469 2220 1510 2253 In
1526 2224 1556 2253 5.
1579 2220 1665 2254 sede·

960 2277 1058 2318 hujus
1072 2285 1190 2308 versus
1206 2274 1309 2307 debet
1324 2284 1399 2308 esse
1412 2295 1502 2308 ..e-2.
1524 2274 1618 2310 Gud.

1007 2327 1075 2358 Nec
1087 2326 1190 2367 potuit
1204 2325 1377 2368 attingere]
1392 2327 1468 2359 Nec
1483 2326 1571 2359 enim
1588 2336 1664 2360 cor-

964 2388 1027 2421 pus
1044 2381 1132 2419 erat,
1149 2376 1209 2409 sed
1226 2377 1452 2411 simulacrum.
1476 2377 1554 2419 stig.
