<?xml version="1.0" encoding="UTF-8"?>
<!DOCTYPE html PUBLIC "-//W3C//DTD XHTML 1.0 Transitional//EN"
    "http://www.w3.org/TR/xhtml1/DTD/xhtml1-transitional.dtd">
<html xmlns="http://www.w3.org/1999/xhtml" xml:lang="en" lang="en">
 <head>
  <title>
</title>
<meta http-equiv="Content-Type" content="text/html;charset=utf-8" />
  <meta name='ocr-system' content='tesseract 3.04.00' />
  <meta name='ocr-capabilities' content='ocr_page ocr_carea ocr_par ocr_line ocrx_word'/>
</head>
<body>
  <div class='ocr_page' id='page_1' title='image "./fabualeaesopiae00phaeuoft_0648.png"; bbox 0 0 1806 3236; ppageno 0'>
   <div class='ocr_carea' id='block_1_1' title="bbox 230 250 318 294">
    <p class='ocr_par' dir='ltr' id='par_1_1' title="bbox 230 250 318 294">
     <span class='ocr_line' id='line_1_1' title="bbox 230 250 318 294; baseline -0.011 0"><span class='ocrx_word' id='word_1_1' title='bbox 230 250 318 294; x_wconf 87' lang='grc'>636</span> 
     </span>
    </p>
   </div>
   <div class='ocr_carea' id='block_1_2' title="bbox 231 355 947 1880">
    <p class='ocr_par' dir='ltr' id='par_1_2' title="bbox 231 355 940 553">
     <span class='ocr_line' id='line_1_2' title="bbox 233 355 938 398; baseline 0.001 -10"><span class='ocrx_word' id='word_1_2' title='bbox 233 357 302 389; x_wconf 83' lang='lat' dir='ltr'>sius</span> <span class='ocrx_word' id='word_1_3' title='bbox 330 355 494 397; x_wconf 83' lang='lat' dir='ltr'>edidere;</span> <span class='ocrx_word' id='word_1_4' title='bbox 531 356 599 389; x_wconf 90' lang='lat' dir='ltr'>Ms.</span> <span class='ocrx_word' id='word_1_5' title='bbox 628 357 776 398; x_wconf 80' lang='lat' dir='ltr'>cogitur,-</span> <span class='ocrx_word' id='word_1_6' title='bbox 812 356 938 389; x_wconf 82' lang='lat' dir='ltr'>vitiose</span> 
     </span>
     <span class='ocr_line' id='line_1_3' title="bbox 231 407 938 452; baseline 0.003 -12"><span class='ocrx_word' id='word_1_7' title='bbox 231 408 304 441; x_wconf 84' lang='lat' dir='ltr'>sine</span> <span class='ocrx_word' id='word_1_8' title='bbox 323 408 450 450; x_wconf 79' lang='lat' dir='ltr'>dubi03</span> <span class='ocrx_word' id='word_1_9' title='bbox 475 408 535 442; x_wconf 86' lang='lat' dir='ltr'>sed</span> <span class='ocrx_word' id='word_1_10' title='bbox 552 407 723 452; x_wconf 82' lang='lat' dir='ltr'>Rigaltius</span> <span class='ocrx_word' id='word_1_11' title='bbox 748 409 836 441; x_wconf 86' lang='lat' dir='ltr'>male</span> <span class='ocrx_word' id='word_1_12' title='bbox 851 409 938 442; x_wconf 85' lang='lat' dir='ltr'>hanc</span> 
     </span>
     <span class='ocr_line' id='line_1_4' title="bbox 232 459 940 502; baseline 0.003 -11"><span class='ocrx_word' id='word_1_13' title='bbox 232 460 482 492; x_wconf 82' lang='lat' dir='ltr'>correctionem</span> <span class='ocrx_word' id='word_1_14' title='bbox 507 459 542 491; x_wconf 88' lang='lat' dir='ltr'>in</span> <span class='ocrx_word' id='word_1_15' title='bbox 570 463 770 492; x_wconf 90' lang='lat' dir='ltr'>contextum</span> <span class='ocrx_word' id='word_1_16' title='bbox 795 459 940 502; x_wconf 88' lang='lat' dir='ltr'>recepit.</span> 
     </span>
     <span class='ocr_line' id='line_1_5' title="bbox 231 511 809 553; baseline 0.002 -9"><span class='ocrx_word' id='word_1_17' title='bbox 231 511 338 544; x_wconf 87' lang='lat' dir='ltr'><strong>Forte</strong></span> <span class='ocrx_word' id='word_1_18' title='bbox 353 511 537 553; x_wconf 87' lang='lat' dir='ltr'>legendum</span> <span class='ocrx_word' id='word_1_19' title='bbox 553 516 693 545; x_wconf 81' lang='lat' dir='ltr'>conetur.</span> <span class='ocrx_word' id='word_1_20' title='bbox 717 512 809 545; x_wconf 74' lang='lat' dir='ltr'>Gud-</span> 
     </span>
    </p>

    <p class='ocr_par' dir='ltr' id='par_1_3' title="bbox 232 562 941 860">
     <span class='ocr_line' id='line_1_6' title="bbox 274 562 939 604; baseline 0.003 -9"><span class='ocrx_word' id='word_1_21' title='bbox 274 562 387 604; x_wconf 80' lang='lat' dir='ltr'>Livor]</span> <span class='ocrx_word' id='word_1_22' title='bbox 410 564 480 596; x_wconf 85' lang='lat' dir='ltr'>Ms.</span> <span class='ocrx_word' id='word_1_23' title='bbox 501 562 590 596; x_wconf 80' lang='lat' dir='ltr'>libor.</span> <span class='ocrx_word' id='word_1_24' title='bbox 633 563 692 596; x_wconf 87' lang='lat' dir='ltr'>Ita</span> <span class='ocrx_word' id='word_1_25' title='bbox 711 564 775 597; x_wconf 92' lang='lat' dir='ltr'>hoc</span> <span class='ocrx_word' id='word_1_26' title='bbox 793 563 939 602; x_wconf 86' lang='lat' dir='ltr'>verbum</span> 
     </span>
     <span class='ocr_line' id='line_1_7' title="bbox 232 613 941 655; baseline 0.004 -10"><span class='ocrx_word' id='word_1_27' title='bbox 232 613 418 655; x_wconf 83' lang='lat' dir='ltr'>saepissime</span> <span class='ocrx_word' id='word_1_28' title='bbox 433 614 468 645; x_wconf 91' lang='lat' dir='ltr'>in</span> <span class='ocrx_word' id='word_1_29' title='bbox 484 614 712 647; x_wconf 79' lang='lat' dir='ltr'>marmoribus</span> <span class='ocrx_word' id='word_1_30' title='bbox 726 619 762 648; x_wconf 90' lang='lat' dir='ltr'>et</span> <span class='ocrx_word' id='word_1_31' title='bbox 777 616 812 647; x_wconf 91' lang='lat' dir='ltr'>in</span> <span class='ocrx_word' id='word_1_32' title='bbox 830 620 941 648; x_wconf 87' lang='lat' dir='ltr'>vetus·</span> 
     </span>
     <span class='ocr_line' id='line_1_8' title="bbox 233 664 939 700; baseline 0.004 -4"><span class='ocrx_word' id='word_1_33' title='bbox 233 664 372 696; x_wconf 88' lang='lat' dir='ltr'>tissimis</span> <span class='ocrx_word' id='word_1_34' title='bbox 397 665 587 698; x_wconf 83' lang='lat' dir='ltr'>codicibus.</span> <span class='ocrx_word' id='word_1_35' title='bbox 632 666 738 699; x_wconf 80' lang='lat' dir='ltr'>Certe</span> <span class='ocrx_word' id='word_1_36' title='bbox 762 667 939 700; x_wconf 84' lang='lat' dir='ltr'>Victorius</span> 
     </span>
     <span class='ocr_line' id='line_1_9' title="bbox 233 716 939 758; baseline 0.006 -11"><span class='ocrx_word' id='word_1_37' title='bbox 233 716 268 747; x_wconf 91' lang='lat' dir='ltr'>in</span> <span class='ocrx_word' id='word_1_38' title='bbox 285 716 569 758; x_wconf 75' lang='lat' dir='ltr'><strong>castigationibus</strong></span> <span class='ocrx_word' id='word_1_39' title='bbox 584 717 628 749; x_wconf 90' lang='lat' dir='ltr'>ad</span> <span class='ocrx_word' id='word_1_40' title='bbox 645 717 846 751; x_wconf 84' lang='lat' dir='ltr'>Ciceronem</span> <span class='ocrx_word' id='word_1_41' title='bbox 864 721 939 752; x_wconf 80' lang='lat'>124.</span> 
     </span>
     <span class='ocr_line' id='line_1_10' title="bbox 233 767 940 811; baseline 0.004 -13"><span class='ocrx_word' id='word_1_42' title='bbox 233 767 367 799; x_wconf 82' lang='lat' dir='ltr'>notavit</span> <span class='ocrx_word' id='word_1_43' title='bbox 379 777 422 800; x_wconf 86' lang='lat' dir='ltr'>ex</span> <span class='ocrx_word' id='word_1_44' title='bbox 437 767 669 811; x_wconf 84' lang='lat' dir='ltr'>antiquissimo</span> <span class='ocrx_word' id='word_1_45' title='bbox 684 768 804 802; x_wconf 88' lang='lat' dir='ltr'>codice</span> <span class='ocrx_word' id='word_1_46' title='bbox 827 768 940 801; x_wconf 87' lang='lat' dir='ltr'>Medi-</span> 
     </span>
     <span class='ocr_line' id='line_1_11' title="bbox 233 818 860 860; baseline 0.005 -10"><span class='ocrx_word' id='word_1_47' title='bbox 233 827 294 851; x_wconf 87' lang='lat' dir='ltr'>ceo</span> <span class='ocrx_word' id='word_1_48' title='bbox 307 818 541 860; x_wconf 74' lang='lat' dir='ltr'>Epistolarum</span> <span class='ocrx_word' id='word_1_49' title='bbox 558 819 747 853; x_wconf 83' lang='lat' dir='ltr'>Ciceronis.</span> <span class='ocrx_word' id='word_1_50' title='bbox 773 820 860 854; x_wconf 81' lang='lat' dir='ltr'>Gud.</span> 
     </span>
    </p>

    <p class='ocr_par' dir='ltr' id='par_1_4' title="bbox 233 869 944 1317">
     <span class='ocr_line' id='line_1_12' title="bbox 277 869 939 914; baseline 0.005 -12"><span class='ocrx_word' id='word_1_51' title='bbox 277 869 390 910; x_wconf 73' lang='lat' dir='ltr'>Modo]</span> <span class='ocrx_word' id='word_1_52' title='bbox 412 870 569 913; x_wconf 80' lang='lat' dir='ltr'>Jungunt</span> <span class='ocrx_word' id='word_1_53' title='bbox 581 871 659 904; x_wconf 86' lang='lat' dir='ltr'>voci</span> <span class='ocrx_word' id='word_1_54' title='bbox 674 872 768 911; x_wconf 80' lang='lat' dir='ltr'>livor,</span> <span class='ocrx_word' id='word_1_55' title='bbox 781 882 845 914; x_wconf 85' lang='lat' dir='ltr'>ego</span> <span class='ocrx_word' id='word_1_56' title='bbox 861 882 939 914; x_wconf 85' lang='lat' dir='ltr'>pos-</span> 
     </span>
     <span class='ocr_line' id='line_1_13' title="bbox 233 920 937 963; baseline 0.004 -11"><span class='ocrx_word' id='word_1_57' title='bbox 233 920 352 953; x_wconf 84' lang='lat' dir='ltr'>teriori</span> <span class='ocrx_word' id='word_1_58' title='bbox 375 921 465 953; x_wconf 77' lang='lat' dir='ltr'>Licet</span> <span class='ocrx_word' id='word_1_59' title='bbox 491 920 641 963; x_wconf 81' lang='lat' dir='ltr'>adso&#39;cio‚</span> <span class='ocrx_word' id='word_1_60' title='bbox 664 926 703 954; x_wconf 90' lang='lat' dir='ltr'>ut</span> <span class='ocrx_word' id='word_1_61' title='bbox 729 923 775 955; x_wconf 87' lang='lat' dir='ltr'>sit</span> <span class='ocrx_word' id='word_1_62' title='bbox 798 932 937 955; x_wconf 82' lang='lat' dir='ltr'>sensus:</span> 
     </span>
     <span class='ocr_line' id='line_1_14' title="bbox 234 971 940 1015; baseline 0.004 -12"><span class='ocrx_word' id='word_1_63' title='bbox 234 971 335 1004; x_wconf 84' lang='lat' dir='ltr'>Licet</span> <span class='ocrx_word' id='word_1_64' title='bbox 362 972 477 1012; x_wconf 94' lang='lat' dir='ltr'>modo,</span> <span class='ocrx_word' id='word_1_65' title='bbox 503 972 576 1005; x_wconf 86' lang='lat' dir='ltr'>sive</span> <span class='ocrx_word' id='word_1_66' title='bbox 603 982 707 1015; x_wconf 84' lang='lat' dir='ltr'>nunc,</span> <span class='ocrx_word' id='word_1_67' title='bbox 734 973 940 1015; x_wconf 80' lang='lat' dir='ltr'>dissimulet,</span> 
     </span>
     <span class='ocr_line' id='line_1_15' title="bbox 234 1021 941 1065; baseline 0.004 -12"><span class='ocrx_word' id='word_1_68' title='bbox 234 1021 370 1054; x_wconf 82' lang='lat' dir='ltr'>etiamsi</span> <span class='ocrx_word' id='word_1_69' title='bbox 385 1031 451 1054; x_wconf 89' lang='lat' dir='ltr'>non</span> <span class='ocrx_word' id='word_1_70' title='bbox 466 1023 582 1055; x_wconf 85' lang='lat' dir='ltr'>statim</span> <span class='ocrx_word' id='word_1_71' title='bbox 597 1023 742 1065; x_wconf 86' lang='lat' dir='ltr'>indicet,</span> <span class='ocrx_word' id='word_1_72' title='bbox 758 1024 838 1056; x_wconf 88' lang='lat' dir='ltr'>dum</span> <span class='ocrx_word' id='word_1_73' title='bbox 863 1024 941 1056; x_wconf 88' lang='lat' dir='ltr'>vivo</span> 
     </span>
     <span class='ocr_line' id='line_1_16' title="bbox 234 1071 943 1114; baseline 0.004 -10"><span class='ocrx_word' id='word_1_74' title='bbox 234 1075 273 1105; x_wconf 89' lang='lat' dir='ltr'>et</span> <span class='ocrx_word' id='word_1_75' title='bbox 287 1072 415 1114; x_wconf 82' lang='lat' dir='ltr'>scribo,</span> <span class='ocrx_word' id='word_1_76' title='bbox 429 1071 537 1106; x_wconf 81' lang='lat' dir='ltr'>faciet</span> <span class='ocrx_word' id='word_1_77' title='bbox 548 1074 641 1106; x_wconf 90' lang='lat' dir='ltr'>olim.</span> <span class='ocrx_word' id='word_1_78' title='bbox 686 1075 829 1107; x_wconf 83' lang='lat' dir='ltr'>Terent.</span> <span class='ocrx_word' id='word_1_79' title='bbox 843 1073 943 1107; x_wconf 86' lang='lat' dir='ltr'>Adel.</span> 
     </span>
     <span class='ocr_line' id='line_1_17' title="bbox 236 1124 944 1167; baseline 0 -11"><span class='ocrx_word' id='word_1_80' title='bbox 236 1128 307 1156; x_wconf 82' lang='lat' dir='ltr'>act.</span> <span class='ocrx_word' id='word_1_81' title='bbox 323 1132 382 1157; x_wconf 81' lang='lat'>111.</span> <span class='ocrx_word' id='word_1_82' title='bbox 408 1133 456 1156; x_wconf 85' lang='lat' dir='ltr'>sc.</span> <span class='ocrx_word' id='word_1_83' title='bbox 472 1127 503 1157; x_wconf 91' lang='lat'>1.</span> <span class='ocrx_word' id='word_1_84' title='bbox 528 1124 539 1143; x_wconf 92' lang='lat'>‘</span> <span class='ocrx_word' id='word_1_85' title='bbox 555 1125 664 1157; x_wconf 92' lang='lat' dir='ltr'>Modo</span> <span class='ocrx_word' id='word_1_86' title='bbox 691 1126 842 1167; x_wconf 81' lang='lat' dir='ltr'>dolores,</span> <span class='ocrx_word' id='word_1_87' title='bbox 867 1134 944 1157; x_wconf 84' lang='lat' dir='ltr'>mea</span> 
     </span>
     <span class='ocr_line' id='line_1_18' title="bbox 235 1174 941 1217; baseline 0.001 -10"><span class='ocrx_word' id='word_1_88' title='bbox 235 1178 287 1215; x_wconf 90' lang='lat' dir='ltr'>tu,</span> <span class='ocrx_word' id='word_1_89' title='bbox 309 1174 486 1217; x_wconf 89' lang='lat' dir='ltr'>occipiunt</span> <span class='ocrx_word' id='word_1_90' title='bbox 512 1175 720 1216; x_wconf 64' lang='lat' dir='ltr'>primulum?</span> <span class='ocrx_word' id='word_1_91' title='bbox 762 1177 941 1208; x_wconf 80' lang='lat' dir='ltr'>Donatus:</span> 
     </span>
     <span class='ocr_line' id='line_1_19' title="bbox 236 1225 944 1270; baseline 0.003 -13"><span class='ocrx_word' id='word_1_92' title='bbox 236 1225 246 1243; x_wconf 87' lang='lat'>‘</span> <span class='ocrx_word' id='word_1_93' title='bbox 260 1225 450 1258; x_wconf 85' lang='lat' dir='ltr'>Evidenter</span> <span class='ocrx_word' id='word_1_94' title='bbox 469 1226 525 1259; x_wconf 90' lang='lat' dir='ltr'>hic</span> <span class='ocrx_word' id='word_1_95' title='bbox 537 1228 624 1259; x_wconf 84' lang='lat' dir='ltr'>modo</span> <span class='ocrx_word' id='word_1_96' title='bbox 638 1228 808 1270; x_wconf 85' lang='lat' dir='ltr'>temporis</span> <span class='ocrx_word' id='word_1_97' title='bbox 825 1227 944 1261; x_wconf 84' lang='lat' dir='ltr'>adver·</span> 
     </span>
     <span class='ocr_line' id='line_1_20' title="bbox 233 1276 560 1317; baseline 0.006 -9"><span class='ocrx_word' id='word_1_98' title='bbox 233 1276 326 1309; x_wconf 85' lang='lat' dir='ltr'>bium</span> <span class='ocrx_word' id='word_1_99' title='bbox 343 1276 422 1309; x_wconf 87' lang='lat' dir='ltr'>est.&#39;</span> <span class='ocrx_word' id='word_1_100' title='bbox 452 1277 560 1317; x_wconf 79' lang='lat' dir='ltr'>Schef.</span> 
     </span>
    </p>

    <p class='ocr_par' dir='ltr' id='par_1_5' title="bbox 235 1327 946 1616">
     <span class='ocr_line' id='line_1_21' title="bbox 280 1327 945 1370; baseline 0 -10"><span class='ocrx_word' id='word_1_101' title='bbox 280 1329 300 1360; x_wconf 74' lang='lat'>3</span> <span class='ocrx_word' id='word_1_102' title='bbox 326 1327 472 1368; x_wconf 74' lang='lat' dir='ltr'>Dignum</span> <span class='ocrx_word' id='word_1_103' title='bbox 496 1328 667 1370; x_wconf 81' lang='lat' dir='ltr'>memorioe]</span> <span class='ocrx_word' id='word_1_104' title='bbox 700 1328 776 1361; x_wconf 87' lang='lat' dir='ltr'>Nisi</span> <span class='ocrx_word' id='word_1_105' title='bbox 800 1328 875 1370; x_wconf 88' lang='lat' dir='ltr'>quis</span> <span class='ocrx_word' id='word_1_106' title='bbox 897 1329 945 1360; x_wconf 90' lang='lat' dir='ltr'>le-</span> 
     </span>
     <span class='ocr_line' id='line_1_22' title="bbox 235 1379 945 1421; baseline 0.001 -10"><span class='ocrx_word' id='word_1_107' title='bbox 235 1387 319 1421; x_wconf 82' lang='lat' dir='ltr'>gere</span> <span class='ocrx_word' id='word_1_108' title='bbox 335 1379 431 1412; x_wconf 79' lang='lat' dir='ltr'>malit</span> <span class='ocrx_word' id='word_1_109' title='bbox 444 1380 606 1420; x_wconf 84' lang='lat' dir='ltr'>memoria,</span> <span class='ocrx_word' id='word_1_110' title='bbox 625 1380 734 1412; x_wconf 86' lang='lat' dir='ltr'>dicam</span> <span class='ocrx_word' id='word_1_111' title='bbox 757 1390 832 1412; x_wconf 87' lang='lat' dir='ltr'>esse</span> <span class='ocrx_word' id='word_1_112' title='bbox 848 1380 945 1413; x_wconf 82' lang='lat' dir='ltr'>Grae-</span> 
     </span>
     <span class='ocr_line' id='line_1_23' title="bbox 236 1429 946 1473; baseline 0.003 -11"><span class='ocrx_word' id='word_1_113' title='bbox 236 1429 377 1462; x_wconf 85' lang='lat' dir='ltr'>cismum</span> <span class='ocrx_word' id='word_1_114' title='bbox 400 1431 545 1463; x_wconf 89' lang='lat' dir='ltr'>hominis</span> <span class='ocrx_word' id='word_1_115' title='bbox 561 1431 766 1464; x_wconf 72' lang='lat' dir='ltr'>Thtacensis</span> <span class='ocrx_word' id='word_1_116' title='bbox 783 1441 792 1472; x_wconf 90' lang='lat'>;</span> <span class='ocrx_word' id='word_1_117' title='bbox 815 1441 858 1464; x_wconf 88' lang='lat' dir='ltr'>ex</span> <span class='ocrx_word' id='word_1_118' title='bbox 875 1432 946 1473; x_wconf 90' lang='lat' dir='ltr'>illo,</span> 
     </span>
     <span class='ocr_line' id='line_1_24' title="bbox 235 1481 945 1530; baseline 0.001 -16"><span class='ocrx_word' id='word_1_119' title='bbox 235 1481 320 1523; x_wconf 67' lang='grc' dir='ltr'><strong><em>ἄξιον</em></strong></span> <span class='ocrx_word' id='word_1_120' title='bbox 332 1481 465 1523; x_wconf 77' lang='grc' dir='ltr'><strong><em>μνήμης.</em></strong></span> <span class='ocrx_word' id='word_1_121' title='bbox 511 1482 579 1530; x_wconf 79' lang='lat' dir='ltr'>Sed</span> <span class='ocrx_word' id='word_1_122' title='bbox 592 1486 708 1515; x_wconf 85' lang='lat' dir='ltr'>tamen</span> <span class='ocrx_word' id='word_1_123' title='bbox 724 1482 815 1515; x_wconf 86' lang='lat' dir='ltr'>infra</span> <span class='ocrx_word' id='word_1_124' title='bbox 829 1483 891 1515; x_wconf 91' lang='lat' dir='ltr'>lib.</span> <span class='ocrx_word' id='word_1_125' title='bbox 909 1491 945 1516; x_wconf 85' lang='lat' dir='ltr'>v.</span> 
     </span>
     <span class='ocr_line' id='line_1_25' title="bbox 236 1533 946 1576; baseline 0.001 -11"><span class='ocrx_word' id='word_1_126' title='bbox 236 1533 331 1566; x_wconf 89' lang='lat' dir='ltr'>Prol.</span> <span class='ocrx_word' id='word_1_127' title='bbox 342 1533 448 1566; x_wconf 81' lang='lat' dir='ltr'>dixit:</span> <span class='ocrx_word' id='word_1_128' title='bbox 465 1535 475 1552; x_wconf 86' lang='lat'>‘</span> <span class='ocrx_word' id='word_1_129' title='bbox 486 1534 640 1576; x_wconf 80' lang='lat' dir='ltr'>Dignum</span> <span class='ocrx_word' id='word_1_130' title='bbox 650 1535 752 1576; x_wconf 86' lang='lat' dir='ltr'>longa</span> <span class='ocrx_word' id='word_1_131' title='bbox 761 1533 946 1567; x_wconf 76' lang='lat' dir='ltr'>memoria-²</span> 
     </span>
     <span class='ocr_line' id='line_1_26' title="bbox 240 1583 330 1616; baseline -0.011 0"><span class='ocrx_word' id='word_1_132' title='bbox 240 1583 330 1616; x_wconf 81' lang='lat' dir='ltr'>Riet.</span> 
     </span>
    </p>

    <p class='ocr_par' dir='ltr' id='par_1_6' title="bbox 235 1635 947 1880">
     <span class='ocr_line' id='line_1_27' title="bbox 281 1635 947 1677; baseline 0.003 -10"><span class='ocrx_word' id='word_1_133' title='bbox 281 1635 454 1677; x_wconf 78' lang='lat' dir='ltr'>Memoria]</span> <span class='ocrx_word' id='word_1_134' title='bbox 476 1636 554 1668; x_wconf 88' lang='lat' dir='ltr'>Non</span> <span class='ocrx_word' id='word_1_135' title='bbox 571 1639 705 1669; x_wconf 89' lang='lat' dir='ltr'>tantum</span> <span class='ocrx_word' id='word_1_136' title='bbox 722 1637 816 1669; x_wconf 89' lang='lat' dir='ltr'>Pith.</span> <span class='ocrx_word' id='word_1_137' title='bbox 833 1636 893 1669; x_wconf 86' lang='lat' dir='ltr'>sed</span> <span class='ocrx_word' id='word_1_138' title='bbox 910 1640 947 1669; x_wconf 91' lang='lat' dir='ltr'>et</span> 
     </span>
     <span class='ocr_line' id='line_1_28' title="bbox 237 1686 947 1731; baseline 0.003 -13"><span class='ocrx_word' id='word_1_139' title='bbox 237 1686 335 1718; x_wconf 86' lang='lat' dir='ltr'>Rem.</span> <span class='ocrx_word' id='word_1_140' title='bbox 353 1686 429 1719; x_wconf 90' lang='lat' dir='ltr'>cod.</span> <span class='ocrx_word' id='word_1_141' title='bbox 445 1687 601 1719; x_wconf 85' lang='lat' dir='ltr'>memoriae</span> <span class='ocrx_word' id='word_1_142' title='bbox 622 1687 763 1729; x_wconf 89' lang='lat' dir='ltr'>habent,</span> <span class='ocrx_word' id='word_1_143' title='bbox 778 1687 870 1731; x_wconf 89' lang='lat' dir='ltr'>quod</span> <span class='ocrx_word' id='word_1_144' title='bbox 886 1688 947 1720; x_wconf 81' lang='lat' dir='ltr'>Ri-</span> 
     </span>
     <span class='ocr_line' id='line_1_29' title="bbox 237 1736 947 1778; baseline 0.006 -10"><span class='ocrx_word' id='word_1_145' title='bbox 237 1736 364 1778; x_wconf 78' lang='lat' dir='ltr'>galtius</span> <span class='ocrx_word' id='word_1_146' title='bbox 378 1742 512 1769; x_wconf 87' lang='lat' dir='ltr'>mutare</span> <span class='ocrx_word' id='word_1_147' title='bbox 528 1747 596 1769; x_wconf 91' lang='lat' dir='ltr'>non</span> <span class='ocrx_word' id='word_1_148' title='bbox 620 1738 754 1772; x_wconf 89' lang='lat' dir='ltr'>debuit.</span> <span class='ocrx_word' id='word_1_149' title='bbox 799 1739 947 1772; x_wconf 84' lang='lat' dir='ltr'>Graecis—</span> 
     </span>
     <span class='ocr_line' id='line_1_30' title="bbox 235 1787 946 1826; baseline 0.003 -8"><span class='ocrx_word' id='word_1_150' title='bbox 235 1796 310 1818; x_wconf 87' lang='lat' dir='ltr'>mus</span> <span class='ocrx_word' id='word_1_151' title='bbox 336 1790 404 1826; x_wconf 88' lang='lat' dir='ltr'>est,</span> <span class='ocrx_word' id='word_1_152' title='bbox 430 1787 562 1819; x_wconf 87' lang='lat' dir='ltr'>Latinis</span> <span class='ocrx_word' id='word_1_153' title='bbox 587 1788 844 1821; x_wconf 86' lang='lat' dir='ltr'>venustioribus</span> <span class='ocrx_word' id='word_1_154' title='bbox 876 1798 946 1821; x_wconf 89' lang='lat' dir='ltr'>non</span> 
     </span>
     <span class='ocr_line' id='line_1_31' title="bbox 236 1835 946 1880; baseline 0.003 -12"><span class='ocrx_word' id='word_1_155' title='bbox 236 1835 458 1878; x_wconf 83' lang='lat' dir='ltr'>infrequens:</span> <span class='ocrx_word' id='word_1_156' title='bbox 494 1836 576 1878; x_wconf 73' lang='grc' dir='ltr'>ἄξιον</span> <span class='ocrx_word' id='word_1_157' title='bbox 599 1837 731 1878; x_wconf 81' lang='grc' dir='ltr'><strong><em>μνήμης.</em></strong></span> <span class='ocrx_word' id='word_1_158' title='bbox 774 1839 831 1872; x_wconf 90' lang='lat' dir='ltr'>Sic</span> <span class='ocrx_word' id='word_1_159' title='bbox 856 1839 946 1880; x_wconf 89' lang='lat' dir='ltr'>apud</span> 
     </span>
    </p>
   </div>
   <div class='ocr_carea' id='block_1_3' title="bbox 237 1886 946 1969">
    <p class='ocr_par' dir='ltr' id='par_1_7' title="bbox 237 1886 946 1969">
     <span class='ocr_line' id='line_1_32' title="bbox 237 1886 946 1922; baseline 0.006 -4"><span class='ocrx_word' id='word_1_160' title='bbox 237 1886 427 1919; x_wconf 85' lang='lat' dir='ltr'>Plautum:</span> <span class='ocrx_word' id='word_1_161' title='bbox 464 1887 615 1920; x_wconf 82' lang='lat' dir='ltr'>‘Aulam</span> <span class='ocrx_word' id='word_1_162' title='bbox 652 1892 809 1922; x_wconf 86' lang='lat' dir='ltr'>onustam</span> <span class='ocrx_word' id='word_1_163' title='bbox 846 1889 946 1922; x_wconf 66' lang='lat' dir='ltr'>auri!</span> 
     </span>
     <span class='ocr_line' id='line_1_33' title="bbox 244 1936 330 1969; baseline 0.012 -1"><span class='ocrx_word' id='word_1_164' title='bbox 244 1936 330 1969; x_wconf 72' lang='lat' dir='ltr'>aad.</span> 
     </span>
    </p>
   </div>
   <div class='ocr_carea' id='block_1_4' title="bbox 239 1988 952 2794">
    <p class='ocr_par' dir='ltr' id='par_1_8' title="bbox 239 1988 952 2794">
     <span class='ocr_line' id='line_1_34' title="bbox 281 1988 949 2033; baseline 0.003 -12"><span class='ocrx_word' id='word_1_165' title='bbox 281 1988 425 2030; x_wconf 72' lang='lat' dir='ltr'>Dignum</span> <span class='ocrx_word' id='word_1_166' title='bbox 449 1990 620 2032; x_wconf 79' lang='lat' dir='ltr'>memoriae]</span> <span class='ocrx_word' id='word_1_167' title='bbox 642 1991 700 2024; x_wconf 91' lang='lat' dir='ltr'>Sic</span> <span class='ocrx_word' id='word_1_168' title='bbox 720 1991 857 2024; x_wconf 84' lang='lat' dir='ltr'>locutos</span> <span class='ocrx_word' id='word_1_169' title='bbox 872 1991 949 2033; x_wconf 88' lang='lat' dir='ltr'>plu-</span> 
     </span>
     <span class='ocr_line' id='line_1_35' title="bbox 239 2040 950 2083; baseline 0.003 -12"><span class='ocrx_word' id='word_1_170' title='bbox 239 2048 294 2071; x_wconf 85' lang='lat' dir='ltr'>res</span> <span class='ocrx_word' id='word_1_171' title='bbox 325 2044 479 2073; x_wconf 85' lang='lat' dir='ltr'>veterum</span> <span class='ocrx_word' id='word_1_172' title='bbox 503 2040 660 2073; x_wconf 82' lang='lat' dir='ltr'>ostendit</span> <span class='ocrx_word' id='word_1_173' title='bbox 688 2042 838 2083; x_wconf 86' lang='lat' dir='ltr'>Bangius</span> <span class='ocrx_word' id='word_1_174' title='bbox 866 2041 950 2074; x_wconf 89' lang='lat' dir='ltr'>Obs-</span> 
     </span>
     <span class='ocr_line' id='line_1_36' title="bbox 240 2090 951 2133; baseline 0.001 -10"><span class='ocrx_word' id='word_1_175' title='bbox 240 2090 331 2124; x_wconf 86' lang='lat' dir='ltr'>Phil.</span> <span class='ocrx_word' id='word_1_176' title='bbox 349 2100 391 2124; x_wconf 86' lang='lat'>11.</span> <span class='ocrx_word' id='word_1_177' title='bbox 419 2101 453 2133; x_wconf 89' lang='lat' dir='ltr'>p.</span> <span class='ocrx_word' id='word_1_178' title='bbox 475 2094 551 2124; x_wconf 84' lang='grc'><strong>837.</strong></span> <span class='ocrx_word' id='word_1_179' title='bbox 568 2096 604 2123; x_wconf 90' lang='lat' dir='ltr'>et</span> <span class='ocrx_word' id='word_1_180' title='bbox 621 2092 799 2125; x_wconf 88' lang='lat' dir='ltr'>confirmat</span> <span class='ocrx_word' id='word_1_181' title='bbox 815 2093 951 2125; x_wconf 87' lang='lat' dir='ltr'>ratione</span> 
     </span>
     <span class='ocr_line' id='line_1_37' title="bbox 239 2141 948 2183; baseline 0.003 -10"><span class='ocrx_word' id='word_1_182' title='bbox 239 2142 412 2183; x_wconf 86' lang='lat' dir='ltr'>Mariang.</span> <span class='ocrx_word' id='word_1_183' title='bbox 425 2151 444 2173; x_wconf 87' lang='lat' dir='ltr'>a</span> <span class='ocrx_word' id='word_1_184' title='bbox 457 2142 549 2173; x_wconf 81' lang='lat' dir='ltr'>Fano</span> <span class='ocrx_word' id='word_1_185' title='bbox 565 2142 650 2174; x_wconf 89' lang='lat' dir='ltr'>Ben.</span> <span class='ocrx_word' id='word_1_186' title='bbox 667 2141 808 2175; x_wconf 86' lang='lat' dir='ltr'>Auctar.</span> <span class='ocrx_word' id='word_1_187' title='bbox 832 2142 948 2175; x_wconf 82' lang='lat' dir='ltr'>Gram.</span> 
     </span>
     <span class='ocr_line' id='line_1_38' title="bbox 241 2192 952 2235; baseline 0.003 -11"><span class='ocrx_word' id='word_1_188' title='bbox 241 2192 344 2226; x_wconf 84' lang='lat' dir='ltr'>Gros.</span> <span class='ocrx_word' id='word_1_189' title='bbox 361 2203 394 2235; x_wconf 87' lang='lat' dir='ltr'>p.</span> <span class='ocrx_word' id='word_1_190' title='bbox 419 2196 473 2226; x_wconf 87' lang='grc'>20.</span> <span class='ocrx_word' id='word_1_191' title='bbox 498 2197 537 2225; x_wconf 86' lang='lat' dir='ltr'>ut</span> <span class='ocrx_word' id='word_1_192' title='bbox 558 2193 615 2225; x_wconf 85' lang='lat' dir='ltr'>hic</span> <span class='ocrx_word' id='word_1_193' title='bbox 644 2194 851 2226; x_wconf 88' lang='lat' dir='ltr'>audiendum</span> <span class='ocrx_word' id='word_1_194' title='bbox 877 2194 952 2226; x_wconf 83' lang='lat' dir='ltr'>Rit-</span> 
     </span>
     <span class='ocr_line' id='line_1_39' title="bbox 240 2245 952 2287; baseline 0.001 -10"><span class='ocrx_word' id='word_1_195' title='bbox 240 2245 448 2278; x_wconf 85' lang='lat' dir='ltr'>tershusium</span> <span class='ocrx_word' id='word_1_196' title='bbox 465 2255 533 2277; x_wconf 92' lang='lat' dir='ltr'>non</span> <span class='ocrx_word' id='word_1_197' title='bbox 560 2250 690 2287; x_wconf 88' lang='lat' dir='ltr'>putem.</span> <span class='ocrx_word' id='word_1_198' title='bbox 714 2247 825 2278; x_wconf 76' lang='lat' dir='ltr'>Prasc.</span> <span class='ocrx_word' id='word_1_199' title='bbox 870 2245 952 2278; x_wconf 89' lang='lat' dir='ltr'>Nou</span> 
     </span>
     <span class='ocr_line' id='line_1_40' title="bbox 242 2296 952 2329; baseline 0.001 -1"><span class='ocrx_word' id='word_1_200' title='bbox 242 2296 345 2329; x_wconf 80' lang='lat' dir='ltr'>audio</span> <span class='ocrx_word' id='word_1_201' title='bbox 374 2296 642 2328; x_wconf 87' lang='lat' dir='ltr'>Rittershusium</span> <span class='ocrx_word' id='word_1_202' title='bbox 671 2297 813 2329; x_wconf 90' lang='lat' dir='ltr'>hominis</span> <span class='ocrx_word' id='word_1_203' title='bbox 841 2297 952 2329; x_wconf 86' lang='lat' dir='ltr'>Thra-</span> 
     </span>
     <span class='ocr_line' id='line_1_41' title="bbox 241 2346 951 2388; baseline 0 -9"><span class='ocrx_word' id='word_1_204' title='bbox 241 2346 352 2379; x_wconf 87' lang='lat' dir='ltr'>censis</span> <span class='ocrx_word' id='word_1_205' title='bbox 367 2347 432 2378; x_wconf 90' lang='lat' dir='ltr'>hoc</span> <span class='ocrx_word' id='word_1_206' title='bbox 460 2346 681 2378; x_wconf 84' lang='lat' dir='ltr'>Graecismum</span> <span class='ocrx_word' id='word_1_207' title='bbox 706 2348 951 2388; x_wconf 81' lang='lat' dir='ltr'>appellantem.</span> 
     </span>
     <span class='ocr_line' id='line_1_42' title="bbox 240 2397 949 2443; baseline -0.001 -13"><span class='ocrx_word' id='word_1_208' title='bbox 240 2397 385 2443; x_wconf 75' lang='lat' dir='ltr'>Plautus</span> <span class='ocrx_word' id='word_1_209' title='bbox 402 2397 498 2429; x_wconf 84' lang='lat' dir='ltr'>Trin.</span> <span class='ocrx_word' id='word_1_210' title='bbox 513 2406 548 2430; x_wconf 88' lang='lat' dir='ltr'>v.</span> <span class='ocrx_word' id='word_1_211' title='bbox 561 2406 610 2429; x_wconf 89' lang='lat' dir='ltr'>sc.</span> <span class='ocrx_word' id='word_1_212' title='bbox 626 2400 658 2429; x_wconf 84' lang='lat'>2.</span> <span class='ocrx_word' id='word_1_213' title='bbox 681 2398 690 2415; x_wconf 91' lang='lat'>‘</span> <span class='ocrx_word' id='word_1_214' title='bbox 704 2397 783 2432; x_wconf 85' lang='lat' dir='ltr'>Non</span> <span class='ocrx_word' id='word_1_215' title='bbox 797 2407 861 2439; x_wconf 86' lang='lat' dir='ltr'>ego</span> <span class='ocrx_word' id='word_1_216' title='bbox 877 2407 949 2429; x_wconf 88' lang='lat' dir='ltr'>sum</span> 
     </span>
     <span class='ocr_line' id='line_1_43' title="bbox 242 2447 951 2488; baseline 0.003 -8"><span class='ocrx_word' id='word_1_217' title='bbox 242 2448 361 2480; x_wconf 83' lang='lat' dir='ltr'>salutis</span> <span class='ocrx_word' id='word_1_218' title='bbox 377 2447 519 2488; x_wconf 67' lang='lat' dir='ltr'>dignus?</span> <span class='ocrx_word' id='word_1_219' title='bbox 564 2448 684 2480; x_wconf 85' lang='lat' dir='ltr'>Cicero</span> <span class='ocrx_word' id='word_1_220' title='bbox 701 2447 778 2481; x_wconf 90' lang='lat' dir='ltr'>Att.</span> <span class='ocrx_word' id='word_1_221' title='bbox 789 2449 849 2480; x_wconf 86' lang='lat' dir='ltr'>lib.</span> <span class='ocrx_word' id='word_1_222' title='bbox 864 2457 951 2482; x_wconf 79' lang='lat' dir='ltr'>vlu.</span> 
     </span>
     <span class='ocr_line' id='line_1_44' title="bbox 241 2498 950 2541; baseline 0.004 -12"><span class='ocrx_word' id='word_1_223' title='bbox 241 2501 251 2518; x_wconf 77' lang='lat'><strong><em>⁶</em></strong></span> <span class='ocrx_word' id='word_1_224' title='bbox 267 2498 412 2539; x_wconf 84' lang='lat' dir='ltr'>Suscipe</span> <span class='ocrx_word' id='word_1_225' title='bbox 428 2508 543 2530; x_wconf 87' lang='lat' dir='ltr'>curam</span> <span class='ocrx_word' id='word_1_226' title='bbox 565 2503 602 2530; x_wconf 88' lang='lat' dir='ltr'>et</span> <span class='ocrx_word' id='word_1_227' title='bbox 616 2499 860 2541; x_wconf 78' lang='lat' dir='ltr'>cogitationem</span> <span class='ocrx_word' id='word_1_228' title='bbox 877 2499 950 2541; x_wconf 81' lang='lat' dir='ltr'>dig-</span> 
     </span>
     <span class='ocr_line' id='line_1_45' title="bbox 242 2546 952 2582; baseline 0.003 -2"><span class='ocrx_word' id='word_1_229' title='bbox 242 2548 412 2581; x_wconf 84' lang='lat' dir='ltr'>nissimam</span> <span class='ocrx_word' id='word_1_230' title='bbox 425 2553 494 2580; x_wconf 84' lang='lat' dir='ltr'>tuae</span> <span class='ocrx_word' id='word_1_231' title='bbox 511 2546 740 2581; x_wconf 59' lang='lat' dir='ltr'>valetudinis?</span> <span class='ocrx_word' id='word_1_232' title='bbox 785 2549 898 2581; x_wconf 88' lang='lat' dir='ltr'>Video</span> <span class='ocrx_word' id='word_1_233' title='bbox 914 2554 952 2582; x_wconf 88' lang='lat' dir='ltr'>et</span> 
     </span>
     <span class='ocr_line' id='line_1_46' title="bbox 243 2598 951 2640; baseline -0.001 -8"><span class='ocrx_word' id='word_1_234' title='bbox 243 2599 447 2632; x_wconf 83' lang='lat' dir='ltr'>Praschium</span> <span class='ocrx_word' id='word_1_235' title='bbox 493 2599 543 2630; x_wconf 89' lang='lat' dir='ltr'>sic</span> <span class='ocrx_word' id='word_1_236' title='bbox 581 2602 750 2640; x_wconf 83' lang='lat' dir='ltr'>statuere,</span> <span class='ocrx_word' id='word_1_237' title='bbox 793 2598 951 2631; x_wconf 82' lang='lat' dir='ltr'>adductis</span> 
     </span>
     <span class='ocr_line' id='line_1_47' title="bbox 243 2649 951 2691; baseline 0.001 -9"><span class='ocrx_word' id='word_1_238' title='bbox 243 2649 369 2691; x_wconf 80' lang='lat' dir='ltr'>Bangii</span> <span class='ocrx_word' id='word_1_239' title='bbox 380 2653 417 2682; x_wconf 90' lang='lat' dir='ltr'>et</span> <span class='ocrx_word' id='word_1_240' title='bbox 429 2649 633 2690; x_wconf 87' lang='lat' dir='ltr'>Mariaugeli</span> <span class='ocrx_word' id='word_1_241' title='bbox 643 2649 951 2683; x_wconf 87' lang='lat' dir='ltr'>observationibus.</span> 
     </span>
     <span class='ocr_line' id='line_1_48' title="bbox 243 2700 948 2742; baseline -0.001 -9"><span class='ocrx_word' id='word_1_242' title='bbox 243 2700 349 2741; x_wconf 74' lang='lat' dir='ltr'>Senes.</span> <span class='ocrx_word' id='word_1_243' title='bbox 407 2700 498 2733; x_wconf 87' lang='lat' dir='ltr'>Vide</span> <span class='ocrx_word' id='word_1_244' title='bbox 527 2700 627 2742; x_wconf 84' lang='lat' dir='ltr'>plura</span> <span class='ocrx_word' id='word_1_245' title='bbox 655 2701 814 2742; x_wconf 85' lang='lat' dir='ltr'>exempla</span> <span class='ocrx_word' id='word_1_246' title='bbox 843 2700 948 2742; x_wconf 70' lang='lat' dir='ltr'>hujus</span> 
     </span>
     <span class='ocr_line' id='line_1_49' title="bbox 244 2750 950 2794; baseline -0.001 -10"><span class='ocrx_word' id='word_1_247' title='bbox 244 2751 510 2785; x_wconf 82' lang='lat' dir='ltr'>constructionis</span> <span class='ocrx_word' id='word_1_248' title='bbox 526 2750 617 2794; x_wconf 81' lang='lat' dir='ltr'>apud</span> <span class='ocrx_word' id='word_1_249' title='bbox 634 2751 726 2784; x_wconf 90' lang='lat' dir='ltr'>Nob.</span> <span class='ocrx_word' id='word_1_250' title='bbox 742 2751 863 2784; x_wconf 85' lang='lat' dir='ltr'>Heius.</span> <span class='ocrx_word' id='word_1_251' title='bbox 878 2755 950 2783; x_wconf 88' lang='lat' dir='ltr'>not.</span> 
     </span>
    </p>
   </div>
   <div class='ocr_carea' id='block_1_5' title="bbox 704 261 1233 295">
    <p class='ocr_par' dir='ltr' id='par_1_9' title="bbox 704 261 1233 295">
     <span class='ocr_line' id='line_1_50' title="bbox 704 261 1233 295; baseline 0.002 -1"><span class='ocrx_word' id='word_1_252' title='bbox 704 262 847 295; x_wconf 78' lang='lat' dir='ltr'>No&#39;rAE</span> <span class='ocrx_word' id='word_1_253' title='bbox 879 261 1146 295; x_wconf 76' lang='lat' dir='ltr'>VARIORUM</span> <span class='ocrx_word' id='word_1_254' title='bbox 1181 264 1233 295; x_wconf 88' lang='lat' dir='ltr'>IN</span> 
     </span>
    </p>
   </div>
   <div class='ocr_carea' id='block_1_6' title="bbox 987 356 1711 2739">
    <p class='ocr_par' dir='ltr' id='par_1_10' title="bbox 988 356 1696 502">
     <span class='ocr_line' id='line_1_51' title="bbox 988 356 1696 392; baseline 0.003 -3"><span class='ocrx_word' id='word_1_255' title='bbox 988 356 1032 390; x_wconf 86' lang='lat' dir='ltr'>ad</span> <span class='ocrx_word' id='word_1_256' title='bbox 1047 356 1264 390; x_wconf 84' lang='lat' dir='ltr'>Ovid.Trist.</span> <span class='ocrx_word' id='word_1_257' title='bbox 1279 366 1332 390; x_wconf 80' lang='lat' dir='ltr'>tv.</span> <span class='ocrx_word' id='word_1_258' title='bbox 1348 360 1381 390; x_wconf 78' lang='lat'>3.</span> <span class='ocrx_word' id='word_1_259' title='bbox 1397 360 1451 391; x_wconf 82' lang='lat'>⁶¹7.</span> <span class='ocrx_word' id='word_1_260' title='bbox 1467 357 1557 391; x_wconf 88' lang='lat' dir='ltr'>Met.</span> <span class='ocrx_word' id='word_1_261' title='bbox 1572 367 1603 391; x_wconf 83' lang='lat' dir='ltr'>v.</span> <span class='ocrx_word' id='word_1_262' title='bbox 1619 360 1696 392; x_wconf 71' lang='lat'>⁸4⁵.</span> 
     </span>
     <span class='ocr_line' id='line_1_52' title="bbox 989 408 1695 453; baseline 0.003 -13"><span class='ocrx_word' id='word_1_263' title='bbox 989 411 1025 440; x_wconf 91' lang='lat' dir='ltr'>et</span> <span class='ocrx_word' id='word_1_264' title='bbox 1037 408 1127 441; x_wconf 88' lang='lat' dir='ltr'>Nuc.</span> <span class='ocrx_word' id='word_1_265' title='bbox 1140 416 1245 441; x_wconf 78' lang='lat' dir='ltr'>xxvr.</span> <span class='ocrx_word' id='word_1_266' title='bbox 1258 412 1295 441; x_wconf 90' lang='lat' dir='ltr'>et</span> <span class='ocrx_word' id='word_1_267' title='bbox 1306 408 1387 440; x_wconf 78' lang='lat' dir='ltr'>alibi</span> <span class='ocrx_word' id='word_1_268' title='bbox 1400 414 1421 441; x_wconf 74' lang='grc' dir='ltr'>ε’</span> <span class='ocrx_word' id='word_1_269' title='bbox 1436 412 1472 442; x_wconf 90' lang='lat' dir='ltr'>et</span> <span class='ocrx_word' id='word_1_270' title='bbox 1489 408 1695 453; x_wconf 67' lang='lat' dir='ltr'>Zinzerling.</span> 
     </span>
     <span class='ocr_line' id='line_1_53' title="bbox 988 454 1663 502; baseline 0.006 -12"><span class='ocrx_word' id='word_1_271' title='bbox 988 459 1158 492; x_wconf 82' lang='lat' dir='ltr'>Promuls.</span> <span class='ocrx_word' id='word_1_272' title='bbox 1174 459 1296 492; x_wconf 81' lang='lat' dir='ltr'>Critic.</span> <span class='ocrx_word' id='word_1_273' title='bbox 1312 469 1389 502; x_wconf 87' lang='lat' dir='ltr'>cap.</span> <span class='ocrx_word' id='word_1_274' title='bbox 1405 462 1438 493; x_wconf 73' lang='lat'>3.</span> <span class='ocrx_word' id='word_1_275' title='bbox 1661 454 1663 457; x_wconf 50' lang='grc'>’</span> 
     </span>
    </p>

    <p class='ocr_par' dir='ltr' id='par_1_11' title="bbox 987 508 1695 654">
     <span class='ocr_line' id='line_1_54' title="bbox 1031 508 1694 554; baseline 0.005 -14"><span class='ocrx_word' id='word_1_276' title='bbox 1031 513 1050 541; x_wconf 83' lang='grc'><strong>5</strong></span> <span class='ocrx_word' id='word_1_277' title='bbox 1074 508 1104 540; x_wconf 84' lang='lat' dir='ltr'><strong><em>A</em></strong></span> <span class='ocrx_word' id='word_1_278' title='bbox 1126 519 1175 542; x_wconf 87' lang='lat' dir='ltr'>me</span> <span class='ocrx_word' id='word_1_279' title='bbox 1195 511 1357 543; x_wconf 79' lang='lat' dir='ltr'>contendet</span> <span class='ocrx_word' id='word_1_280' title='bbox 1372 511 1489 554; x_wconf 73' lang='lat' dir='ltr'>fictum</span> <span class='ocrx_word' id='word_1_281' title='bbox 1502 510 1610 553; x_wconf 67' lang='lat' dir='ltr'>quovis</span> <span class='ocrx_word' id='word_1_282' title='bbox 1619 510 1694 554; x_wconf 67' lang='lat' dir='ltr'>pig-</span> 
     </span>
     <span class='ocr_line' id='line_1_55' title="bbox 988 559 1695 601; baseline 0.004 -9"><span class='ocrx_word' id='word_1_283' title='bbox 988 559 1078 601; x_wconf 85' lang='lat' dir='ltr'>nore]</span> <span class='ocrx_word' id='word_1_284' title='bbox 1115 561 1286 593; x_wconf 86' lang='lat' dir='ltr'>Catullum</span> <span class='ocrx_word' id='word_1_285' title='bbox 1317 561 1469 594; x_wconf 83' lang='lat' dir='ltr'>imitatur</span> <span class='ocrx_word' id='word_1_286' title='bbox 1485 573 1494 595; x_wconf 89' lang='lat'><strong>:</strong></span> <span class='ocrx_word' id='word_1_287' title='bbox 1530 563 1540 581; x_wconf 94' lang='lat'>‘</span> <span class='ocrx_word' id='word_1_288' title='bbox 1563 563 1695 597; x_wconf 72' lang='lat' dir='ltr'>Quavis</span> 
     </span>
     <span class='ocr_line' id='line_1_56' title="bbox 987 610 1694 654; baseline 0.006 -12"><span class='ocrx_word' id='word_1_289' title='bbox 987 610 1151 644; x_wconf 83' lang='lat' dir='ltr'>Sabinum</span> <span class='ocrx_word' id='word_1_290' title='bbox 1178 611 1321 654; x_wconf 86' lang='lat' dir='ltr'>pignore</span> <span class='ocrx_word' id='word_1_291' title='bbox 1347 621 1424 645; x_wconf 83' lang='lat' dir='ltr'>esse</span> <span class='ocrx_word' id='word_1_292' title='bbox 1456 612 1694 649; x_wconf 68' lang='lat' dir='ltr'>contendunt!</span> 
     </span>
    </p>

    <p class='ocr_par' dir='ltr' id='par_1_12' title="bbox 989 713 1700 906">
     <span class='ocr_line' id='line_1_57' title="bbox 1034 713 1696 758; baseline 0.005 -13"><span class='ocrx_word' id='word_1_293' title='bbox 1034 713 1207 746; x_wconf 78' lang='lat' dir='ltr'>contendet</span> <span class='ocrx_word' id='word_1_294' title='bbox 1231 714 1338 756; x_wconf 75' lang='lat' dir='ltr'>quovis</span> <span class='ocrx_word' id='word_1_295' title='bbox 1357 715 1505 758; x_wconf 73' lang='lat' dir='ltr'>pignore]</span> <span class='ocrx_word' id='word_1_296' title='bbox 1538 715 1696 751; x_wconf 81' lang='lat' dir='ltr'>Studium</span> 
     </span>
     <span class='ocr_line' id='line_1_58' title="bbox 989 765 1697 807; baseline 0.004 -11"><span class='ocrx_word' id='word_1_297' title='bbox 989 774 1155 796; x_wconf 87' lang='lat' dir='ltr'>summum</span> <span class='ocrx_word' id='word_1_298' title='bbox 1183 765 1415 807; x_wconf 82' lang='lat' dir='ltr'>persuadendi</span> <span class='ocrx_word' id='word_1_299' title='bbox 1436 767 1548 798; x_wconf 71' lang='lat' dir='ltr'>notat.</span> <span class='ocrx_word' id='word_1_300' title='bbox 1569 766 1697 799; x_wconf 75' lang='lat' dir='ltr'>catull.</span> 
     </span>
     <span class='ocr_line' id='line_1_59' title="bbox 989 815 1700 857; baseline 0.004 -9"><span class='ocrx_word' id='word_1_301' title='bbox 989 816 1055 857; x_wconf 87' lang='lat' dir='ltr'>Ep.</span> <span class='ocrx_word' id='word_1_302' title='bbox 1082 824 1157 848; x_wconf 81' lang='lat' dir='ltr'>xm.</span> <span class='ocrx_word' id='word_1_303' title='bbox 1181 821 1374 857; x_wconf 86' lang='lat' dir='ltr'>opportune</span> <span class='ocrx_word' id='word_1_304' title='bbox 1401 815 1548 849; x_wconf 86' lang='lat' dir='ltr'>adduxit.</span> <span class='ocrx_word' id='word_1_305' title='bbox 1569 815 1700 850; x_wconf 70' lang='lat' dir='ltr'>mtter-</span> 
     </span>
     <span class='ocr_line' id='line_1_60' title="bbox 990 865 1356 906; baseline 0.003 -9"><span class='ocrx_word' id='word_1_306' title='bbox 990 865 1133 898; x_wconf 76' lang='lat' dir='ltr'>shusius.</span> <span class='ocrx_word' id='word_1_307' title='bbox 1157 865 1262 906; x_wconf 70' lang='lat' dir='ltr'>Senes.</span> <span class='ocrx_word' id='word_1_308' title='bbox 1350 875 1356 882; x_wconf 83' lang='lat'><em>·</em></span> 
     </span>
    </p>

    <p class='ocr_par' dir='ltr' id='par_1_13' title="bbox 990 917 1711 1205">
     <span class='ocr_line' id='line_1_61' title="bbox 1034 917 1700 960; baseline 0.006 -12"><span class='ocrx_word' id='word_1_309' title='bbox 1034 917 1209 949; x_wconf 81' lang='lat' dir='ltr'>contendet</span> <span class='ocrx_word' id='word_1_310' title='bbox 1217 917 1325 959; x_wconf 72' lang='lat' dir='ltr'>quovis</span> <span class='ocrx_word' id='word_1_311' title='bbox 1335 917 1482 960; x_wconf 78' lang='lat' dir='ltr'>pignore]</span> <span class='ocrx_word' id='word_1_312' title='bbox 1502 917 1560 951; x_wconf 89' lang='lat' dir='ltr'>Sic</span> <span class='ocrx_word' id='word_1_313' title='bbox 1572 917 1700 952; x_wconf 76' lang='lat' dir='ltr'>Catull-</span> 
     </span>
     <span class='ocr_line' id='line_1_62' title="bbox 990 967 1699 1011; baseline 0.006 -12"><span class='ocrx_word' id='word_1_314' title='bbox 990 967 1091 1009; x_wconf 83' lang='lat' dir='ltr'>Epig.</span> <span class='ocrx_word' id='word_1_315' title='bbox 1108 976 1184 1000; x_wconf 47' lang='lat' dir='ltr'>xut</span> <span class='ocrx_word' id='word_1_316' title='bbox 1206 969 1253 1000; x_wconf 88' lang='lat' dir='ltr'>Et</span> <span class='ocrx_word' id='word_1_317' title='bbox 1268 968 1391 1001; x_wconf 86' lang='lat' dir='ltr'>Cicero</span> <span class='ocrx_word' id='word_1_318' title='bbox 1404 969 1470 1011; x_wconf 84' lang='lat' dir='ltr'>Ep.</span> <span class='ocrx_word' id='word_1_319' title='bbox 1485 969 1545 1002; x_wconf 87' lang='lat' dir='ltr'>lib.</span> <span class='ocrx_word' id='word_1_320' title='bbox 1558 978 1628 1002; x_wconf 84' lang='lat' dir='ltr'>vn.</span> <span class='ocrx_word' id='word_1_321' title='bbox 1638 972 1699 1003; x_wconf 71' lang='lat'>³3.</span> 
     </span>
     <span class='ocr_line' id='line_1_63' title="bbox 992 1018 1711 1054; baseline 0.006 -4"><span class='ocrx_word' id='word_1_322' title='bbox 992 1018 1035 1051; x_wconf 78' lang='lat' dir='ltr'>ad</span> <span class='ocrx_word' id='word_1_323' title='bbox 1046 1018 1264 1051; x_wconf 88' lang='lat' dir='ltr'>Volumnium</span> <span class='ocrx_word' id='word_1_324' title='bbox 1280 1030 1288 1051; x_wconf 76' lang='grc' dir='ltr'><strong>ε</strong></span> <span class='ocrx_word' id='word_1_325' title='bbox 1310 1019 1321 1037; x_wconf 92' lang='lat'>‘</span> <span class='ocrx_word' id='word_1_326' title='bbox 1334 1019 1384 1052; x_wconf 91' lang='lat' dir='ltr'>Ut</span> <span class='ocrx_word' id='word_1_327' title='bbox 1395 1025 1611 1053; x_wconf 84' lang='lat' dir='ltr'>sacramento</span> <span class='ocrx_word' id='word_1_328' title='bbox 1623 1030 1711 1054; x_wconf 84' lang='lat' dir='ltr'>con-.</span> 
     </span>
     <span class='ocr_line' id='line_1_64' title="bbox 991 1068 1698 1114; baseline 0.008 -14"><span class='ocrx_word' id='word_1_329' title='bbox 991 1068 1114 1101; x_wconf 88' lang='lat' dir='ltr'>tendas</span> <span class='ocrx_word' id='word_1_330' title='bbox 1129 1079 1205 1102; x_wconf 89' lang='lat' dir='ltr'>mea</span> <span class='ocrx_word' id='word_1_331' title='bbox 1221 1079 1287 1102; x_wconf 92' lang='lat' dir='ltr'>non</span> <span class='ocrx_word' id='word_1_332' title='bbox 1303 1070 1402 1103; x_wconf 65' lang='lat' dir='ltr'>esse!</span> <span class='ocrx_word' id='word_1_333' title='bbox 1423 1072 1522 1114; x_wconf 80' lang='lat' dir='ltr'>Virg.</span> <span class='ocrx_word' id='word_1_334' title='bbox 1538 1072 1572 1104; x_wconf 90' lang='lat' dir='ltr'>in</span> <span class='ocrx_word' id='word_1_335' title='bbox 1585 1073 1698 1105; x_wconf 87' lang='lat' dir='ltr'>Buco-</span> 
     </span>
     <span class='ocr_line' id='line_1_65' title="bbox 991 1119 1698 1166; baseline 0.008 -15"><span class='ocrx_word' id='word_1_336' title='bbox 991 1119 1081 1160; x_wconf 86' lang='lat' dir='ltr'>licis,</span> <span class='ocrx_word' id='word_1_337' title='bbox 1102 1120 1111 1138; x_wconf 89' lang='lat'>‘</span> <span class='ocrx_word' id='word_1_338' title='bbox 1126 1120 1271 1153; x_wconf 85' lang='lat' dir='ltr'>Certare</span> <span class='ocrx_word' id='word_1_339' title='bbox 1295 1121 1463 1163; x_wconf 85' lang='lat' dir='ltr'>pignore,&#39;</span> <span class='ocrx_word' id='word_1_340' title='bbox 1491 1122 1613 1156; x_wconf 86' lang='lat' dir='ltr'>eodem</span> <span class='ocrx_word' id='word_1_341' title='bbox 1628 1122 1698 1166; x_wconf 71' lang='lat' dir='ltr'>sig·</span> 
     </span>
     <span class='ocr_line' id='line_1_66' title="bbox 993 1170 1361 1205; baseline 0.008 -3"><span class='ocrx_word' id='word_1_342' title='bbox 993 1170 1135 1203; x_wconf 83' lang='lat' dir='ltr'>nificatu</span> <span class='ocrx_word' id='word_1_343' title='bbox 1149 1171 1249 1205; x_wconf 83' lang='lat' dir='ltr'>dixit.</span> <span class='ocrx_word' id='word_1_344' title='bbox 1274 1173 1361 1205; x_wconf 71' lang='lat' dir='ltr'>Rite.</span> 
     </span>
    </p>

    <p class='ocr_par' dir='ltr' id='par_1_14' title="bbox 992 1222 1702 1572">
     <span class='ocr_line' id='line_1_67' title="bbox 1041 1222 1701 1267; baseline 0.006 -12"><span class='ocrx_word' id='word_1_345' title='bbox 1041 1222 1131 1265; x_wconf 87' lang='lat' dir='ltr'>Volo]</span> <span class='ocrx_word' id='word_1_346' title='bbox 1153 1223 1260 1256; x_wconf 86' lang='lat' dir='ltr'>Bene.</span> <span class='ocrx_word' id='word_1_347' title='bbox 1276 1224 1421 1257; x_wconf 88' lang='lat' dir='ltr'>Petron.</span> <span class='ocrx_word' id='word_1_348' title='bbox 1433 1234 1509 1267; x_wconf 75' lang='lat' dir='ltr'>cap.</span> <span class='ocrx_word' id='word_1_349' title='bbox 1521 1228 1574 1258; x_wconf 78' lang='lat'>⁷1.</span> <span class='ocrx_word' id='word_1_350' title='bbox 1597 1225 1608 1245; x_wconf 85' lang='lat'>‘</span> <span class='ocrx_word' id='word_1_351' title='bbox 1619 1224 1701 1259; x_wconf 87' lang='lat' dir='ltr'>Om-</span> 
     </span>
     <span class='ocr_line' id='line_1_68' title="bbox 992 1275 1701 1315; baseline 0.008 -11"><span class='ocrx_word' id='word_1_352' title='bbox 992 1282 1037 1305; x_wconf 92' lang='lat' dir='ltr'>ne</span> <span class='ocrx_word' id='word_1_353' title='bbox 1051 1282 1158 1315; x_wconf 86' lang='lat' dir='ltr'>genus</span> <span class='ocrx_word' id='word_1_354' title='bbox 1176 1283 1353 1315; x_wconf 89' lang='lat' dir='ltr'>pomorum</span> <span class='ocrx_word' id='word_1_355' title='bbox 1379 1275 1458 1308; x_wconf 86' lang='lat' dir='ltr'>volo</span> <span class='ocrx_word' id='word_1_356' title='bbox 1474 1276 1520 1308; x_wconf 91' lang='lat' dir='ltr'>sit</span> <span class='ocrx_word' id='word_1_357' title='bbox 1535 1276 1630 1310; x_wconf 79' lang='lat' dir='ltr'>circa</span> <span class='ocrx_word' id='word_1_358' title='bbox 1652 1275 1701 1309; x_wconf 89' lang='lat' dir='ltr'>ci-</span> 
     </span>
     <span class='ocr_line' id='line_1_69' title="bbox 993 1325 1700 1369; baseline 0.007 -14"><span class='ocrx_word' id='word_1_359' title='bbox 993 1332 1093 1355; x_wconf 83' lang='lat' dir='ltr'>neres</span> <span class='ocrx_word' id='word_1_360' title='bbox 1122 1333 1231 1364; x_wconf 85' lang='lat' dir='ltr'>meos,</span> <span class='ocrx_word' id='word_1_361' title='bbox 1261 1328 1299 1357; x_wconf 90' lang='lat' dir='ltr'>et</span> <span class='ocrx_word' id='word_1_362' title='bbox 1327 1325 1505 1358; x_wconf 87' lang='lat' dir='ltr'>vinearum</span> <span class='ocrx_word' id='word_1_363' title='bbox 1535 1326 1700 1369; x_wconf 74' lang='lat' dir='ltr'>largiter-³</span> 
     </span>
     <span class='ocr_line' id='line_1_70' title="bbox 994 1374 1702 1420; baseline 0.007 -15"><span class='ocrx_word' id='word_1_364' title='bbox 994 1374 1107 1407; x_wconf 87' lang='lat' dir='ltr'>Plaut.</span> <span class='ocrx_word' id='word_1_365' title='bbox 1123 1374 1230 1408; x_wconf 81' lang='lat' dir='ltr'>Bach.</span> <span class='ocrx_word' id='word_1_366' title='bbox 1255 1384 1306 1410; x_wconf 82' lang='grc' dir='ltr'>ιν.</span> <span class='ocrx_word' id='word_1_367' title='bbox 1331 1385 1378 1409; x_wconf 85' lang='lat' dir='ltr'>sc.</span> <span class='ocrx_word' id='word_1_368' title='bbox 1394 1379 1428 1409; x_wconf 81' lang='grc'>4.</span> <span class='ocrx_word' id='word_1_369' title='bbox 1452 1378 1462 1395; x_wconf 89' lang='lat'>‘</span> <span class='ocrx_word' id='word_1_370' title='bbox 1476 1376 1622 1417; x_wconf 47' lang='lat' dir='ltr'>Ressita</span> <span class='ocrx_word' id='word_1_371' title='bbox 1637 1382 1702 1420; x_wconf 84' lang='lat' dir='ltr'>est,</span> 
     </span>
     <span class='ocr_line' id='line_1_71' title="bbox 994 1425 1700 1462; baseline 0.007 -6"><span class='ocrx_word' id='word_1_372' title='bbox 994 1425 1063 1457; x_wconf 89' lang='lat' dir='ltr'>dici</span> <span class='ocrx_word' id='word_1_373' title='bbox 1080 1425 1181 1458; x_wconf 90' lang='lat' dir='ltr'>volo.’</span> <span class='ocrx_word' id='word_1_374' title='bbox 1211 1427 1285 1459; x_wconf 90' lang='lat' dir='ltr'>Cic.</span> <span class='ocrx_word' id='word_1_375' title='bbox 1302 1426 1379 1460; x_wconf 82' lang='lat' dir='ltr'>Att.</span> <span class='ocrx_word' id='word_1_376' title='bbox 1396 1437 1439 1460; x_wconf 87' lang='lat'>11.</span> <span class='ocrx_word' id='word_1_377' title='bbox 1461 1428 1472 1446; x_wconf 88' lang='lat'>‘</span> <span class='ocrx_word' id='word_1_378' title='bbox 1484 1427 1563 1461; x_wconf 75' lang='lat' dir='ltr'>Misi</span> <span class='ocrx_word' id='word_1_379' title='bbox 1574 1427 1700 1462; x_wconf 82' lang='lat' dir='ltr'>librum</span> 
     </span>
     <span class='ocr_line' id='line_1_72' title="bbox 994 1475 1701 1517; baseline 0.007 -9"><span class='ocrx_word' id='word_1_380' title='bbox 994 1475 1038 1508; x_wconf 84' lang='lat' dir='ltr'>ad</span> <span class='ocrx_word' id='word_1_381' title='bbox 1053 1477 1223 1517; x_wconf 86' lang='lat' dir='ltr'>Muscam,</span> <span class='ocrx_word' id='word_1_382' title='bbox 1249 1482 1288 1509; x_wconf 83' lang='lat' dir='ltr'>ut</span> <span class='ocrx_word' id='word_1_383' title='bbox 1314 1477 1383 1510; x_wconf 84' lang='lat' dir='ltr'>tuis</span> <span class='ocrx_word' id='word_1_384' title='bbox 1400 1478 1558 1512; x_wconf 74' lang='lat' dir='ltr'>vlibrariis</span> <span class='ocrx_word' id='word_1_385' title='bbox 1587 1479 1701 1513; x_wconf 79' lang='lat' dir='ltr'>daret.</span> 
     </span>
     <span class='ocr_line' id='line_1_73' title="bbox 993 1529 1622 1572; baseline 0.008 -12"><span class='ocrx_word' id='word_1_386' title='bbox 993 1529 1081 1561; x_wconf 90' lang='lat' dir='ltr'>Volo</span> <span class='ocrx_word' id='word_1_387' title='bbox 1097 1529 1189 1561; x_wconf 89' lang='lat' dir='ltr'>enim</span> <span class='ocrx_word' id='word_1_388' title='bbox 1204 1538 1283 1561; x_wconf 91' lang='lat' dir='ltr'>eum</span> <span class='ocrx_word' id='word_1_389' title='bbox 1298 1529 1491 1572; x_wconf 58' lang='lat' dir='ltr'>divulgari)</span> <span class='ocrx_word' id='word_1_390' title='bbox 1513 1530 1622 1571; x_wconf 77' lang='lat' dir='ltr'>Schef.</span> 
     </span>
    </p>

    <p class='ocr_par' dir='ltr' id='par_1_15' title="bbox 994 1580 1704 1722">
     <span class='ocr_line' id='line_1_74' title="bbox 1035 1580 1704 1624; baseline 0.004 -12"><span class='ocrx_word' id='word_1_391' title='bbox 1035 1580 1113 1613; x_wconf 82' lang='lat' dir='ltr'>Jam</span> <span class='ocrx_word' id='word_1_392' title='bbox 1126 1580 1222 1622; x_wconf 81' lang='lat' dir='ltr'>nunc]</span> <span class='ocrx_word' id='word_1_393' title='bbox 1245 1580 1381 1613; x_wconf 79' lang='lat' dir='ltr'>Statim.</span> <span class='ocrx_word' id='word_1_394' title='bbox 1405 1581 1505 1623; x_wconf 77' lang='lat' dir='ltr'>Virg.</span> <span class='ocrx_word' id='word_1_395' title='bbox 1532 1582 1661 1624; x_wconf 75' lang='lat' dir='ltr'>Georg.</span> <span class='ocrx_word' id='word_1_396' title='bbox 1679 1591 1704 1615; x_wconf 80' lang='grc' dir='ltr'>ι.</span> 
     </span>
     <span class='ocr_line' id='line_1_75' title="bbox 994 1631 1702 1673; baseline 0.001 -9"><span class='ocrx_word' id='word_1_397' title='bbox 994 1634 1026 1664; x_wconf 88' lang='grc'>9.</span> <span class='ocrx_word' id='word_1_398' title='bbox 1071 1631 1081 1650; x_wconf 91' lang='lat'>‘</span> <span class='ocrx_word' id='word_1_399' title='bbox 1094 1632 1139 1664; x_wconf 84' lang='lat' dir='ltr'>Et</span> <span class='ocrx_word' id='word_1_400' title='bbox 1163 1631 1253 1664; x_wconf 86' lang='lat' dir='ltr'>votis</span> <span class='ocrx_word' id='word_1_401' title='bbox 1272 1631 1348 1673; x_wconf 79' lang='lat' dir='ltr'>jam</span> <span class='ocrx_word' id='word_1_402' title='bbox 1363 1640 1456 1664; x_wconf 88' lang='lat' dir='ltr'>nnnc</span> <span class='ocrx_word' id='word_1_403' title='bbox 1471 1638 1628 1665; x_wconf 79' lang='lat' dir='ltr'>assuesce</span> <span class='ocrx_word' id='word_1_404' title='bbox 1643 1640 1702 1665; x_wconf 82' lang='lat' dir='ltr'>vo-</span> 
     </span>
     <span class='ocr_line' id='line_1_76' title="bbox 995 1681 1655 1722; baseline 0 -7"><span class='ocrx_word' id='word_1_405' title='bbox 995 1681 1092 1716; x_wconf 63' lang='lat' dir='ltr'>cari?</span> <span class='ocrx_word' id='word_1_406' title='bbox 1117 1682 1222 1722; x_wconf 78' lang='lat' dir='ltr'>Schef.</span> <span class='ocrx_word' id='word_1_407' title='bbox 1652 1688 1655 1695; x_wconf 79' lang='lat'><strong><em>‘</em></strong></span> 
     </span>
    </p>

    <p class='ocr_par' dir='ltr' id='par_1_16' title="bbox 996 1733 1707 2632">
     <span class='ocr_line' id='line_1_77' title="bbox 1039 1733 1703 1775; baseline 0.003 -10"><span class='ocrx_word' id='word_1_408' title='bbox 1039 1737 1059 1766; x_wconf 88' lang='lat'>8</span> <span class='ocrx_word' id='word_1_409' title='bbox 1074 1734 1200 1766; x_wconf 79' lang='lat' dir='ltr'>Invenit</span> <span class='ocrx_word' id='word_1_410' title='bbox 1211 1733 1279 1775; x_wconf 84' lang='lat' dir='ltr'>ille]</span> <span class='ocrx_word' id='word_1_411' title='bbox 1292 1733 1348 1767; x_wconf 87' lang='lat' dir='ltr'>Sic</span> <span class='ocrx_word' id='word_1_412' title='bbox 1357 1733 1402 1767; x_wconf 89' lang='lat' dir='ltr'>de</span> <span class='ocrx_word' id='word_1_413' title='bbox 1413 1734 1567 1768; x_wconf 86' lang='lat' dir='ltr'>Homero</span> <span class='ocrx_word' id='word_1_414' title='bbox 1576 1739 1613 1768; x_wconf 81' lang='lat' dir='ltr'>et</span> <span class='ocrx_word' id='word_1_415' title='bbox 1622 1735 1703 1769; x_wconf 83' lang='lat' dir='ltr'>vir-</span> 
     </span>
     <span class='ocr_line' id='line_1_78' title="bbox 996 1776 1702 1826; baseline 0.004 -11"><span class='ocrx_word' id='word_1_416' title='bbox 996 1784 1091 1826; x_wconf 85' lang='lat' dir='ltr'>gilio,</span> <span class='ocrx_word' id='word_1_417' title='bbox 1107 1788 1143 1816; x_wconf 89' lang='lat' dir='ltr'>et</span> <span class='ocrx_word' id='word_1_418' title='bbox 1159 1782 1234 1816; x_wconf 82' lang='lat' dir='ltr'>fere</span> <span class='ocrx_word' id='word_1_419' title='bbox 1247 1785 1281 1816; x_wconf 90' lang='lat' dir='ltr'>in</span> <span class='ocrx_word' id='word_1_420' title='bbox 1295 1785 1490 1817; x_wconf 86' lang='lat' dir='ltr'>universum</span> <span class='ocrx_word' id='word_1_421' title='bbox 1506 1782 1551 1818; x_wconf 88' lang='lat' dir='ltr'>de</span> <span class='ocrx_word' id='word_1_422' title='bbox 1567 1776 1702 1819; x_wconf 68' lang='lat' dir='ltr'>dtaecis</span> 
     </span>
     <span class='ocr_line' id='line_1_79' title="bbox 996 1836 1704 1880; baseline 0.004 -13"><span class='ocrx_word' id='word_1_423' title='bbox 996 1840 1033 1868; x_wconf 90' lang='lat' dir='ltr'>et</span> <span class='ocrx_word' id='word_1_424' title='bbox 1042 1836 1172 1868; x_wconf 86' lang='lat' dir='ltr'>Latinis</span> <span class='ocrx_word' id='word_1_425' title='bbox 1183 1836 1308 1868; x_wconf 88' lang='lat' dir='ltr'>eruditi</span> <span class='ocrx_word' id='word_1_426' title='bbox 1313 1836 1486 1878; x_wconf 87' lang='lat' dir='ltr'>judicant.</span> <span class='ocrx_word' id='word_1_427' title='bbox 1511 1837 1567 1870; x_wconf 89' lang='lat' dir='ltr'>De</span> <span class='ocrx_word' id='word_1_428' title='bbox 1575 1836 1704 1880; x_wconf 79' lang='lat' dir='ltr'>Philip-</span> 
     </span>
     <span class='ocr_line' id='line_1_80' title="bbox 996 1885 1704 1928; baseline 0.004 -11"><span class='ocrx_word' id='word_1_429' title='bbox 996 1895 1041 1927; x_wconf 94' lang='lat' dir='ltr'>po</span> <span class='ocrx_word' id='word_1_430' title='bbox 1056 1886 1150 1918; x_wconf 88' lang='lat' dir='ltr'>Mac.</span> <span class='ocrx_word' id='word_1_431' title='bbox 1162 1890 1199 1918; x_wconf 91' lang='lat' dir='ltr'>et</span> <span class='ocrx_word' id='word_1_432' title='bbox 1210 1885 1410 1918; x_wconf 86' lang='lat' dir='ltr'>Alexandro</span> <span class='ocrx_word' id='word_1_433' title='bbox 1421 1887 1472 1919; x_wconf 92' lang='lat' dir='ltr'>M.</span> <span class='ocrx_word' id='word_1_434' title='bbox 1484 1887 1704 1928; x_wconf 73' lang='lat' dir='ltr'>Epitomstor</span> 
     </span>
     <span class='ocr_line' id='line_1_81' title="bbox 997 1937 1704 1981; baseline 0.004 -11"><span class='ocrx_word' id='word_1_435' title='bbox 997 1939 1106 1981; x_wconf 85' lang='lat' dir='ltr'>Trogi</span> <span class='ocrx_word' id='word_1_436' title='bbox 1121 1948 1172 1972; x_wconf 75' lang='lat' dir='ltr'>lx.</span> <span class='ocrx_word' id='word_1_437' title='bbox 1189 1941 1221 1972; x_wconf 87' lang='grc'>8.</span> <span class='ocrx_word' id='word_1_438' title='bbox 1240 1941 1276 1971; x_wconf 78' lang='lat'>2.</span> <span class='ocrx_word' id='word_1_439' title='bbox 1299 1939 1309 1956; x_wconf 90' lang='lat'>‘</span> <span class='ocrx_word' id='word_1_440' title='bbox 1320 1938 1466 1981; x_wconf 90' lang='lat' dir='ltr'>Imperii</span> <span class='ocrx_word' id='word_1_441' title='bbox 1480 1937 1704 1979; x_wconf 71' lang='lat' dir='ltr'>fundamenta</span> 
     </span>
     <span class='ocr_line' id='line_1_82' title="bbox 997 1989 1703 2031; baseline 0.006 -10"><span class='ocrx_word' id='word_1_442' title='bbox 997 1994 1097 2031; x_wconf 82' lang='lat' dir='ltr'>pater</span> <span class='ocrx_word' id='word_1_443' title='bbox 1105 1989 1208 2031; x_wconf 89' lang='lat' dir='ltr'>jecit,</span> <span class='ocrx_word' id='word_1_444' title='bbox 1221 1989 1335 2031; x_wconf 88' lang='lat' dir='ltr'>operis</span> <span class='ocrx_word' id='word_1_445' title='bbox 1356 1989 1464 2022; x_wconf 85' lang='lat' dir='ltr'>totius</span> <span class='ocrx_word' id='word_1_446' title='bbox 1480 1990 1624 2031; x_wconf 80' lang='lat' dir='ltr'>gloriam</span> <span class='ocrx_word' id='word_1_447' title='bbox 1638 1990 1703 2025; x_wconf 83' lang='lat' dir='ltr'>ffli-</span> 
     </span>
     <span class='ocr_line' id='line_1_83' title="bbox 997 2040 1702 2083; baseline 0.004 -11"><span class='ocrx_word' id='word_1_448' title='bbox 997 2050 1038 2072; x_wconf 86' lang='lat' dir='ltr'>us</span> <span class='ocrx_word' id='word_1_449' title='bbox 1054 2040 1320 2073; x_wconf 65' lang='lat' dir='ltr'>consummavit?</span> <span class='ocrx_word' id='word_1_450' title='bbox 1365 2040 1547 2082; x_wconf 86' lang='lat' dir='ltr'>Nimirum,</span> <span class='ocrx_word' id='word_1_451' title='bbox 1562 2051 1620 2083; x_wconf 90' lang='lat' dir='ltr'>ne,</span> <span class='ocrx_word' id='word_1_452' title='bbox 1635 2051 1702 2075; x_wconf 85' lang='lat' dir='ltr'>uno</span> 
     </span>
     <span class='ocr_line' id='line_1_84' title="bbox 999 2091 1706 2134; baseline 0.006 -11"><span class='ocrx_word' id='word_1_453' title='bbox 999 2101 1134 2124; x_wconf 90' lang='lat' dir='ltr'>omnem</span> <span class='ocrx_word' id='word_1_454' title='bbox 1157 2091 1297 2134; x_wconf 85' lang='lat' dir='ltr'>gloriam</span> <span class='ocrx_word' id='word_1_455' title='bbox 1322 2095 1531 2134; x_wconf 83' lang='lat' dir='ltr'>occupante,</span> <span class='ocrx_word' id='word_1_456' title='bbox 1546 2094 1602 2126; x_wconf 83' lang='lat' dir='ltr'>vel</span> <span class='ocrx_word' id='word_1_457' title='bbox 1617 2093 1706 2127; x_wconf 79' lang='lat' dir='ltr'>inso-</span> 
     </span>
     <span class='ocr_line' id='line_1_85' title="bbox 1000 2143 1705 2185; baseline 0.004 -10"><span class='ocrx_word' id='word_1_458' title='bbox 1000 2143 1106 2175; x_wconf 85' lang='lat' dir='ltr'>lentia</span> <span class='ocrx_word' id='word_1_459' title='bbox 1134 2146 1352 2185; x_wconf 85' lang='lat' dir='ltr'>sequeretur,</span> <span class='ocrx_word' id='word_1_460' title='bbox 1377 2145 1432 2176; x_wconf 84' lang='lat' dir='ltr'>vel</span> <span class='ocrx_word' id='word_1_461' title='bbox 1458 2145 1516 2177; x_wconf 78' lang='lat' dir='ltr'>alii</span> <span class='ocrx_word' id='word_1_462' title='bbox 1531 2155 1552 2177; x_wconf 79' lang='lat' dir='ltr'>a</span> <span class='ocrx_word' id='word_1_463' title='bbox 1566 2145 1705 2178; x_wconf 68' lang='lat' dir='ltr'>virtutis</span> 
     </span>
     <span class='ocr_line' id='line_1_86' title="bbox 999 2193 1705 2236; baseline 0.004 -11"><span class='ocrx_word' id='word_1_464' title='bbox 999 2193 1143 2236; x_wconf 87' lang='lat' dir='ltr'>praemio</span> <span class='ocrx_word' id='word_1_465' title='bbox 1159 2194 1438 2234; x_wconf 85' lang='lat' dir='ltr'>excluderentur,</span> <span class='ocrx_word' id='word_1_466' title='bbox 1449 2195 1497 2228; x_wconf 90' lang='lat' dir='ltr'>sic</span> <span class='ocrx_word' id='word_1_467' title='bbox 1510 2195 1623 2228; x_wconf 79' lang='lat' dir='ltr'>omnia</span> <span class='ocrx_word' id='word_1_468' title='bbox 1637 2195 1705 2228; x_wconf 83' lang='lat' dir='ltr'>dis-</span> 
     </span>
     <span class='ocr_line' id='line_1_87' title="bbox 1000 2245 1705 2290; baseline 0.006 -14"><span class='ocrx_word' id='word_1_469' title='bbox 1000 2249 1123 2287; x_wconf 85' lang='lat' dir='ltr'>pensat</span> <span class='ocrx_word' id='word_1_470' title='bbox 1144 2255 1258 2277; x_wconf 85' lang='lat' dir='ltr'>rerum</span> <span class='ocrx_word' id='word_1_471' title='bbox 1274 2245 1495 2288; x_wconf 86' lang='lat' dir='ltr'>gubernator,</span> <span class='ocrx_word' id='word_1_472' title='bbox 1517 2251 1557 2279; x_wconf 92' lang='lat' dir='ltr'>ut</span> <span class='ocrx_word' id='word_1_473' title='bbox 1577 2247 1612 2279; x_wconf 90' lang='lat' dir='ltr'>in</span> <span class='ocrx_word' id='word_1_474' title='bbox 1626 2257 1705 2290; x_wconf 85' lang='lat' dir='ltr'>par-</span> 
     </span>
     <span class='ocr_line' id='line_1_88' title="bbox 1002 2296 1704 2341; baseline 0.006 -14"><span class='ocrx_word' id='word_1_475' title='bbox 1002 2301 1070 2327; x_wconf 86' lang='lat' dir='ltr'>tem</span> <span class='ocrx_word' id='word_1_476' title='bbox 1087 2296 1206 2337; x_wconf 78' lang='lat' dir='ltr'>gloriae</span> <span class='ocrx_word' id='word_1_477' title='bbox 1222 2297 1337 2337; x_wconf 86' lang='lat' dir='ltr'>plures</span> <span class='ocrx_word' id='word_1_478' title='bbox 1358 2297 1510 2336; x_wconf 84' lang='lat' dir='ltr'>veniant,</span> <span class='ocrx_word' id='word_1_479' title='bbox 1534 2307 1704 2341; x_wconf 84' lang='lat' dir='ltr'>nemoque</span> 
     </span>
     <span class='ocr_line' id='line_1_89' title="bbox 999 2346 1704 2391; baseline 0.004 -13"><span class='ocrx_word' id='word_1_480' title='bbox 999 2356 1086 2379; x_wconf 89' lang='lat' dir='ltr'>unus</span> <span class='ocrx_word' id='word_1_481' title='bbox 1097 2346 1207 2378; x_wconf 90' lang='lat' dir='ltr'>eidem</span> <span class='ocrx_word' id='word_1_482' title='bbox 1220 2346 1314 2388; x_wconf 87' lang='lat' dir='ltr'>operi</span> <span class='ocrx_word' id='word_1_483' title='bbox 1327 2346 1469 2388; x_wconf 86' lang='lat' dir='ltr'>primam</span> <span class='ocrx_word' id='word_1_484' title='bbox 1481 2347 1704 2391; x_wconf 79' lang='lat' dir='ltr'>ultimamque</span> 
     </span>
     <span class='ocr_line' id='line_1_90' title="bbox 999 2397 1705 2438; baseline 0.003 -9"><span class='ocrx_word' id='word_1_485' title='bbox 999 2407 1135 2429; x_wconf 84' lang='lat' dir='ltr'>manum</span> <span class='ocrx_word' id='word_1_486' title='bbox 1159 2397 1325 2438; x_wconf 85' lang='lat' dir='ltr'>imponat.</span> <span class='ocrx_word' id='word_1_487' title='bbox 1371 2397 1459 2431; x_wconf 79' lang='lat' dir='ltr'>Quae</span> <span class='ocrx_word' id='word_1_488' title='bbox 1487 2407 1541 2430; x_wconf 83' lang='lat' dir='ltr'>res</span> <span class='ocrx_word' id='word_1_489' title='bbox 1570 2398 1705 2431; x_wconf 82' lang='lat' dir='ltr'>littera-</span> 
     </span>
     <span class='ocr_line' id='line_1_91' title="bbox 1001 2446 1707 2490; baseline 0 -10"><span class='ocrx_word' id='word_1_490' title='bbox 1001 2458 1075 2480; x_wconf 89' lang='lat' dir='ltr'>rum</span> <span class='ocrx_word' id='word_1_491' title='bbox 1085 2447 1253 2480; x_wconf 85' lang='lat' dir='ltr'>studiosos</span> <span class='ocrx_word' id='word_1_492' title='bbox 1265 2447 1308 2479; x_wconf 84' lang='lat' dir='ltr'>ad</span> <span class='ocrx_word' id='word_1_493' title='bbox 1321 2446 1537 2489; x_wconf 74' lang='lat' dir='ltr'>industriam,</span> <span class='ocrx_word' id='word_1_494' title='bbox 1549 2452 1586 2481; x_wconf 89' lang='lat' dir='ltr'>et</span> <span class='ocrx_word' id='word_1_495' title='bbox 1597 2457 1707 2490; x_wconf 87' lang='lat' dir='ltr'>spem,</span> 
     </span>
     <span class='ocr_line' id='line_1_92' title="bbox 1000 2496 1704 2540; baseline 0 -10"><span class='ocrx_word' id='word_1_496' title='bbox 1000 2503 1036 2530; x_wconf 91' lang='lat' dir='ltr'>et</span> <span class='ocrx_word' id='word_1_497' title='bbox 1044 2498 1211 2540; x_wconf 89' lang='lat' dir='ltr'>judicium</span> <span class='ocrx_word' id='word_1_498' title='bbox 1228 2498 1262 2529; x_wconf 87' lang='lat' dir='ltr'>in</span> <span class='ocrx_word' id='word_1_499' title='bbox 1279 2497 1465 2539; x_wconf 88' lang='lat' dir='ltr'>deligendo</span> <span class='ocrx_word' id='word_1_500' title='bbox 1481 2503 1579 2531; x_wconf 87' lang='lat' dir='ltr'>certo</span> <span class='ocrx_word' id='word_1_501' title='bbox 1595 2496 1704 2530; x_wconf 83' lang='lat' dir='ltr'>studi-</span> 
     </span>
     <span class='ocr_line' id='line_1_93' title="bbox 1001 2547 1704 2591; baseline 0.003 -11"><span class='ocrx_word' id='word_1_502' title='bbox 1001 2559 1096 2581; x_wconf 88' lang='lat' dir='ltr'>orum</span> <span class='ocrx_word' id='word_1_503' title='bbox 1123 2558 1250 2591; x_wconf 83' lang='lat' dir='ltr'>genere</span> <span class='ocrx_word' id='word_1_504' title='bbox 1277 2549 1432 2580; x_wconf 86' lang='lat' dir='ltr'>excitare</span> <span class='ocrx_word' id='word_1_505' title='bbox 1459 2548 1575 2580; x_wconf 89' lang='lat' dir='ltr'>debet.</span> <span class='ocrx_word' id='word_1_506' title='bbox 1605 2547 1704 2582; x_wconf 85' lang='lat' dir='ltr'>Conf.</span> 
     </span>
     <span class='ocr_line' id='line_1_94' title="bbox 999 2599 1596 2632; baseline 0 0"><span class='ocrx_word' id='word_1_507' title='bbox 999 2600 1132 2632; x_wconf 87' lang='lat' dir='ltr'>Seneca</span> <span class='ocrx_word' id='word_1_508' title='bbox 1146 2600 1230 2631; x_wconf 79' lang='lat' dir='ltr'>Nat.</span> <span class='ocrx_word' id='word_1_509' title='bbox 1247 2599 1312 2632; x_wconf 83' lang='lat' dir='ltr'>Qu.</span> <span class='ocrx_word' id='word_1_510' title='bbox 1329 2608 1395 2632; x_wconf 84' lang='lat' dir='ltr'>vn.</span> <span class='ocrx_word' id='word_1_511' title='bbox 1410 2601 1463 2632; x_wconf 70' lang='lat'>31.</span> <span class='ocrx_word' id='word_1_512' title='bbox 1487 2599 1596 2632; x_wconf 62' lang='lat' dir='ltr'>Prone.</span> 
     </span>
    </p>

    <p class='ocr_par' dir='ltr' id='par_1_17' title="bbox 1001 2648 1703 2739">
     <span class='ocr_line' id='line_1_95' title="bbox 1043 2648 1703 2690; baseline 0.003 -10"><span class='ocrx_word' id='word_1_513' title='bbox 1043 2648 1118 2690; x_wconf 83' lang='lat' dir='ltr'>Ille]</span> <span class='ocrx_word' id='word_1_514' title='bbox 1139 2649 1296 2690; x_wconf 87' lang='lat' dir='ltr'>AEsopus.</span> <span class='ocrx_word' id='word_1_515' title='bbox 1329 2648 1458 2681; x_wconf 78' lang='lat' dir='ltr'>Similia</span> <span class='ocrx_word' id='word_1_516' title='bbox 1482 2649 1534 2682; x_wconf 84' lang='lat' dir='ltr'>his</span> <span class='ocrx_word' id='word_1_517' title='bbox 1557 2648 1639 2682; x_wconf 76' lang='lat' dir='ltr'>alibi</span> <span class='ocrx_word' id='word_1_518' title='bbox 1655 2649 1703 2682; x_wconf 86' lang='lat' dir='ltr'>in-</span> 
     </span>
     <span class='ocr_line' id='line_1_96' title="bbox 1001 2698 1253 2739; baseline -0.008 -7"><span class='ocrx_word' id='word_1_519' title='bbox 1001 2701 1128 2733; x_wconf 80' lang='lat' dir='ltr'>culcat.</span> <span class='ocrx_word' id='word_1_520' title='bbox 1149 2698 1253 2739; x_wconf 69' lang='lat' dir='ltr'>Senes.</span> 
     </span>
    </p>
   </div>
  </div>
 </body>
</html>
