1806 3236
336 215 539 249 ramniu
573 215 686 248 ΕΑΒ.
719 214 1025 249 AESOPIARUM
1060 215 1159 248 mn.
1195 215 1238 249 v.
1269 205 1342 248 10.

94 312 177 357 quod
189 321 317 357 sauss:
339 315 505 346 mouente
520 311 557 346 id
571 312 677 346 etiam
692 312 812 356 Rigal-

93 366 157 400 'tio-
194 364 337 410 Syllaba
361 367 446 400 vero
469 366 570 400 deest
596 366 726 409 versui,
753 365 810 399 cui

90 416 267 459 laboranti
288 421 328 463 ut
347 418 532 452 subveniat
558 418 725 461 Pithoeus,
748 427 810 453 ne-

91 469 245 513 gativam
259 469 413 513 intrusit,
423 471 504 513 quod
518 480 581 503 non
595 481 713 504 sumus.
750 470 809 504 In·

87 518 241 559 feliciter
270 525 370 556 tanto
399 522 523 565 magis,
547 522 641 566 quod
669 522 744 556 aliis
770 523 806 556 id

88 570 205 606 fraudi
220 570 341 606 fuerit.
381 573 477 607 Hinc
491 573 583 606 enim
600 574 804 616 conjecere:

88 624 170 666 quod
183 633 379 663 mauman
393 634 462 657 non
475 623 806 667 animadvertentes,

88 673 181 718 quod
196 674 368 718 Rigaltius
380 679 495 708 tamen
510 680 706 718 monuerat,
720 676 804 710 illud

83 735 151 758 non
165 725 288 759 abesse
303 736 324 759 a
339 726 519 760 veteribus
535 727 677 770 scriptis
695 727 805 760 libris.

87 776 161 810 Sed
177 781 353 820 praterea
377 778 484 811 etiam
511 787 632 811 sensus
654 778 803 821 laborat,

85 827 117 861 si
131 828 379 872 antecedentia
393 828 623 862 conferamus.
645 829 803 863 Venator

83 879 227 914 minime
253 880 288 914 in
317 890 404 914 cane
430 882 564 924 laudat,
593 882 686 926 quod
712 882 802 925 fuit3

78 931 146 965 sed
170 933 276 976 plane
293 938 450 967 veterum
465 933 668 967 meritorum
683 935 802 968 imme-

43 984 63 996 “
82 993 171 1029 mor,
195 994 318 1018 canem
348 985 583 1028 objurgabat;
627 986 800 1029 quomodo

82 1044 167 1078 ergo
181 1035 330 1070 dixisset
343 1037 459 1070 canis:
489 1037 583 1074 Quod
589 1036 716 1077 fuimus
731 1039 800 1070 lau·

76 1083 164 1121 das?
196 1086 273 1120 Imo
306 1098 391 1121 vero
421 1088 560 1122 domino
588 1098 651 1121 suo
681 1088 799 1131 potius

78 1137 230 1171 animum
245 1138 420 1182 ingratum
437 1143 543 1182 atque
563 1139 797 1173 immemorem

78 1189 310 1232 exprobrare,
325 1196 430 1234 atque
446 1191 496 1233 id,
509 1191 602 1235 qnod
613 1191 693 1225 olim
715 1191 798 1225 viri·

79 1240 144 1274 bus
169 1241 289 1278 valens
322 1241 549 1285 praestiterat,
577 1242 795 1275 in‘animum

77 1301 245 1327 revocare
293 1292 459 1327 deficiens
508 1302 616 1336 senex
663 1294 795 1328 volens.

72 1342 199 1378 Scribe
225 1343 346 1388 itaque
373 1355 452 1378 meo
478 1346 658 1388 periculo:
700 1347 795 1384 Quod

68 1394 196 1435 fuimus
218 1395 325 1437 laada,
346 1396 376 1429 si
392 1396 466 1438 jum
490 1398 623 1431 damnas
640 1398 722 1440 quoa
740 1408 793 1430 su·

70 1456 156 1482 Qmus
199 1447 261 1480 Sic
279 1457 350 1480 non
372 1451 508 1482 tantum
531 1448 648 1481 versui
673 1458 792 1482 nume-

75 1507 148 1540 rus,
160 1498 224 1532 sed
240 1498 356 1532 verbis
366 1499 466 1542 fides,
477 1503 515 1532 et
527 1501 686 1533 veritatis
701 1501 792 1534 ratio

74 1548 263 1583 constabit.
308 1550 416 1583 Error
431 1555 534 1584 natus
548 1561 592 1584 ex
604 1551 791 1595 scripturae

75 1601 294 1644 compendio,
318 1601 411 1644 quod
449 1602 486 1634 in
513 1602 666 1646 antiquis
695 1603 791 1636 libris

73 1662 143 1686 uno
171 1652 280 1687 ductu
310 1653 442 1697 absque
469 1654 575 1697 spatii
604 1654 791 1689 intervallo

71 1705 287 1739 continuatis
325 1705 438 1739 literis
484 1706 652 1749 scriptum
697 1704 788 1740 fuitt

70 1763 300 1791 nannum.
338 1757 530 1799 Librarius,
544 1767 612 1790 non
635 1758 790 1791 animad-

74 1812 216 1843 vertens
233 1809 476 1852 geminandum
492 1819 568 1842 esse
586 1809 673 1842 illud
685 1810 718 1852 1,
742 1820 789 1844 ex

68 1859 182 1895 tribus
208 1860 370 1903 vocibus,
397 1861 492 1894 lauda
527 1860 557 1894 si
587 1861 671 1903 jam,
700 1860 788 1895 fecit

68 1911 299 1955 dun-,laudas
311 1912 384 1953 jam
395 1923 409 1952 ,·
440 1922 549 1956 eoque
569 1922 637 1946 nno
656 1923 787 1958 *errore

69 1967 108 1998 et
121 1967 270 2005 metrum
282 1970 319 1997 et
335 1973 474 1997 sensum
492 1964 657 1997 turbavit.
682 1965 769 1997 (ἕνα.

111 2015 191 2048 Jam
213 2016 344 2049 damnas
363 2016 446 2058 quoa
466 2025 528 2047 non
542 2013 664 2055 sumus]
702 2015 786 2048 For-

67 2071 162 2101 tasse
183 2066 353 2100 Phaedrus
378 2066 572 2109 scriperat:
596 2066 673 2098 Jam
696 2067 785 2098 dam·

67 2129 127 2155 aas
141 2118 177 2152 id
190 2118 271 2162 quod
284 2127 400 2151 sumus.
425 2117 510 2160 Rig.

47 2191 50 2196 ·
111 2173 153 2204 lo
176 2170 250 2204 Hoc
269 2180 336 2213 cur,
358 2170 497 2212 Philae,
515 2168 710 2212 scripserim]
740 2168 785 2202 In

64 2222 219 2266 antiquis
234 2220 518 2264 inscriptionibus
532 2220 716 2263 aliquoties
733 2229 785 2252 re-

64 2273 214 2317 peritur,
228 2273 416 2307 Pmmrus
431 2273 511 2305 Lm.
533 2276 570 2305 et
589 2273 638 2305 ita
660 2271 783 2304 scribi-

65 2328 124 2358 tur
149 2324 187 2357 in
218 2323 348 2357 Codice
374 2323 554 2364 Remensi‚
576 2322 637 2355 sed
663 2331 782 2355 recen—

64 2376 154 2410 tiore
172 2386 276 2410 manu
292 2375 510 2419 superlitum,
531 2374 600 2408 Fili
612 2374 782 2416 descripse-

66 2438 142 2462 nm.
174 2427 252 2470 Rig.

108 2471 182 2505 Hoc
203 2481 261 2505 cur
288 2469 485 2514 scripserim]
533 2470 672 2512 Nempe
700 2468 783 2512 quia

1488 205 1575 249 ⁸701

861 321 970 345 senex
981 321 1068 356 sum,
1083 315 1120 345 et
1142 318 1309 345 annorum
1341 309 1576 354 depraedatio-

858 373 939 397 nem
954 373 996 397 ac
1012 363 1139 397 damna
1154 363 1279 397 sentio.
1326 362 1386 397 Sic
1411 366 1449 395 et
1469 369 1577 406 supra

857 415 1046 462 aliquoties
1061 415 1106 449 de
1128 419 1311 449 senectute
1325 425 1387 448 sua
1403 414 1575 449 Phaedrus

857 467 1034 500 meminit.
1070 467 1122 500 uti
1153 471 1190 500 et
1219 466 1264 501 de
1295 466 1574 501 adversariorum

855 529 994 552 suorum
1022 519 1220 563 iniquitate.
1272 517 1331 553 De
1360 523 1508 563 utraque
1536 521 1575 552 et

854 570 910 604 hic
925 571 1091 603 nonnulla
1102 571 1296 614 «subjecisse
1317 570 1469 613 videtur,
1494 575 1573 615 quae

854 623 996 665 periisse
1027 623 1185 657 indicant
1214 623 1384 657 asterisci.
1429 623 1501 657 Sed
1527 622 1574 656 ad

853 673 1049 717 hujusmodi
1066 674 1225 717 querelas
1246 674 1438 708 senectutis
1455 683 1573 708 omues

853 729 951 758 reete
966 719 1191 768 usurpabitur
1207 725 1266 758 ille
1282 725 1399 758 Publii
1414 725 1494 768 Syri
1510 725 1573 758 mi-

852 786 950 809 mus:
990 777 1000 795 ‘
1024 776 1178 818 Frustra,
1208 787 1286 809 cum
1316 776 1360 809 ad
1392 781 1572 810 senectam

854 831 995 860 ventum
1016 832 1082 870 est,
1109 832 1247 871 repetas
1273 827 1571 861 adolescentiam!

851 879 1014 923 -Atque
1043 881 1120 914 haec
1147 881 1192 914 ad
1229 881 1321 914 hunc
1355 881 1495 915 modum
1534 882 1570 915 in

853 931 994 964 Phaedri
1010 930 1157 965 fabellas
1173 933 1433 966 commentabar
1448 933 1570 976 paucis

850 981 957 1017 horis.
1001 983 1080 1016 Nec
1106 993 1161 1016 me
1188 984 1288 1026 hujus
1309 984 1438 1018 laboris
1460 984 1570 1027 poeni-

852 1037 927 1067 tet:
952 1043 1064 1078 neque
1077 1034 1106 1067 is
1122 1045 1143 1067 a
1157 1035 1253 1069 Jnris
1270 1034 1469 1077 professore
1485 1036 1570 1069 alie-

849 1095 914 1119 nus
926 1086 1086 1129 cuiquam
1105 1086 1217 1119 videri
1232 1086 1352 1119 debet.
1377 1087 1458 1121 Jam
1475 1087 1567 1119 enim

847 1136 942 1170 inter
956 1146 1074 1170 omnes
1090 1147 1189 1170 sanos
1205 1137 1568 1180 constitit,Jurispru-

847 1188 976 1222 dentiae
991 1188 1184 1222 studiosum
1199 1192 1363 1231 oportere
1379 1188 1483 1221 etiam
1494 1187 1566 1221 An-

846 1240 1048 1285 tiquitatum
1065 1245 1101 1274 et
1119 1241 1254 1273 Latinae
1276 1241 1405 1283 linguae
1425 1241 1567 1274 minime

845 1293 1004 1336 ignarum
1042 1303 1141 1327 esse:
1186 1303 1331 1337 quarum
1370 1303 1484 1326 rerum
1520 1293 1565 1327 ad

844 1349 1028 1389 utramque
1065 1354 1194 1388 parvus
1230 1344 1287 1377 liic
1321 1344 1460 1377 libellus
1497 1354 1566 1378 non

843 1406 989 1439 parvum
1019 1396 1159 1429 adferre
1185 1400 1400 1428 momentum
1432 1399 1565 1438 potest.

842 1449 982 1481 Deinde
1009 1449 1038 1481 si
1067 1448 1162 1482 Jcto
1190 1447 1362 1489 majorum
1396 1447 1566 1491 gentium,

843 1500 902 1543 qui
929 1500 1021 1533 bunc
1049 1499 1180 1542 primus
1204 1498 1238 1530 in
1265 1499 1379 1530 lucem
1402 1499 1562 1540 protulit,

842 1551 991 1593 gloriosa
1007 1549 1074 1583 fuit
1098 1550 1235 1593 eritque
1261 1559 1400 1591 semper
1425 1549 1562 1591 editi03

841 1602 918 1645 quis
931 1602 1044 1644 nobis,
1061 1601 1231 1634 minorum
1247 1600 1402 1643 gentium
1422 1601 1482 1644 qui
1504 1611 1560 1634 su-

840 1664 929 1696 mus,
946 1653 1272 1686 commentationem
1288 1652 1378 1684 hanc
1401 1656 1437 1684 et
1457 1652 1563 1685 itera-

841 1710 911 1738 tam
928 1704 1118 1737 editionem
1135 1703 1220 1736 vitio
1234 1702 1402 1736 verterit?
1426 1703 1514 1736 Rite.

883 1754 1027 1797 Philete]
1069 1755 1079 1773 ‘
1096 1754 1256 1787 Philetus
1284 1753 1415 1787 Ursus'
1441 1754 1557 1787 Statio

837 1810 1060 1839 memoratus.
1093 1805 1209 1839 Heius.

881 1857 1025 1900 Philete]
1049 1856 1106 1890 Ita
1123 1861 1220 1890 recte
1237 1855 1403 1889 scribitur
1419 1856 1484 1889 boc
1501 1866 1560 1889 no-

837 1920 916 1943 men
931 1921 942 1951 ;
966 1910 1025 1942 alii
1042 1909 1204 1942 scribunt
1230 1909 1344 1950 Fizite,
1358 1908 1451 1952 quod
1467 1913 1523 1941 est
1538 1918 1559 1942 a

836 1961 1014 2003 scriptura.
1037 1960 1143 1993 medii
1166 1960 1244 1993 aevi.
1281 1959 1340 1992 Ita
1356 1961 1365 1979 ‘
1384 1960 1557 1993 Catechu-

836 2012 951 2044 minus
964 2012 987 2052 ;'
1002 2015 1040 2044 et
1056 2011 1150 2054 apud
1167 2012 1293 2054 Optat.
1308 2011 1556 2045 Milevitanum

836 2065 846 2081 ‘
863 2061 1077 2096 Filuminus?
1110 2062 1217 2105 Apud
1242 2063 1346 2095 Grut.
1361 2065 1435 2095 67⁷.
1452 2065 1486 2095 2.
1505 2072 1557 2096 τι.

836 2121 1015 2147 cmvmvs
1032 2122 1222 2147 rnrnmvs.
1255 2114 1303 2146 Et
1327 2120 1408 2156 pag.
1425 2116 1503 2147 852.
1519 2117 1553 2148 4.

834 2166 844 2185 ‘
862 2166 1018 2199 Philetus
1030 2164 1215 2199 Libertus'
1236 2165 1271 2197 in
1291 2165 1411 2208 lapide
1436 2165 1554 2198 Brixi-

834 2217 922 2259 ensi,
936 2216 995 2249 ubi
1017 2226 1039 2249 a
1063 2215 1226 2249 Reinesio
1242 2225 1424 2258 perperam
1441 2216 1553 2259 conji-

833 2267 992 2300 ciebatur
1007 2267 1176 2300 Phileros.-
1200 2267 1323 2300 Filetus
1346 2275 1472 2300 nomen
1487 2277 1551 2301 ‹ac-

833 2319 920 2352 toris
950 2318 986 2351 in
1017 2317 1247 2361 inscriptione
1286 2318 1416 2351 Dacica
1446 2317 1548 2352 Albae

830 2370 948 2412 Juliae,
962 2369 1055 2412 apud
1072 2370 1218 2403 Gruter.
1234 2373 1310 2404 346.
1325 2374 1361 2404 2.
1393 2371 1549 2405 Veletris

831 2425 867 2457 in
883 2424 1083 2467 pavimento
1099 2423 1267 2457 Ecclesiae
1284 2423 1524 2458 cathedralis:

606 2543 642 2568 D.
658 2544 700 2568 Μ.
717 2543 771 2568 CL.
786 2540 1008 2567 vteronnux

441 2599 493 2624 11.
507 2598 561 2623 CI..
576 2598 768 2623 rmnm‘vs.
785 2597 861 2623 un.
875 2593 1164 2622 BENEMERBNTI.

62 2632 161 2692 Vixit
174 2658 232 2692 ille
247 2656 406 2691 Philetus
421 2655 484 2689 sub
500 2654 659 2688 Claudio.

408 2729 548 2754 Pinara.
564 2727 725 2753 Anlsrm.
741 2727 933 2752 Pmm‘rvs.
949 2727 991 2750 M.
1005 2727 1192 2753 Amnum.

568 2784 599 2808 C.
617 2783 803 2810 Avauvs.
822 2784 863 2807 Μ.

464 2839 642 2865 cLAvmvs
659 2838 825 2864 manvu:

880 2781 1042 2807 cumve.

852 2829 996 2863 Gruter.
1011 2830 1089 2861 268.
1108 2831 1138 2859 1.
