1806 3236
189 237 276 280 412

189 345 287 377 nius:
312 345 322 363 ‘
335 344 532 384 Revocare;
558 342 705 385 positum
719 352 779 385 per
791 344 896 385 vices,

188 400 308 429 mutuo
323 394 475 428 vocare!
512 394 634 435 Varro,
648 394 772 435 Sexag.
798 394 809 412 ‘
827 393 897 428 Qui

189 446 287 479 nobis
299 446 538 479 ministrarunt
549 444 648 487 pueri
664 444 785 477 diebus
798 443 896 478 fertis

188 497 282 530 cicer
304 495 428 537 viride,
444 495 503 538 qui
528 505 590 528 nos
612 506 803 538 provocare
818 506 897 530 cum

188 547 351 589 audeant,
365 556 426 579 nos
442 547 518 579 illos
534 556 699 580 revocare
715 547 896 581 timemus:

188 597 322 631 Tullius
347 607 413 639 pro
436 598 517 630 Sex,
543 598 690 631 Roscio:
718 599 728 618 ‘
746 600 896 632 Domum

190 658 285 681 suam
308 648 411 680 istum
431 657 500 681 non
515 647 589 682 fere
603 650 784 692 quisquam
795 659 898 682 voca-

187 699 261 731 bat.
307 699 383 731 Nec
398 699 542 739 mirum;
564 699 623 742 qni
634 709 746 742 neque
759 699 795 732 in
810 699 897 732 urbe

187 749 334 791 viveret,
368 758 481 793 neque
524 754 748 783 revocaturus
783 750 898 783 esset!

186 799 342 831 Verbum
371 803 425 832 est
454 800 498 832 ad
527 801 684 834 convivia
708 801 897 843 pertinens.

185 851 283 883 Bene
299 850 406 883 Dion.
431 850 665 885 Gothofredus
693 851 736 884 ad
753 852 898 895 praedic-

185 905 260 934 tum
287 902 404 935 locum
431 902 556 936 Tullii:
602 903 612 922 ‘
630 903 696 936 Est
721 913 898 946 revocare,

187 961 279 994 eum,
293 962 315 985 a
330 963 398 996 quo
420 953 520 986 hilari
547 954 705 988 convivio
730 959 896 998 acceptus

184 1001 306 1045 fueris,
323 1003 473 1037 vicissim
497 1005 668 1039 invitare!
690 1006 798 1047 Sches.
837 1007 898 1040 Vo-

184 1064 256 1087 care
281 1059 319 1087 et
344 1065 500 1097 revocare,
530 1056 635 1090 verba
657 1058 896 1092 conviviorum

186 1110 266 1138 sunt
275 1105 415 1149 Plauto,
430 1111 467 1140 et
485 1108 585 1153 aliis;
615 1108 708 1141 unde
729 1109 815 1142 illud
831 1110 897 1142 Ca·

186 1155 284 1188 tulli:
322 1157 333 1174 ‘
351 1158 520 1191 Quaerunt
545 1159 580 1191 in
609 1159 720 1192 triviis
742 1161 897 1193 vocatio-

185 1206 271 1241 nes?
305 1207 400 1241 Hine
414 1208 604 1242 Plutarcho
618 1210 745 1243 δείπνων
757 1210 896 1250 κλήσεις.

188 1257 283 1290 Hinc
299 1258 391 1291 servi
413 1261 424 1279 ‘
440 1259 647 1293 Vocatores’
668 1261 704 1294 in
719 1271 795 1296 eam
810 1272 896 1305 rem,

186 1309 280 1350 apud
322 1309 476 1343 Plinium
515 1311 730 1353 Secundum3
767 1313 895 1347 Graece

185 1359 456 1404 δειπνοκλήτορες,
488 1365 526 1395 et
554 1361 716 1406 ἐλέατροι;
763 1374 832 1407 qua
859 1364 896 1397 in

185 1421 275 1445 voce
303 1413 536 1446 emendandus
559 1414 770 1457 Hesychius,
803 1415 895 1457 apud

185 1471 289 1505 quem
323 1464 426 1506 vulgo
456 1464 596 1506 legitur,
630 1463 767 1507 ἑλέατοι,
795 1466 895 1498 male.

184 1513 288 1548 Quod
310 1518 425 1547 autem
445 1515 503 1548 hic
518 1515 686 1549 Phaedms
711 1516 796 1549 dicit
810 1527 896 1549 revo-

183 1574 266 1605 care,
277 1563 313 1597 id
335 1565 477 1607 proprie
491 1565 582 1599 dixit
595 1568 643 1600 D.
661 1568 771 1600 Lucas
786 1567 897 1601 ἀνακω·

182 1616 263 1656 λεῖν,
278 1625 311 1649 c.
327 1619 378 1649 14.
395 1617 487 1659 quod
512 1617 654 1650 verbum
676 1628 719 1650 an
736 1618 818 1651 alibi
845 1629 897 1651 re-

185 1666 291 1707 periri
322 1667 446 1708 possit,
480 1667 611 1701 dubito.
639 1669 755 1702 Faber.
792 1668 895 1702 Adde

184 1719 250 1759 his,
265 1728 341 1762 quoe
358 1720 500 1753 adducit
514 1721 680 1755 Axenins.

227 1769 429 1811 Revocasset]
461 1771 502 1803 Id
526 1776 594 1813 est,
607 1772 734 1804 iterum
749 1771 894 1805 invitas·

183 1823 248 1852 set.
291 1820 351 1852 Sic
375 1821 468 1863 apud
495 1822 714 1854 Lactantium
738 1822 804 1855 hoe
819 1832 896 1855 ver-

184 1869 266 1902 bum
295 1871 443 1904 inveniri
465 1876 567 1904 notat
593 1872 627 1904 in
651 1872 806 1914 margine
820 1872 895 1904 Sal-

182 1922 331 1954 manius:
354 1922 480 1955 Cicero
510 1932 573 1965 pro
613 1923 759 1956 Roscio:
796 1924 896 1956 ‘Do-

183 1981 276 2005 mum
293 1982 389 2005 snam
413 1973 516 2005 istum
540 1982 608 2006 non
623 1972 700 2006 fere
716 1973 894 2017 qnisquam

184 2022 356 2055 vocabat:
392 2033 458 2056 nec
483 2023 635 2064 mirum;
670 2024 730 2066 qui
759 2034 828 2057 non
859 2024 896 2057 in

184 2073 271 2105 urbe
286 2073 433 2113 viveret,
457 2084 522 2107 nec
544 2079 768 2107 revocaturus
784 2075 896 2108 esset?

184 2123 343 2156 Nunnius
357 2135 366 2157 z
391 2124 402 2142 ‘
417 2125 618 2166 Revocare3
643 2135 706 2167 per
718 2126 809 2159 vices
823 2135 896 2159 mu-

186 2179 246 2208 tuo
277 2177 426 2209 vocare.'
476 2178 589 2211 Recte
625 2182 742 2211 mutuo.
801 2179 896 2212 Hinc

184 2225 321 2258 Graecis
334 2227 479 2267 ἂμοιβαῖα
499 2229 619 2262 δεῖπνα.
662 2228 753 2261 Vide
767 2229 894 2262 Jannm

184 2276 408 2310 Guilielmum
447 2282 485 2311 et
527 2279 585 2312 Fr.
614 2279 784 2321 Modiam,
810 2289 894 2322 quos

184 2327 330 2360 candide
346 2329 499 2363 laudavit
515 2330 779 2371 Rittershusius‚
795 2329 894 2373 flagi-

184 2378 273 2411 tiose
287 2378 342 2411 hic
358 2380 522 2421 compilat
537 2380 664 2413 Faber.
678 2380 763 2413 Gud.

225 2431 247 2461 7
269 2429 389 2462 Intrito
412 2430 496 2472 cibo]
534 2431 645 2463 Plene
672 2441 712 2463 ac
740 2432 893 2474 proprie,

183 2479 275 2521 quod
291 2481 374 2512 alias
391 2481 596 2523 simpliciter
625 2482 635 2500 ‘
651 2481 827 2513 Intritum'
843 2482 894 2513 di-

183 2530 288 2570 citur,
299 2529 476 2574 fiebatque
502 2541 546 2563 ex
561 2531 772 2563 comminuto
793 2540 893 2574 pane,

183 2585 360 2614 macerato
388 2583 492 2623 lacte,
507 2582 627 2615 addito
653 2591 892 2626 nonnunquam

184 2632 276 2673 allio,
305 2642 421 2673 caseo,
452 2637 489 2665 et
526 2633 705 2674 similibnn,
737 2634 825 2665 unde
855 2639 892 2666 et

182 2682 194 2699 ‘
207 2682 396 2724 Alliatum,’
412 2687 450 2715 et
462 2684 473 2702 ⁸
484 2683 683 2724 Moretum,'
695 2683 892 2718 vocabatur.

181 2734 240 2767 Sic
257 2735 417 2768 Donatus
434 2734 476 2767 ad
488 2734 572 2767 illud
588 2734 757 2767 Terentii:
780 2735 791 2752 ‘
803 2736 892 2768 Tute

182 2785 248 2817 hoc
269 2784 458 2826 intrivisti,’
475 2785 534 2817 ubi
558 2785 600 2817 de
620 2789 752 2818 moreto
767 2795 826 2818 seu
846 2787 892 2818 al-

180 2834 266 2868 liato
292 2835 454 2877 exponit:
478 2835 488 2853 ‘
504 2834 653 2877 Proprie
681 2835 794 2868 intrita
809 2836 891 2869 dici-

658 247 800 279 NOTAE
832 247 1100 280 VARIORUM
1135 249 1185 280 IN

947 346 1005 376 tur
1018 343 1209 386 hujusmodi
1222 343 1343 379 cibus!
1370 344 1483 378 Varro
1496 345 1540 378 de
1555 345 1598 380 R.
1613 345 1656 380 R.

946 394 1007 428 lib.
1022 403 1067 428 11.
1082 394 1127 428 de
1141 395 1220 429 cibo
1243 405 1367 429 canum
1390 405 1516 439 agens:
1551 397 1562 416 ⁸
1577 396 1655 432 Nec

947 455 1017 478 non
1041 445 1092 479 ita
1106 455 1231 488 panem
1254 443 1467 481 ordeacenm'
1489 447 1654 490 dandum,

947 499 987 529 ut
1001 505 1070 529 non
1085 497 1200 538 potius
1214 507 1292 531 eum
1313 498 1351 531 in
1368 498 1462 532 laete
1476 498 1540 531 des
1554 498 1655 532 intri-

947 550 1044 580 tum?
1085 547 1217 581 Vocem
1241 549 1440 583 culinariam
1454 560 1530 584 esse
1543 554 1657 593 patet.

947 597 1055 637 Sobes-
1099 598 1191 632 Vide
1212 599 1257 632 de
1282 600 1405 634 intrito
1419 601 1497 635 cibo
1511 601 1656 635 Salmas.

947 649 1201 685 Exercitation.
1226 650 1318 684 Plin.
1345 661 1382 694 p.
1411 655 1488 686 269.
1532 653 1581 686 Et
1609 652 1655 685 od

946 702 1087 745 Vopisc.
1121 701 1300 736 Aurelian.
1330 713 1362 736 c.
1385 706 1441 737 46.
1465 703 1527 737 ubi
1553 707 1656 747 pnttt

947 762 1022 786 ease
1033 763 1078 786 ex
1092 754 1187 796 vino,
1195 754 1252 787 vel
1268 764 1387 797 posca,
1399 755 1457 788 vel
1470 763 1571 798 aqut,
1581 754 1655 799 qni-

947 804 1011 838 bns
1023 803 1166 838 intritus
1173 809 1211 838 et
1225 804 1350 838 friatur
1359 805 1470 848 panis,
1483 809 1521 839 et
1531 805 1655 839 dintin-

947 855 1006 897 gui
1020 865 1042 888 a
1056 859 1175 889 moreto
1188 860 1226 889 et
1238 856 1365 899 allido,
1379 857 1571 901 Gtaeeeque
1584 856 1657 891 diei

947 906 1119 949 ἐμβροχήν.
1161 907 1363 941 Salmasium
1379 917 1462 941 vero
1475 907 1658 950 reprehen-

947 957 1000 990 dit
1031 958 1198 1001 Neapolis
1219 958 1266 991 ad
1289 958 1398 993 Ovid.
1418 959 1514 993 Fut.
1535 967 1589 992 xv.
1603 967 1656 992 vs.

946 1011 1022 1042 36⁷.
1037 1007 1096 1051 qni
1108 1008 1242 1042 Donati
1255 1007 1300 1042 ad
1313 1009 1452 1043 Terent.
1460 1007 1601 1042 Phorm.
1611 1016 1656 1042 11.

947 1062 979 1092 2.
1002 1059 1326 1101 interpretationem
1360 1058 1530 1102 defendit,
1553 1068 1657 1103 quem

946 1109 1050 1144 vide:
1073 1113 1113 1143 ut
1127 1114 1166 1143 et
1178 1111 1296 1144 Vales.
1318 1111 1362 1144 ad
1385 1112 1598 1154 Harpocrat.
1619 1110 1657 1143 ln
1725 1109 1731 1115 ”

947 1170 1032 1194 voce
1044 1160 1206 1204 ἐνθρυπτά·
1218 1166 1255 1195 et
1264 1162 1458 1196 Casaubon.
1471 1162 1516 1196 nd
1527 1161 1656 1196 Athen.

946 1222 981 1254 p.
995 1215 1072 1245 922.
1101 1213 1231 1256 Scalig.
1247 1214 1384 1246 collect.
1400 1213 1444 1246 ad
1459 1214 1606 1247 Varron.
1619 1223 1654 1256 p.

945 1265 1000 1296 46.
1023 1263 1140 1296 Bam.

989 1314 1109 1347 latr-ito
1122 1314 1206 1357 cibo]
1242 1314 1350 1347 Panis
1363 1313 1506 1347 intritus
1521 1317 1558 1347 et
1571 1309 1654 1348 fria-

946 1367 1003 1398 tus
1026 1365 1060 1397 in
1077 1375 1200 1408 aquam
1226 1369 1263 1398 et
1282 1365 1409 1398 vinum.
1452 1365 1535 1398 Huc
1559 1364 1655 1399 refer

945 1415 1032 1448 illud
1046 1416 1202 1449 Terentii
1213 1426 1223 1448 ε
1234 1418 1250 1436 ⁴
1261 1415 1354 1448 Tute
1367 1415 1553 1457 intrivinti;
1573 1416 1655 1450 tibi-

945 1470 1018 1499 met
1031 1466 1245 1499 exedendum
1257 1465 1334 1499 est!
1353 1466 1544 1509 'Euopvoews
1562 1466 1655 1510 ἄρτος

946 1517 1081 1550 Graecis
1100 1517 1235 1550 intritus
1253 1517 1349 1550 cibus.
1384 1517 1542 1558 Glossoe3
1570 1517 1582 1536 ‘
1597 1517 1656 1551 In·

946 1566 1089 1607 tritnm3
1112 1566 1278 1610 ἐμβροχήῖ
1319 1567 1574 1610 Superesthaee
1587 1576 1656 1601 vox

946 1617 980 1649 in
997 1617 1113 1659 lingua
1142 1618 1313 1651 Saxonica
1337 1618 1460 1651 eadem
1485 1617 1655 1662 significa-

945 1668 1052 1702 tione.
1078 1669 1164 1703 (ἕνα.

987 1721 1009 1750 8
1030 1719 1165 1752 Plenam
1204 1720 1375 1762 lagoenam]
1424 1721 1653 1755 Plutarchum

944 1768 1000 1802 Ἐν
1013 1769 1166 1810 λαγυνίδι.
1202 1771 1337 1804 Glossae
1365 1775 1527 1804 veteres:
1558 1773 1570 1791 ⁴
1587 1773 1653 1805 La„

944 1831 1066 1863 goena3
1102 1822 1273 1863 namium!
1316 1823 1359 1855 In
1398 1827 1536 1856 vetusto
1563 1833 1654 1856 mar-

944 1884 1060 1908 more:
1084 1876 1136 1907 M.
1152 1884 1276 1908 vu‘ro.
1303 1883 1390 1908 Avo.
1415 1884 1488 1909 mn.
1510 1883 1653 1908 rumm-

944 1934 1011 1959 Mo.
1027 1934 1119 1959 nm.
1142 1934 1312 1958 numm.
1327 1935 1413 1960 Avo.
1427 1935 1464 1960 A.
1478 1935 1651 1960 Pmoun.

944 1985 1050 2009 ιἰἛΜ.
1066 1985 1102 2010 Α.
1117 1985 1279 2010 mavum
1300 1978 1380 2018 Εἰς.

986 2027 1165 2069 Lagenam]
1202 2028 1341 2061 Monuit
1354 2028 1399 2062 V.
1411 2029 1451 2062 C.
1466 2028 1579 2062 Nicol.
1594 2029 1653 2062 Ri-

945 2078 1070 2119 galtius
1085 2078 1120 2110 in
1145 2078 1319 2111 veteribus
1342 2078 1438 2112 libris
1453 2079 1523 2122 legi
1549 2079 1655 2120 Lugo-

944 2138 1029 2162 nom.
1073 2128 1248 2162 Videlicet
1282 2129 1338 2162 hic
1371 2129 1492 2162 itidem
1520 2128 1652 2162 factum

945 2183 1012 2220 est,
1026 2184 1066 2212 nt
1088 2179 1123 2212 in
1139 2179 1216 2212 aliis
1241 2180 1436 2212 nominibus
1458 2180 1604 2221 Graecis,
1618 2179 1653 2212 in

945 2229 1040 2271 queis
1066 2231 1098 2262 Y
1123 2230 1159 2262 in
1189 2229 1221 2262 Ο
1248 2240 1447 2263 conversum
1473 2230 1552 2264 fuit.
1595 2231 1654 2264 Ita

944 2278 1006 2322 νὺξ,
1032 2290 1116 2319 noa-‚⁶
1147 2280 1235 2321 μύλα
1258 2280 1367 2324 (quod
1393 2281 1562 2314 Doricum
1587 2291 1652 2324 pro

942 2329 1057 2373 μύλη),
1078 2332 1159 2364 molo
1168 2343 1182 2370 ;
1211 2333 1263 2365 ita
1279 2342 1323 2364 ex
1344 2331 1480 2373 λάγυνος
1499 2337 1538 2366 et
1551 2332 1653 2374 λαγύ-

943 2393 1017 2422 νων,
1032 2392 1108 2424 quae
1132 2382 1258 2415 Pollux
1285 2387 1321 2415 et
1346 2384 1572 2426 Etymologus
1595 2384 1655 2425 agi

943 2439 1104 2474 noscunt,
1129 2432 1171 2466 fit
1200 2434 1314 2474 lagona
1334 2438 1372 2466 et
1399 2435 1529 2475 logum,
1557 2433 1649 2476 quod

944 2483 1117 2524 posterius
1130 2483 1231 2515 video
1247 2494 1290 2515 ex
1302 2484 1534 2516 Marmor-ibus
1549 2482 1650 2516 affer·

944 2533 986 2565 ri.
1002 2534 1187 2566 Gruter.in
1203 2534 1366 2576 Inscript.
1375 2541 1649 2576 p.ncc1.xxvlu.

943 2592 975 2616 1..
999 2593 1220 2617 ‘rnommus
1257 2593 1344 2618 Auo.
1370 2593 1441 2616 nn.
1469 2592 1495 2615 A
1525 2592 1647 2617 vesu-13.

943 2644 1034 2668 rrzm
1055 2644 1082 2668 Α
1107 2645 1267 2669 LAGUNA.
1300 2635 1414 2669 Faber.
1455 2635 1513 2668 Ita
1538 2635 1649 2668 edidit

943 2686 1126 2726 Rigaltius,
1140 2696 1182 2718 ac
1204 2687 1214 2705 ‘
1239 2683 1417 2727 lagenam,’
1444 2685 1650 2728 ‘legonaum'

941 2740 979 2768 et
1002 2736 1012 2754 ‘
1025 2736 1195 2778 lagunam’
1211 2737 1260 2769 ait
1275 2735 1438 2777 reperiri:
1466 2736 1576 2768 Faber
1587 2746 1647 2778 op-

942 2787 1038 2828 time,
1051 2783 1139 2820 sicut
1154 2797 1173 2818 a
1185 2787 1312 2819 Graeco
1326 2786 1389 2827 νὺξ,
1400 2784 1557 2820 Latinum
1570 2797 1646 2828 nox,

942 2848 961 2870 a
976 2837 1071 2879 μύλα,
1087 2839 1178 2879 molo,
1189 2838 1320 2880 pariter
1337 2849 1355 2871 a
1371 2837 1516 2881 λάγυνος,
1524 2839 1649 2880 lagona,
