1806 3236
230 213 322 260 ⁴718
550 222 810 257 anscausus
843 223 1130 256 ammomum
1169 223 1387 258 matum.

234 324 304 364 sed
336 322 488 363 admisit
515 325 794 377 nonnunquam
822 324 1112 364 emendationes
1137 324 1327 365 variorum
1355 324 1590 368 criticorum
1615 323 1688 367 alia

234 393 389 439 quanto
409 387 654 435 audaciores,
683 401 770 428 raro
789 388 994 428 nominatis
1021 389 1174 428 illarum
1201 389 1441 461 auctoribus,
1469 389 1558 430 ideo
1575 389 1691 430 casti·

231 458 346 503 gatus
364 455 390 491 a.
409 451 666 491 Desbillonio.
712 452 924 504 Splendida
942 452 1075 493 editio.

285 536 340 545 —
357 515 505 555 Eadem
525 516 703 568 repetita.
725 516 1021 556 Amstelodami.
1040 522 1104 557 12.
1119 516 1289 556 rescissis
1299 517 1687 571 tamenquibusdam.

284 603 339 609 —
356 579 558 628 Phaedrus,
571 593 660 619 cum
682 581 782 619 notis
800 579 999 620 Junckeri.
1021 579 1175 631 Lipsiae.
1201 586 1262 620 12.

283 667 338 673 —
355 643 480 692 Idem,
501 645 584 683 Lat.
606 650 647 683 et
665 644 771 683 Gall.
790 644 1052 696 Argentorati.
1077 650 1139 684 12.

287 713 390 752 1702
419 707 575 747 Phaedri
604 708 778 755 Fabulae,
798 713 1008 747 accurante
1030 708 1082 746 R.
1110 708 1155 746 P.
1174 708 1367 758 (Robert'o
1386 709 1572 758 Prevost)
1594 721 1689 749 cum

229 772 406 811 versione
425 771 579 811 Gallica
594 778 634 811 et
652 772 1054 811 animadversionibus
1070 772 1224 812 Gallice
1246 772 1420 824 scriptis,
1439 773 1575 812 ordine
1592 785 1689 812 con·

230 836 457 876 structionis
477 836 516 874 in
535 842 744 888 puerorum
766 850 878 875 usum
910 850 982 888 per
999 850 1194 885 numeros,
1215 837 1375 889 singulis
1395 837 1598 878 vocabulis
1614 837 1688 877 im-

228 900 393 951 positos,
422 906 570 940 notato.
591 901 759 941 Parisiis.
784 901 1021 942 12.—Conf.
1048 913 1112 941 an.
1137 907 1253 948 1734.
1271 907 1313 941 et
1343 902 1455 941 Vers.
1487 901 1603 942 Galla
1622 913 1687 942 au.

232 970 350 1010 1702.

281 1052 337 1058 —
353 1029 508 1069 Phaedri
527 1031 631 1081 Aug.
651 1030 740 1069 Lib.
759 1031 789 1069 F
791 1030 997 1070 abularum
1016 1032 1152 1083 AEsop.
1173 1029 1281 1071 Libri
1296 1040 1339 1070 v,
1353 1043 1444 1069 cum
1463 1027 1565 1069 notis
1583 1029 1693 1069 Dav.

228 1092 523 1146 Hoogstratani.
544 1094 728 1134 Londini.
753 1102 814 1136 12.

285 1162 386 1202 1703
416 1158 571 1197 Phaedri
584 1159 686 1210 Aug.
702 1159 790 1198 Lib.
809 1159 1044 1199 Fabularum
1060 1160 1195 1211 AEsop.
1209 1159 1314 1199 Libri
1327 1170 1367 1200 V.
1381 1171 1472 1199 cum
1484 1158 1588 1199 notis
1597 1170 1688 1210 per-

226 1221 354 1271 petuis
378 1222 443 1261 Jo.
464 1222 567 1261 Frid.
598 1214 852 1262 GronoviiP.¹
875 1229 916 1262 et
934 1223 1268 1263 emendationibus
1299 1225 1388 1264 Jac.
1420 1222 1610 1263 Gronovii
1640 1221 1686 1262 F.

227 1285 436 1324 Accedunt
455 1286 547 1326 Nic.
565 1287 793 1337 Dispontini
813 1287 850 1325 in
868 1287 1077 1327 Phaedrum
1094 1287 1361 1328 Collectanea.
1383 1285 1686 1332 Amstelodami,

224 1347 332 1399 apud
375 1349 890 1402 Janssonio—Waesbergios.
929 1351 1181 1391 12.-Editio
1216 1364 1354 1403 parum
1385 1351 1503 1403 digna
1530 1348 1686 1390 nomine

225 1412 495 1460 Gronoviano,
529 1427 646 1465 quam
684 1420 811 1455 tamen
848 1414 1122 1456 commendant
1158 1414 1384 1467 Dispontini
1420 1414 1684 1462 Collectanea,

226 1476 373 1527 quibus
391 1477 454 1515 bic
472 1477 610 1516 indicis
629 1477 754 1516 forma
773 1477 985 1517 dictionem
1004 1477 1163 1516 Phaedri
1182 1479 1334 1529 egregie
1347 1478 1567 1528 illustravit.
1609 1512 1611 1515 .

276 1564 331 1571 —-
350 1541 510 1581 Phaedri
525 1542 759 1582 Fabularum
784 1543 918 1593 AEsop.
938 1541 1048 1582 Libri
1064 1552 1107 1580 v,
1128 1547 1167 1580 et
1181 1543 1226 1581 P.
1241 1542 1330 1594 Syri
1345 1542 1553 1582 Sententiae
1571 1542 1684 1582 locu-

223 1605 422 1656 pletiores,
443 1619 533 1645 cum
553 1606 696 1646 notulis
717 1607 823 1646 Sam.
844 1605 1015 1658 Hoadly,
1044 1606 1187 1645 scholae
1220 1605 1463 1645 Nor-vicensis
1489 1604 1683 1657 Magistri.

222 1669 353 1709 Editio
375 1681 429 1710 11.
448 1670 628 1710 Londini.
650 1675 687 1709 8.

274 1757 328 1763 --
347 1734 500 1774 Ibidem
520 1734 684 1786 repetita
699 1734 738 1773 h.
760 1747 796 1773 a.
818 1733 939 1773 editio
961 1733 1133 1774 Daneti
1124 1747 1161 1772 m
1183 1746 1306 1773 usum
1314 1709 1513 1786 Delphini.
1535 1739 1575 1774 8.

278 1802 382 1842 1704
410 1797 613 1843 Pbaedrus,
626 1810 716 1836 cum
735 1798 881 1836 notulis
894 1799 996 1836 Sam.
1016 1797 1188 1849 Hoadly.
1205 1797 1333 1837 Editio
1347 1807 1420 1837 111.
1439 1796 1619 1837 Londini.
1636 1801 1678 1837 8.

278 1860 382 1906 1706
407 1861 566 1901 Phaedri
585 1862 816 1901 Fabularum
827 1862 962 1913 AEsop.
985 1860 1092 1901 Libri
1109 1871 1153 1900 V.
1171 1874 1261 1901 cum
1281 1861 1598 1901 annotationibus
1611 1863 1676 1902 Jo.

222 1926 428 1973 Schefferi‚
447 1932 488 1966 et
503 1928 638 1966 Franc.
659 1927 808 1979 Guyeti
827 1927 930 1966 notis
950 1938 1148 1978 nunquam
1163 1933 1276 1965 antea
1294 1925 1517 1977 publicatis.
1547 1925 1679 1965 Editio

221 1990 370 2041 quinta,
392 1991 586 2043 prioribus
605 1991 842 2030 emendatior
869 1997 911 2031 et
937 1990 1115 2036 auctior;
1146 1990 1186 2028 in
1205 2003 1281 2042 qua
1293 1990 1474 2041 jungitur
1490 1989 1680 2042 interpre-

220 2054 316 2092 tatio
336 2055 491 2093 Gallica
510 2068 601 2093 cum
621 2056 736 2102 notis,
765 2062 805 2094 et
834 2055 958 2094 Index
986 2056 1148 2095 Latinus
1178 2055 1410 2094 uberrimus.
1445 2053 1679 2106 Hamburgi,

220 2118 327 2170 apud
349 2120 462 2170 Benj.
483 2119 663 2159 Schiller.
686 2120 939 2172 8.-—-Paginae
959 2120 1076 2171 hujus
1095 2120 1159 2159 ed.
1186 2119 1422 2170 respondent
1439 2117 1594 2170 paginis
1611 2117 1676 2158 ed.

222 2182 410 2223 Scheffer.
446 2182 562 2229 1673.
590 2183 747 2223 Titulus
780 2185 909 2224 reddit
941 2184 1006 2223 ed.
1044 2183 1160 2231 1693.
1189 2184 1324 2223 Scatet
1354 2182 1457 2222 vitiis
1487 2188 1675 2235 typogra⁶

223 2246 369 2297 pbicis.

272 2333 327 2339 —
344 2310 546 2359 Phaedrus,
565 2324 655 2351 cum
674 2311 774 2351 notis
793 2312 967 2364 Anglicis
989 2290 1097 2350 Guil.
1117 2311 1331 2362 Willymot.
1344 2309 1524 2350 Londini.
1543 2316 1582 2350 8.

271 2397 325 2403 -
342 2375 499 2414 Phaedri
519 2370 751 2415 Fabularum
771 2378 903 2427 AEsop.
931 2375 1041 2414 Libri
1060 2386 1102 2415 v.
1118 2389 1207 2414 cum
1227 2374 1328 2414 notis
1343 2375 1445 2414 Dav.
1464 2374 1677 2427 Hoogstra-

219 2439 312 2478 tani.
333 2439 634 2479 Amstelodami.
660 2441 896 2480 12.—Notae
915 2445 1004 2479 sunt
1021 2440 1152 2491 aliqua
1170 2453 1217 2478 ex
1233 2445 1342 2490 parte
1361 2438 1567 2477 auctiores.

275 2508 377 2548 1707
390 2504 546 2543 Phaedri
561 2505 796 2544 Fabularum
807 2505 1000 2555 AEsopiar.
1019 2504 1128 2543 novis
1137 2502 1448 2548 emblematibus,
1464 2501 1671 2541 artificiose

218 2580 293 2606 aere
312 2566 449 2614 incisis,
468 2567 743 2607 illustratarum
762 2566 870 2606 Libri
888 2578 932 2606 V.
960 2581 1051 2606 cum
1080 2566 1296 2618 appendice
1324 2565 1497 2617 quinque
1523 2564 1674 2603 fabula-

216 2643 318 2677 rum,
337 2643 359 2668 a
379 2630 506 2683 Marq.
529 2631 665 2671 Gudio
697 2645 718 2671 e
752 2633 832 2671 Ms.
864 2631 985 2670 veteri
1004 2629 1523 2681 descriptarumeodemque
1551 2627 1671 2667 modo

217 2694 505 2734 adornatarum.
534 2697 650 2746 (Cum
683 2696 862 2737 versione
899 2697 1035 2735 Germ.
1078 2695 1291 2745 prosaica.)
1326 2696 1518 2744 Augustae*
1549 2691 1668 2732 Vind.

218 2758 531 2799 Fol.-Titulum
553 2760 688 2799 Germ.
706 2759 786 2799 vid.
806 2759 906 2798 infra
923 2759 1026 2798 inter
1046 2759 1153 2797 Vers.
1173 2758 1308 2796 Germ.
1331 2757 1370 2796 h.
1387 2769 1425 2796 a.

270 2843 324 2852 ·-—
342 2821 497 2862 Phaedri
516 2824 672 2863 Fabulae
691 2824 729 2863 in
749 2837 863 2869 usum
882 2822 1080 2875 Delphini.
1102 2821 1283 2862 Londini.
1309 2826 1346 2860 8.
