1806 3236
211 236 299 284 362

210 347 369 386 noscunt,
385 342 556 387 quomodo
577 344 614 375 et
636 341 670 374 in
684 341 762 374 eliis
778 343 834 374 est
844 338 919 374 fac-

212 400 296 430 tum.
351 395 476 428 Avien.
500 393 582 426 Fab.
606 396 639 425 5.
663 392 674 411 ‘
690 392 849 425 Forsitan
870 391 919 433 ig-

211 450 312 480 notos
326 445 460 478 imitato
475 452 644 476 murmure
659 442 782 477 fallas!
805 443 919 476 Etiam

213 501 295 529 ante
313 495 435 528 Cicero
451 494 499 526 sic
520 494 530 512 ‘
545 493 735 535 producere
753 493 796 526 ad
823 494 919 535 iguo-

212 547 276 581 tos’
299 545 478 588 usurpavit
493 545 528 576 in
543 544 688 577 Verrina
701 554 736 576 v.
750 547 803 577 29.
827 543 918 586 quod

212 599 247 630 in
279 596 392 629 indice
419 595 643 628 Freinshemii
669 600 825 628 notatum
852 599 917 628 cst.

213 649 259 680 Et
275 646 434 689 profecto
448 646 522 688 ipse
543 646 673 680 Noster
689 657 792 689 supra
814 647 825 666 ‘
838 657 918 680 con-

213 697 385 740 spiratos'
420 697 471 729 ita
496 697 623 739 posuit.
677 698 780 732 Quod
803 701 919 731 autem

212 749 375 782 Barthius
409 747 586 792 (Ablegm.
615 749 737 782 Critic.
760 758 801 783 ιι.
826 753 859 782 5.
885 752 921 781 et

213 800 306 833 Adv.
323 808 413 832 xxx.
426 802 458 831 5.
474 803 511 832 et
523 808 638 833 xnvn.
651 798 721 841 10.)
735 799 920 839 existimat,

215 851 349 892 Ignotus
354 850 460 892 fallit,
477 853 569 883 notus
583 853 628 882 est
644 850 763 882 derisui
771 860 784 888 ‚·
805 859 846 882 eo
861 849 921 882 rni-

213 910 277 934 nns
292 902 422 943 placet,
435 901 516 943 quia
528 901 612 933 notis
625 905 679 934 est
703 901 737 933 in
763 901 920 934 omnibus

214 951 401 984 codicibus.
423 951 528 991 Schef.
563 952 703 992 Ignotos,
717 951 752 984 id
768 956 836 992 est,
847 951 922 994 qui-

214 1002 278 1035 bus
294 1006 370 1035 erat
385 1003 533 1044 ignotus.
577 1003 634 1034 Sic
659 1001 747 1034 infra
772 1002 841 1036 fab.
866 1005 920 1035 14.

214 1052 224 1070 ‘
242 1051 366 1094 Ignoto
381 1053 459 1085 loco
472 1051 495 1084 :'
519 1055 555 1084 et
570 1051 638 1085 fab.
652 1055 706 1085 54.
731 1056 740 1071 ‘
757 1052 855 1085 Onus
872 1053 921 1094 ig-

215 1103 360 1136 notum.’
405 1103 510 1135 Ovid.
522 1103 634 1145 Epist.
651 1112 702 1136 xx.
719 1106 792 1136 155.
806 1103 816 1122 ⁴
829 1104 921 1135 Exu-

213 1153 265 1186 lat
287 1152 413 1194 ignotis
428 1154 564 1194 Tydeus
584 1163 765 1195 germanus
779 1154 813 1186 in
830 1154 919 1188 oris!

214 1204 263 1235 Et
279 1203 391 1245 Epist.
417 1213 484 1235 vn.
511 1206 584 1236 11⁷.
607 1205 618 1223 ‘
636 1204 806 1246 Applicor
827 1205 922 1246 igno·

215 1253 282 1286 tis!
326 1254 407 1287 Vid.
430 1254 568 1286 Manat.
595 1254 639 1286 ad
666 1254 777 1287 Cicer.
801 1255 921 1287 Famil.

214 1303 330 1346 Epist.
343 1314 378 1337 v·
393 1307 446 1338 12.
471 1308 508 1337 et
530 1314 590 1336 nos
606 1304 648 1336 ad
669 1304 812 1338 Petron.
829 1313 920 1338 cxu.

215 1356 332 1389 Burm.

257 1406 395 1447 Ignaros
409 1406 518 1449 fallit]
550 1406 608 1440 Ita
622 1407 759 1450 quidem
773 1411 920 1451 utraque

214 1456 450 1490 salmuriensis
475 1458 595 1499 editio,
610 1468 686 1500 qnae
712 1468 837 1500 magna
863 1463 922 1490 ant

214 1507 411 1549 oscitantia,
423 1512 484 1540 aut
510 1508 660 1549 inscitia,
674 1509 817 1542 editoris
841 1513 921 1550 est3

214 1557 298 1600 quid
314 1558 406 1590 enim
429 1567 570 1591 necesse
592 1563 748 1591 veterem
769 1557 923 1591 facilem·

215 1619 296 1651 que,
319 1609 386 1641 imo
411 1609 447 1641 id
472 1608 539 1641 loci
572 1608 673 1641 valde
707 1609 921 1650 concinnam,

212 1660 397 1692 lectionem
412 1659 655 1700 corrumpere?
671 1658 801 1692 Omnes
819 1668 923 1691 mem-

214 1709 331 1741 branae
368 1713 405 1741 et
436 1709 607 1741 editiones
645 1709 732 1750 aliae,
769 1710 922 1750 Ignotos,-

213 1759 307 1801 quod
331 1763 369 1791 et
394 1759 548 1791 Avienus
575 1759 766 1792 confirmat.
812 1761 922 1801 Ignoti

213 1809 269 1841 hic
284 1812 376 1851 sunt,
389 1819 457 1842 non
474 1810 531 1851 qui
547 1809 609 1841 tibi
624 1813 706 1841 sunt
720 1810 847 1852 ignoti,
859 1810 921 1843 sed

211 1859 336 1903 quibus
352 1864 391 1893 tu
405 1870 443 1893 es
463 1861 615 1902 ignotus,
640 1861 698 1902 qui
714 1865 748 1894 te
763 1871 830 1894 non
843 1871 920 1895 nos-

214 1914 309 1944 cunt.
353 1911 476 1944 Cicero
489 1911 525 1942 in
536 1911 636 1944 Verr.
646 1912 691 1944 V.
705 1911 715 1930 ‘
729 1910 919 1953 producere

213 1961 257 1993 ad
280 1961 451 2003 ignotosz’
486 1970 587 2004 quem
602 1962 716 1995 locum
742 1963 778 1995 in
803 1963 920 1997 indice

213 2012 350 2045 notavit
387 2011 647 2045 Freinshemius.
701 2013 773 2048 Cic.
800 2015 918 2048 Famil.

213 2070 250 2095 v.
276 2065 329 2096 12.
361 2062 372 2081 ‘
389 2063 554 2105 Corporis
587 2063 769 2097 simulacra
792 2065 918 2107 ignotis

212 2118 296 2149 nota
310 2113 511 2154 faciebant:
519 2116 583 2147 &c.
619 2115 736 2148 Plaut.
747 2116 918 2151 Menaech.

213 2173 241 2197 1.
264 2167 297 2196 2.
321 2165 331 2182 ‘
346 2164 413 2197 Qui
428 2164 511 2196 mihi
535 2165 697 2209 molestus
719 2166 845 2199 homini
867 2167 918 2209 ig-

212 2214 317 2248 noto.’
361 2215 405 2248 V.
421 2215 534 2248 AEmil.
549 2214 648 2248 Port.
671 2217 756 2248 Lex.
772 2217 916 2251 Pindar-

215 2267 303 2300 Gud.

255 2321 275 2349 5
302 2318 350 2350 Ut
363 2318 488 2351 insueta
500 2328 572 2351 voce
583 2322 717 2352 terreret
734 2319 838 2361 feras,
853 2321 919 2353 Fu-

210 2369 332 2413 gientes
347 2368 412 2410 ipse
433 2372 470 2400 ut
489 2369 662 2411 exciperet]
706 2371 793 2403 Mss.
817 2371 916 2404 Rem.

209 2423 248 2452 ut
271 2419 337 2461 ipse
362 2419 531 2461 exciperet.
577 2419 704 2452 Pithoei
727 2420 848 2452 Codex
874 2421 918 2453 si-

210 2470 351 2510 militer,
375 2470 441 2511 ipse
455 2473 490 2502 ut
504 2471 671 2511 exciperet.
715 2470 836 2502 Scribe
853 2471 917 2503 Fu·

207 2522 330 2562 gientes
352 2521 385 2552 vi
406 2521 472 2562 ipse
494 2522 662 2562 exciperet.
710 2520 916 2562 Dispartitis

211 2572 340 2613 operis,
353 2576 392 2603 ut
416 2571 504 2603 solet
531 2572 567 2603 in
594 2570 787 2604 venationis
809 2573 917 2604 socie-

210 2626 299 2660 tate,
320 2621 483 2653 monebat
508 2620 676 2662 Asellum,
701 2625 741 2653 ut
770 2621 915 2658 insuetae

208 2673 302 2705 vocis
326 2671 430 2704 inerti
454 2671 609 2713 nequitia
632 2672 708 2713 ipse
731 2671 802 2704 Leo
822 2672 855 2703 vi
879 2677 916 2705 et

207 2723 337 2766 virtute
357 2730 429 2753 rem
445 2725 575 2762 ageret.
610 2721 752 2754 Scilicet
767 2726 806 2754 ut
818 2723 916 2755 Phae-

209 2774 290 2805 drus
306 2773 367 2805 lib.
382 2782 424 2807 ιι.
449 2772 517 2804 fab.
534 2775 567 2804 7.
585 2774 656 2806 ait:
681 2774 690 2791 ‘
708 2774 768 2807 Vis
794 2778 831 2807 et
855 2784 914 2807 ne-

208 2824 318 2869 quitia
330 2822 493 2869 quicquid
506 2827 719 2868 oppugnant,
729 2823 823 2860 ruit.'
859 2824 914 2863 Vis

680 244 826 279 NOTA:
854 244 1124 278 VAmoRUM
1155 243 1209 276 IN

969 338 1151 382 autem,'nt
1165 342 1282 374 notum
1307 342 1373 382 est,
1387 338 1528 382 proprie
1542 337 1587 373 de
1600 337 1670 373 leo·

968 390 1066 424 nibus
1086 391 1225 424 dicitur.
1278 391 1483 424 Lueretius:
1517 389 1675 433 ‘Impri-

968 441 1034 473 mis
1044 443 1094 474 vis
1107 446 1160 474 est
1169 441 1322 474 violenta
1332 440 1507 474 Leonum!
1538 442 1548 461 ‘
1562 441 1670 474 Fraus

970 492 1068 536 quasi
1082 493 1296 535 Vulpeculae,
1307 492 1358 526 vis
1369 492 1496 526 Leonis
1512 491 1670 533 videtur,'

969 543 1042 576 Cic.
1057 543 1101 575 de
1122 541 1224 576 Offic.
1239 552 1279 577 1.-
1309 542 1435 585 Itaque
1457 542 1492 574 vi
1513 542 1674 584 exciperet

969 594 1112 636 respicit
1135 594 1206 632 illa,
1232 603 1309 636 quae
1331 593 1449 626 statim
1470 597 1673 637 sequuntur,

970 647 980 665 ‘
997 645 1121 679 Leonis
1140 644 1346 688 adfliguntur
1369 645 1539 681 horrendo
1563 646 1673 688 impe·

969 696 1029 730 to!
1073 696 1131 729 Ita
1145 696 1234 729 enim
1253 695 1471 728 scribendum
1492 706 1538 729 ex
1555 700 1672 731 vetus-

969 747 1106 779 tissimis
1142 747 1184 779 P.
1211 746 1370 779 Danielis
1400 746 1534 782 schedis
1566 755 1675 790 supra

969 798 1190 831 ostendimus.
1223 799 1270 831 Et
1285 798 1408 840 probat
1419 798 1572 832 Gronov.
1583 798 1679 835 obs«

969 858 1020 883 ιν.
1047 852 1078 882 8.
1106 853 1143 881 et
1165 848 1336 890 Guyetus‚
1359 851 1396 881 et
1421 848 1610 882 Salmasius
1626 848 1679 893 ad

970 900 1160 943 marginem
1174 900 1264 933 libri.
1310 898 1448 932 Deinde
1463 898 1628 941 fugient&
1641 899 1674 932 vs·

970 953 1112 994 excipere
1128 951 1227 984 valde
1242 950 1409 983 concinne
1424 953 1461 983 et
1475 950 1615 993 proprie
1630 949 1677 984 de

970 1002 1175 1041 venatione;
1207 999 1492 1044 quemadmodum
1515 1001 1526 1018 ‘
1541 999 1676 1038 insidiis

971 1063 1114 1096 caprum
1130 1051 1314 1094 excipere,'
1339 1061 1383 1084 ex
1397 1050 1519 1093 Vin-gil·
1534 1051 1611 1085 Ecl.
1632 1059 1677 1085 n.

969 1105 1103 1137 notavit
1119 1102 1312 1137 Schefferus
1325 1113 1334 1135 z
1349 1106 1359 1121 ⁵
1373 1101 1542 1135 venabulo
1554 1111 1676 1144 aprum

970 1153 1155 1197 excipere,'
1169 1153 1400 1188 Quintiliano:
1425 1156 1462 1185 et
1476 1152 1487 1171 ‘
1503 1151 1677 1194 fugientes

970 1204 1156 1246 excipere,'
1176 1203 1335 1236 Ciceroni
1353 1202 1389 1235 in
1405 1201 1544 1235 catilin.
1559 1206 1597 1235 et
1610 1210 1677 1244 pro

971 1257 1072 1289 Rosc.
1126 1255 1185 1288 Sic
1217 1253 1389 1287 ‘bestiam
1416 1253 1452 1285 vi
1481 1252 1674 1294 conficere,’

970 1311 1024 1340 est
1049 1307 1178 1339 Valerii
1205 1306 1374 1346 Maximi3
1405 1304 1467 1338 sed
1493 1305 1589 1337 locus
1620 1309 1676 1338 est

971 1362 1154 1400 corruptus
1168 1369 1177 1391 z
1210 1357 1269 1390 lib.
1285 1366 1335 1390 v1.
1350 1366 1429 1399 cap.
1445 1358 1477 1388 3.
1493 1357 1523 1399 ς.
1537 1359 1570 1408 5.
1590 1355 1601 1374 ‘
1616 1355 1674 1389 In·

972 1412 1254 1451 tei-rogatumque
1276 1417 1346 1451 qna
1370 1408 1404 1440 vi
1430 1416 1507 1440 eam
1529 1406 1677 1440 bestiam

972 1459 1179 1492 confecisset
1190 1458 1211 1492 :'
1243 1458 1292 1491 sic
1312 1459 1392 1500 lego
1417 1467 1496 1491 cum
1511 1456 1676 1500 antiquis-

973 1511 1067 1543 simis
1080 1510 1286 1542 membranis
1307 1509 1430 1551 optimi
1445 1512 1483 1542 et
1497 1507 1589 1541 omni
1602 1508 1681 1540 lau·.

973 1561 1053 1594 dnm
1068 1570 1194 1603 genere
1208 1559 1468 1592 eminentissimi
1482 1557 1681 1597 Can-dinam*

972 1611 1144 1645 'Francisci
1165 1610 1362 1644 Barberini.
1402 1610 1515 1652 Vulgo
1530 1609 1584 1651 qui
1597 1618 1677 1650 eant,

973 1662 1064 1705 quod
1090 1661 1174 1694 ferri
1198 1662 1334 1705 quidem
1356 1664 1486 1704 potest,
1500 1659 1562 1693 sed
1577 1659 1675 1693 nobis

972 1713 1081 1755 magis
1094 1712 1224 1745 arridet
1235 1712 1335 1745 lectio
1347 1710 1568 1744 vetustissimi
1582 1709 1674 1742 libri.

972 1763 1062 1795 Sane
1085 1763 1200 1794 multis
1225 1766 1404 1795 anctorum
1429 1761 1515 1794 locis
1543 1760 1675 1793 excidit

971 1816 1032 1844 aut
1047 1816 1213 1853 corrupta
1238 1816 1292 1844 est
1313 1811 1435 1844 ‚vocula
1448 1811 1509 1843 illa
1522 1810 1580 1844 vis.
1610 1809 1675 1858 'Si-

970 1862 1099 1895 militer
1113 1867 1263 1896 erratum
1278 1867 1332 1895 est
1345 1861 1454 1896 sab.2.
1465 1862 1563 1904 hujus
1573 1861 1674 1896 libri:

970 1914 981 1932 ‘
999 1914 1068 1948 Qui
1082 1914 1262 1947 dissolutos
1276 1923 1389 1946 mores
1414 1917 1454 1946 ut
1475 1922 1675 1955 compesce·

971 1965 1050 1998 ret.'
1093 1965 1151 1998 Sic
1167 1965 1264 1998 Rem.
1280 1969 1318 1998 et
1333 1964 1428 1998 Pith.
1452 1964 1512 1998 ubi
1534 1968 1631 1998 recte
1654 1974 1675 1996 a

970 2015 1078 2049 Vlitio
1103 2016 1301 2048 restitutum
1314 2015 1359 2048 vi.
1402 2014 1460 2047 Sic
1473 2013 1676 2048 Torrentius

971 2075 1047 2099 eam
1062 2076 1106 2099 ex
1122 2076 1189 2100 uno
1203 2067 1274 2100 Ms.
1297 2069 1394 2099 reete
1416 2065 1571 2099 restituit
1590 2065 1676 2099 Sue-

969 2117 1065 2150 tonio
1087 2116 1177 2160 Aug.
1209 2127 1288 2160 cap.
1308 2119 1362 2150 10.
1394 2117 1405 2135 ‘
1422 2115 1612 2153 Confestim
1636 2120 1687 2150 ut·

969 2166 1152 2210 Apollonia
1165 2167 1282 2208 rediit,
1292 2164 1441 2200 Brutum
1450 2166 1678 2210 Cassiumque

971 2223 1007 2251 et
1029 2219 1063 2251 vi
1087 2229 1150 2252 nec
1167 2218 1346 2261 opinantes
1361 2217 1500 2260 aggredi
1525 2217 1677 2260 statuit,'.

970 2271 1037 2302 ὅτε.
1082 2268 1279 2302 Reddamus
1304 2268 1462 2310 eandem,
1480 2268 1562 2312 quia
1581 2268 1675 2302 bella

969 2324 1023 2353 est
1038 2320 1185 2361 occasio,
1198 2319 1274 2352 aliis
1289 2319 1499 2352 auctoribus.
1541 2318 1672 2353 Justin.

969 2370 1031 2403 lib.
1053 2378 1079 2402 ι.
1104 2380 1136 2402 c.
1155 2372 1187 2402 6.
1208 2370 1219 2388 ⁴
1234 2369 1362 2411 Ingens
1389 2372 1468 2412 post
1491 2369 1674 2403 necessita-

970 2425 1041 2453 tem
1055 2419 1229 2462 pugnandi
1252 2419 1383 2452 animus
1405 2419 1574 2454 exercitui
1598 2419 1672 2461 ejus

969 2470 1139 2503 accessit!
1196 2470 1306 2505 Vetus
1339 2469 1460 2503 Codex
1490 2470 1673 2512 Bongarsii

969 2521 1112 2562 optime,
1122 2520 1276 2556 exercitui
1289 2523 1321 2553 et
1336 2521 1384 2552 vis
1396 2520 1536 2554 accessit.
1580 2521 1669 2555 Quae

969 2582 1052 2605 sane
1067 2582 1151 2605 vera
1164 2577 1202 2605 et
1224 2573 1359 2613 elegans
1378 2572 1482 2607 lectio
1507 2575 1581 2605 est:
1611 2572 1671 2606 de-
1695 2590 1698 2595 -

969 2622 1052 2655 bent
1067 2623 1155 2655 enim
1171 2623 1338 2665 pugnanti
1354 2623 1523 2656 exercitui
1543 2628 1580 2656 et
1601 2625 1671 2657 ani-

967 2683 1042 2706 mus
1066 2677 1104 2707 et
1127 2673 1177 2705 vis
1204 2673 1337 2705 adesse.
1378 2673 1547 2706 Salustius
1567 2674 1671 2710 Catil.

967 2724 1044 2757 init.
1077 2725 1086 2742 ‘
1102 2724 1172 2756 Diu
1197 2734 1355 2765 magnum
1381 2723 1472 2756 inter
1507 2725 1673 2762 mortales.

967 2778 1142 2806 certamen
1157 2773 1236 2815 fuit,
1260 2774 1339 2806 vine
1364 2775 1528 2817 corporis,
1543 2786 1586 2808 an
1602 2777 1667 2810 vir-

966 2828 1041 2860 tute
1056 2824 1172 2867 animi,
1187 2834 1242 2859 res
1257 2824 1410 2862 militaris
1425 2826 1532 2869 magis
1547 2835 1670 2869 proce-x
