1806 3236
0 0 265 575 ἶ

713 216 779 251 ns
814 218 1042 253 rnAEono.
1548 200 1614 251 {3³7

544 359 681 407 Laur.
702 361 944 420 Pignorius
967 364 1099 421 epist.
1119 364 1192 410 13.

127 452 129 454 ’
192 449 343 496 Etiam
360 464 444 508 ego
464 454 614 497 venire
630 456 806 511 possim
826 458 871 499 in
897 457 1123 501 literarum
1141 458 1366 515 plausum,
1407 456 1530 502 velut
1549 456 1616 500 lo·

135 521 288 576 quitur
304 522 668 578 elegantissimus
686 526 908 571 fabulator
928 528 1165 572 Phaedrus.

414 660 625 706 Schottus
644 661 832 708 Observ.
853 664 1103 708 Humanar.
1126 676 1179 708 11.
1201 678 1242 708 c.
1262 664 1332 708 19.

190 747 389 806 Adjicio,
418 753 699 807 pereruditos
717 757 927 799 extitisse
945 757 1130 801 libertos
1156 757 1342 809 Tiberii,
1359 754 1613 806 Phaedrum,

122 817 423 876 'AEsopiarum
442 821 645 878 lepidum
666 825 944 881 scriptorem,
956 829 1035 871 Sto.

504 958 808 1016 Schoppius
794 974 842 1003 m
863 960 1091 1005 Paradox.
1110 961 1226 1004 liter.

189 1044 408 1099 Similiter
427 1048 553 1104 apud
573 1049 828 1103 Phaedrum,
851 1051 1147 1096 cultissimum
1165 1051 1411 1094 fabularum
1424 1049 1613 1104 scripto-

130 1125 240 1168 rem,
251 1115 471 1172 legimus.
531 1166 534 1167 ⁷

470 1254 596 1323 Idem
614 1256 659 1300 in
681 1257 875 1302 Infamia
891 1258 1115 1310 Famiani‚
1144 1272 1191 1314 p.
1212 1256 1283 1300 86.

185 1341 304 1387 Eum
321 1347 473 1395 tamen
487 1348 749 1404 scriptorem
760 1349 1050 1408 (Phaedrum)
1065 1351 1188 1394 velut
1203 1349 1339 1392 domo
1360 1347 1611 1397 barbarum,

128 1414 176 1456 et
195 1425 400 1458 sermone
420 1427 512 1458 non
530 1429 689 1472 parum
719 1431 842 1474 saepe
861 1419 1102 1475 plebeium,
1132 1432 1222 1462 non
1255 1418 1345 1460 nisi
1382 1429 1487 1460 cum
1519 1415 1609 1457 dis-

127 1480 311 1529 crimine
329 1495 384 1525 ac
405 1482 587 1528 delectu
607 1485 870 1530 imitandum
889 1487 1103 1544 intelligo,

548 1598 676 1642 Idem
697 1600 743 1642 in
765 1599 1104 1646 Consultatione
1126 1599 1180 1644 η’.

120 1725 126 1728 -
186 1697 431 1748 Phaedrum
453 1702 600 1743 tamen
617 1704 664 1743 et
684 1700 919 1757 Hyginum
946 1703 1065 1746 velut
1084 1702 1319 1757 elegantiae
1340 1701 1486 1744 minus
1517 1709 1611 1747 stu-

115 1765 482 1823 idioaosj-plebeia
500 1768 758 1824 plusculum
775 1783 1022 1827 usurpasse
1041 1776 1244 1828 apparet.

575 1902 836 1949 Demsterus
857 1905 916 1949 ad
936 1905 1171 1949 Rosinum.

118 2002 125 2006 ·
180 1989 401 2038 Bhae‘drus
428 1994 599 2049 Thrax,
628 1996 799 2041 Tiberii
837 1999 1040 2050 libertus,
1072 1998 1323 2041 fabularum
1354 1997 1606 2040 luculentus

113 2060 334 2118 scriptor.

293 2184 593 2242 Tanaquillus
615 2186 765 2231 Faber
782 2189 828 2231 in
849 2188 987 2234 Praef.
1010 2190 1068 2234 ad
1090 2190 1243 2234 Notas
1263 2191 1446 2234 Phaedr.

183 2273 256 2318 De
275 2274 452 2319 dicendi
473 2291 631 2333 genere
651 2280 691 2322 si
710 2293 840 2335 roges
870 2281 978 2337 quid
994 2283 1196 2334 sentiam,
1214 2282 1364 2325 dicam
1381 2281 1605 2338 equidem,

122 2345 168 2386 et
187 2343 317 2398 quasi
337 2357 410 2386 me
430 2358 586 2390 censor
601 2353 796 2404 rogaret,
827 2363 887 2392 ex
909 2350 1048 2393 animi
1077 2351 1308 2394 sententia.
1368 2349 1608 2394 Neminem

115 2411 309 2455 arbitror
330 2425 360 2456 a
377 2412 498 2457 felici
517 2415 595 2459 illa
608 2416 804 2462 Terentii
820 2415 1109 2476 simplicitate
1129 2421 1316 2476 propius
1336 2420 1508 2462 abesse
1549 2418 1608 2461 Et

122 2491 256 2522 mox.
289 2479 440 2525 Nemo
466 2497 505 2529 e
533 2487 759 2530 veteribus
789 2488 971 2544 ingenio
1004 2489 1145 2533 fuisse
1176 2488 1355 2532 videtur
1386 2487 1446 2530 ad
1483 2487 1606 2530 illam

121 2546 319 2592 Terentii
360 2563 536 2608 semper
575 2554 801 2599 lenitatem
839 2558 984 2613 magis
1019 2558 1158 2610 facto,
1189 2570 1322 2614 quam
1356 2554 1604 2599 Phaedrus:

112 2614 246 2671 'q'trod
266 2621 322 2661 et
356 2630 554 2663 necesse
573 2621 742 2678 fuerat3
771 2637 827 2668 ea
861 2625 994 2669 enim
1017 2631 1090 2670 est
1127 2625 1436 2683 apologorum,
1467 2628 1605 2681 atquo

121 2683 238 2728 adeo
257 2685 524 2731 fabellarum
545 2692 742 2735 omnium
762 2698 938 2749 natura,
968 2699 1018 2740 ut
1046 2708 1252 2740 sermone
1277 2707 1366 2737 non
1392 2693 1600 2745 debeant,

119 2751 206 2796 nisi
224 2751 346 2797 facili
362 2755 647 2815 placidoque,
680 2763 876 2807 tractari.
