1806 3236
174 264 176 266 ψ
190 232 276 277 548

190 340 224 373 ei
236 343 330 373 esset
344 338 464 372 unicus
478 347 611 379 servus,
629 338 806 371 nam-alias
824 337 913 372 uni-f

191 401 252 423 cus
267 399 386 422 servus
401 398 470 421 non
486 388 571 421 facit
582 387 757 428 familiam,
770 388 829 421 lib.
840 397 899 421 xn-

188 442 234 474 de
253 441 298 474 V.
310 441 344 473 S.
388 441 447 473 Sic
470 439 573 472 Ovid.
596 440 689 473 Fast.
709 440 721 458 ⁴
735 439 824 472 Tres
849 439 901 472 illi

190 497 270 525 tota
299 491 400 524 fuere
437 489 578 523 domus.'
621 489 899 532 Prope1·t.,‘'ru

189 544 272 577 mihi
299 543 372 576 sola
401 542 535 583 domus,
562 546 613 584 tu,
643 541 804 583 Cynthia,
826 542 901 574 sola

189 593 377 637 parentes!
412 594 590 627 Lucanum
613 594 623 612 ⁶
641 592 769 626 Omnia
784 592 900 625 Caesar

190 644 291 678 erat.'
319 644 493 677 Martialis
510 644 612 686 Epig.
628 643 689 677 lib.
705 652 774 677 ιιι.
785 646 841 676 21.
854 643 898 676 ad

189 705 331 728 uxorem
345 706 354 728 ε
379 696 389 714 ‘
407 694 557 730 Romam
567 698 605 727 tu
615 694 697 726 mihi
705 694 779 726 sola
789 692 898 727 facis!

188 746 315 778 Tibull.
331 745 390 778 lib.
407 754 458 778 iv.
476 745 518 777 ad
534 745 700 778 amicam:
725 744 736 763 ‘
748 745 791 777 In
816 744 899 777 solis

189 801 228 829 tu
243 796 325 828 mihi
350 795 453 828 turba
477 795 587 830 locis:
630 795 748 828 Livius
764 795 824 830 lib.
840 804 899 829 xz.

188 849 198 866 ‘
213 848 415 880 Demetrius
428 847 467 879 iis
482 857 570 880 unus
585 846 700 879 omnia
714 845 789 881 est?
825 847 900 879 De-

188 899 409 932 mosthenes:
442 897 551 931 Πάντα
579 898 695 932 ἐκεῖνος
716 896 756 937 ἦν
784 897 899 931 αὐτοῖς.

188 949 284 983 Hinc
299 949 384 981 illud
413 949 573 982 Petronii
597 948 839 991 corrigendum
861 953 898 981 et

188 999 453 1042 explicandum:
488 1000 612 1032 ‘Solus
638 1009 715 1032 cum
742 1003 836 1032 esset
855 999 899 1032 τὰ

186 1050 313 1083 πάντα]
346 1051 441 1084 Olim
456 1050 638 1093 legebatur
653 1052 742 1084 male
757 1055 898 1093 topanta.

188 1103 362 1139 Martialis
391 1104 493 1146 Epig.
515 1103 575 1136 lib.
591 1113 627 1136 v.
651 1106 704 1136 25.
727 1103 898 1136 ‘Hermes

186 1155 300 1187 omnia
315 1154 405 1186 solus
427 1159 464 1187 et
487 1158 540 1187 ter
555 1152 664 1187 unus!
708 1154 766 1187 Sic
789 1154 825 1186 in
842 1163 899 1186 ve-

187 1205 253 1238 teri
275 1204 509 1247 inscriptione,
530 1214 631 1248 quam
659 1205 788 1247 Capuoe
813 1204 899 1238 vidi-

187 1265 263 1287 mus
282 1256 316 1288 in
344 1256 486 1297 templo,
511 1255 604 1297 quod
629 1254 710 1287 olim
736 1255 771 1287 S.
786 1255 898 1287 Bene-

187 1308 283 1346 dicti,
305 1317 396 1340 nunc
422 1307 608 1340 Societatis
621 1308 708 1341 Jesu
730 1310 795 1348 est,
821 1307 897 1339 Dea

186 1359 254 1392 Isis
279 1359 407 1392 dicitur
428 1369 490 1391 una
513 1369 584 1400 quae
609 1362 656 1390 est
680 1358 808 1396 omnia,-
837 1366 897 1391 ΤΕ.

185 1418 279 1443 Tim.
291 1418 379 1442 νΝΑ.
388 1417 500 1444 QVAE.
513 1418 561 1441 ns.
571 1417 707 1442 omum.
720 1417 804 1442 nm.
818 1417 897 1441 ists.

186 1469 352 1493 Anunrvs.
368 1469 560 1494 BALBINVS.
584 1469 619 1493 v.
646 1468 679 1493 e.
724 1460 898 1493 Gruterus

187 1522 232 1544 ex
254 1512 391 1544 schedis
405 1511 582 1552 Pighianis
607 1515 772 1552 corrupte
787 1510 899 1543 edidit

188 1571 378 1596 nannmvs.
413 1562 557 1595 Dicitur
572 1571 653 1594 vero
666 1561 744 1594 ideo
757 1571 819 1594 una
832 1570 900 1594 esse

186 1614 303 1655 omnia,
318 1613 399 1656 quia
410 1612 539 1645 Isidem
554 1612 613 1644 alii
623 1611 646 1645 J
651 1621 811 1652 iunonem,
823 1612 898 1654 qni-

186 1665 267 1698 dam
294 1665 469 1705 Cererem,
501 1662 639 1706 quidam
667 1662 898 1704 Thesmopho-

185 1717 285 1755 riam,
301 1715 359 1747 alii
374 1715 523 1755 Lunam,
536 1713 593 1745 alii
608 1712 682 1745 aliis
704 1712 897 1745 nominibus

188 1766 378 1809 appellant.
422 1765 516 1797 Hinc
528 1767 564 1796 et
579 1763 778 1805 appellatur
792 1763 802 1782 ‘
819 1763 897 1804 My-

185 1819 360 1859 rionyma‚'
375 1815 466 1848 mille
480 1814 667 1854 nominum,
691 1817 731 1846 ut
745 1816 897 1846 testatur

187 1866 393 1899 Plutarchus
415 1864 460 1897 de
482 1863 587 1896 Iside.
629 1862 734 1896 Unde
750 1863 898 1904 explica-

186 1918 217 1950 ri
247 1916 354 1950 debet
378 1914 559 1957 inscriptio
587 1913 681 1956 apud
709 1913 898 1946 Gruterum

187 1977 348 2001 Lxxxiu.
362 1970 395 2000 2.
429 1975 528 1999 1srn1.
545 1971 815 1998 mvmouvmss.
840 1971 898 1996 sA-

186 2028 307 2053 cavat.
352 2018 433 2051 Huc
474 2022 512 2050 et
542 2016 694 2059 pertinet
717 2014 898 2056 inscriptio

188 2071 318 2104 Graeca
332 2070 367 2103 in
389 2068 587 2111 pavimento
600 2066 702 2099 Isidis
717 2065 898 2107 inscripta,

189 2132 292 2164 quam
323 2120 433 2154 refert
462 2119 672 2152 Plutarchus
699 2117 733 2150 d.
753 2118 776 2150 l.
809 2121 897 2163 ΕΓΩ.

189 2177 289 2206 ΕῙΜΙ.
306 2176 403 2204 ΠΑΝ.
417 2175 482 2204 ΤΟ.
504 2170 700 2203 ΓΕΓΟΝΟΣ.
722 2171 802 2202 ΚΑΙ.
826 2171 895 2201 ΟΝ.

191 2229 274 2257 ΚΑΙ.
302 2225 575 2257 ΕΣΣΟΜΕΝΟΝ.
614 2220 687 2261 Ego
713 2228 782 2251 sum
811 2228 899 2251 omne

190 2276 271 2317 quod
278 2274 361 2315 fuit,
376 2277 436 2314 est,
449 2276 480 2305 et
495 2271 570 2305 erit.
595 2270 688 2303 Gud.

231 2325 324 2358 Solus
338 2334 406 2357 cum
427 2326 507 2356 esset
513 2320 659 2363 familia]
682 2319 713 2353 Ι.
730 2330 762 2352 e.
791 2320 898 2352 instar

188 2375 340 2417 familiae,
352 2375 462 2417 primo
478 2383 570 2406 casu.
614 2372 671 2404 Ita
686 2380 822 2413 quoque
849 2371 898 2402 in-

188 2427 324 2460 tellexit
355 2425 525 2467 Rigaltius
554 2422 693 2456 Notulis
720 2421 764 2453 ad
792 2421 899 2455 Mart.

191 2486 259 2511 xu.
280 2480 334 2510 89.
359 2476 418 2508 ubi
443 2475 536 2508 canit
556 2479 675 2506 vates:
699 2472 708 2490 ‘
721 2471 788 2506 Qui
805 2472 897 2504 solus

189 2528 285 2571 inopi
296 2531 443 2570 praestat
452 2530 489 2558 et
500 2524 586 2557 facit
600 2521 754 2556 turbam:
766 2522 897 2555 Prason.

189 2579 253 2611 Bis
268 2579 302 2610 in
318 2577 534 2620 expositione
561 2575 660 2617 hujus
684 2573 751 2606 loci
775 2576 898 2614 peccat

190 2629 467 2663 RittershusiuS.v
485 2628 539 2660 En
549 2626 612 2660 tibi
624 2623 766 2658 hominis
779 2622 898 2664 verba,

192 2679 255 2712 sed
270 2677 425 2721 profecto
451 2687 519 2710 non
541 2674 731 2709 audienda:
756 2672 897 2714 ‘Jungo

193 2735 229 2763 et
245 2729 403 2772 expono‚’
424 2728 549 2771 inquit,
571 2726 722 2767 ‘familia
734 2724 898 2764 ‚natur-ius,

194 2781 229 2812 id
245 2789 313 2820 est,
328 2780 429 2812 citius
444 2789 543 2821 quam
559 2778 641 2810 alias
657 2777 806 2809 solemne
822 2777 898 2807 erat

192 2831 341 2872 familiar,
354 2840 430 2873 quae
448 2835 530 2862 tunc
543 2829 644 2863 domo
657 2827 786 2861 aberat.
830 2824 898 2867 An,

651 241 794 275 NOTAE
827 242 1094 276 VARlORUM
1129 244 1182 276 IN

950 339 1183 382 solmfamilia,
1207 339 1244 373 id
1260 343 1328 382 est,
1350 339 1508 374 desertus
1521 339 1567 374 ab
1579 339 1671 375 alii-2

950 389 1093 424 servisi'
1136 390 1321 424 Haeoille:
1355 401 1432 434 quae
1456 390 1539 425 nihil
1564 388 1659 426 alind

950 449 1052 482 quam
1094 441 1237 483 somnia,
1266 451 1368 485 quam
1398 442 1491 485 logi..
1530 442 1680 477 Senm-

950 495 1025 524 est:
1049 491 1136 525 Cum
1152 492 1290 535 quidam
1306 493 1462 526 dominu·
1475 494 1584 527 solnm
1600 493 1669 528 lin·¹

949 541 1051 575 beret
1072 543 1249 586 AEsopum,
1272 553 1383 587 neque
1411 547 1584 586 praeterea
1608 544 1661 577 nl-

948 593 1016 626 lam
1039 593 1218 636 familiam,
1241 594 1277 627 id
1303 593 1478 636 est,'alios
1502 595 1658 629 servulos

947 644 1102 687 baberet,
1126 647 1194 678 &c.
1246 645 1371 688 Itaque
1398 646 1543 689 AEsopus
1571 655 1659 679 nnus

949 696 1110 739 solusque
1137 700 1216 729 crat
1245 695 1388 738 familia,
1413 706 1491 740 qun
1515 705 1583 730 vox
1609 697 1661 730 nil

949 747 1041 780 aliud
1053 747 1120 780 hoc
1130 748 1207 780 loco
1219 746 1391 789 significat
1401 757 1503 791 quam
1511 745 1659 788 σύστημα

949 806 1010 829 seu
1035 799 1154 837 πλῆθος
1177 797 1393 831 famulorum.
1423 797 1540 831 Faber.
1571 794 1660 832 'Rit-

950 848 1155 880 tershusium
1178 847 1214 880 in
1240 847 1306 880 loci
1332 847 1430 889 hujus
1443 846 1660 890 expositione

949 908 1017 931 non
1030 899 1198 932 audimus.
1241 900 1376 941 AEsopus
1389 899 1472 931 nohas
1493 900 1542 931 eat
1558 897 1662 938 fami·

948 949 1006 991 lia,
1031 959 1109 992 pro,
1135 949 1317 982 constituit
1342 949 1418 991 ipse
1443 949 1536 982 solus
1561 947 1662 983 fami·

948 1000 1043 1040 liam,
1070 1009 1138 1032 non
1159 999 1281 1032 habuit
1307 999 1413 1041 ipsius
1439 998 1661 1033 Dominusa-

948 1050 1029 1083 liam
1046 1048 1222 1091 familiam,
1234 1049 1329 1082 xalios
1355 1058 1484 1082 servos.
1527 1048 1660 1083 Eadem

949 1101 1050 1134 video
1081 1101 1118 1133 in
1138 1101 1301 1144 [mentem
1331 1101 1463 1134 venisse
1497 1099 1661 1142 Rigaltio,

948 1156 987 1185 et
1013 1152 1190 1185 adducere·
1215 1152 1326 1184 locum
1353 1150 1498 1192 Sidonii,
1524 1150 1561 1182 in
1589 1159 1659 1193 quo

948 1202 1088 1244 legitur,
1111 1203 1121 1221 ‘
1134 1202 1342 1244 Respublica
1356 1205 1475 1234 nostra
1488 1201 1580 1234 Tota
1593 1201 1658 1234 Ca-

947 1253 1060 1286 millus
1076 1252 1176 1294 erat,'
1196 1262 1392 1295 quanquam
1407 1252 1462 1285 hic
1478 1252 1572 1285 locus
1588 1261 1658 1285 non

948 1303 1035 1336 bene
1056 1303 1251 1336 conveniat.
1294 1303 1451 1335 Firmant
1476 1302 1568 1335 idem
1595 1312 1658 1336 suo

947 1354 1109 1397 suffragio
1126 1355 1239 1387 Faber
1252 1358 1290 1388 et
1304 1354 1503 1395 Praschius,
1515 1358 1554 1387 ut
1565 1358 1661 1397 post-

948 1414 999 1448 ea·
1015 1405 1206 1438 observavi.
1237 1403 1346 1444 Schef.
1400 1404 1532 1437 Eodem
1556 1405 1659 1438 modo

947 1456 1110 1498 Propert.
1127 1456 1228 1498 Eleg.
1258 1464 1284 1489 1.
1309 1458 1366 1488 11.
1387 1457 1441 1489 23.
1474 1456 1485 1475 ⁴
1501 1456 1553 1488 Τιι
1577 1455 1660 1488 mihi

948 1507 1023 1540 sola
1037 1506 1169 1548 domus,
1190 1511 1241 1548 tu,
1265 1505 1427 1548 Cynthia,
1442 1506 1515 1539 sola
1537 1516 1659 1549 paren-

948 1560 1013 1599 tes,
1028 1557 1157 1590 Omnia
1182 1561 1220 1589 tu
1245 1560 1369 1589 nostrae
1388 1561 1545 1598 tempora
1570 1557 1659 1590 laeti-

948 1607 1033 1641 tiae!
1078 1608 1124 1641 Et
1154 1607 1261 1641 Ovid.
1285 1607 1375 1640 Met.
1400 1616 1485 1640 vm.
1509 1611 1585 1642 635.
1614 1608 1660 1641 de

948 1657 1103 1694 Baucide
1119 1662 1157 1691 et
1173 1657 1396 1692 Philemone:
1418 1659 1429 1677 ‘
1447 1658 1480 1691 N
1483 1668 1523 1691 ec
1537 1657 1660 1701 refert,

949 1710 1104 1743 dominos
1132 1709 1219 1751 illic,
1254 1709 1443 1742 famulosve
1480 1709 1659 1752 requiram

947 1761 1036 1793 Tota
1051 1760 1172 1793 domus
1189 1759 1257 1792 duo
1271 1758 1374 1792 sunt!
1405 1759 1538 1795 Eodem
1557 1768 1659 1792 sensu

919 1811 922 1813 '
948 1810 1103 1843 Martial.
1119 1818 1189 1843 xn-
1206 1813 1260 1842 89.
1282 1810 1293 1829 ‘
1307 1810 1472 1851 Vernam,
1481 1810 1550 1844 Qui
1565 1810 1660 1843 solus

947 1861 1042 1902 inopi
1056 1863 1217 1902 praestat,
1243 1864 1280 1893 et
1304 1858 1390 1892 facit
1406 1859 1578 1893 turbam?
1599 1860 1659 1893 ubi

947 1910 1074 1952 malim,
1087 1911 1168 1944 solus
1182 1910 1268 1952 inopi
1281 1913 1394 1952 restat,
1417 1910 1571 1953 quamvis
1584 1911 1659 1943 vul-

949 1966 1031 2004 gata
1047 1961 1153 1993 etiam
1173 1960 1341 2003 explicari
1358 1961 1477 2002 possit.
1499 1961 1616 1994 Bam.

990 2014 1012 2045 2
1035 2010 1212 2052 Maturius]
1245 2010 1393 2043 Ponitur
1417 2009 1592 2052 absolute,
1617 2014 1659 2044 ut

951 2062 961 2081 ⁴
976 2061 1118 2105 Ocyus:
1153 2062 1163 2080 ‘
1176 2059 1356 2102 Celerius,’
1389 2060 1522 2094 scilicet
1556 2070 1659 2104 quam

949 2122 1013 2155 pro
1036 2111 1295 2145 consuetudine.
1318 2110 1426 2151 Schef.
1467 2112 1659 2155 Tempesti-

949 2173 1028 2196 vum
1043 2163 1238 2196 convivium
1254 2161 1370 2194 medio
1385 2161 1452 2195 die.
1475 2161 1601 2196 Iit-ins.⁴
1628 2194 1642 2197 a.

992 2218 1012 2248 3
1036 2215 1149 2255 Ignem
1170 2223 1245 2254 ergo
1267 2212 1424 2255 quoerem]
1459 2211 1659 2254 Nonag-

949 2275 1027 2298 nem
1050 2273 1280 2306 nonsemper
1304 2267 1440 2296 veteres
1470 2261 1562 2294 domi
1587 2271 1657 2295 suae

949 2316 1162 2358 excitabant,
1189 2315 1251 2348 sed
1277 2325 1298 2347 a
1320 2314 1443 2347 vicinis
1458 2314 1658 2356 plerumque

949 2367 1140 2409 petebant:
1165 2375 1274 2408 neque
1291 2365 1381 2397 enim
1403 2363 1506 2396 facile
1528 2372 1657 2406 negare

950 2417 1085 2460 petenti
1098 2416 1242 2450 licebat.
1278 2414 1470 2448 Videbatur
1486 2413 1578 2445 enim
1591 2413 1656 2445 hoc

949 2468 1047 2501 valde
1063 2468 1212 2500 alienum
1237 2475 1312 2498 esse
1338 2465 1381 2498 ab
1408 2465 1484 2506 ipsa
1504 2462 1657 2495 humani-

949 2523 1034 2560 tate,
1053 2523 1090 2551 et
1116 2518 1189 2551 vita
1209 2517 1382 2550 hominum
1404 2519 1507 2557 atque
1522 2517 1656 2555 natura,

950 2579 1027 2612 quae
1043 2578 1131 2611 aque
1153 2571 1190 2600 et
1215 2566 1286 2609 igni
1305 2573 1424 2598 carere
1441 2572 1508 2595 non
1524 2567 1655 2605 potest.

950 2620 1044 2653 Hinc
1069 2619 1215 2650 Plautus
1240 2616 1405 2649 Trinumo
1433 2613 1488 2646 Sc,
1503 2615 1536 2645 6.
1560 2612 1571 2631 ‘
1588 2612 1659 2644 Da-

950 2668 1030 2710 tur,¹
1045 2668 1168 2711 inquit,
1188 2668 1198 2686 ‘
1213 2667 1311 2709 ignis,
1325 2669 1439 2698 tamen
1455 2663 1523 2696 etsi
1537 2663 1580 2695 ab
1595 2663 1658 2695 ini-

948 2718 1048 2752 micis
1061 2716 1184 2760 petas!
1229 2716 1286 2749 Sic
1303 2715 1393 2747 cuim
1407 2713 1456 2745 ibi
1468 2712 1572 2745 habet
1584 2713 1656 2746 Ms.

951 2770 1086 2803 camer.
1101 2770 1181 2809 no'n,
1195 2772 1234 2799 ut
1247 2767 1360 2808 vulgo,
1373 2765 1510 2798 tametsi.
1525 2764 1655 2809 Eodem

950 2827 986 2856 et
1002 2820 1104 2855 Ennii
1121 2828 1238 2853 versus
1255 2817 1441 2860 pertinent,
1451 2825 1536 2859 quos
1547 2814 1656 2848 refert
