1806 3236
713 211 990 247 rainu-Ario.
1567 197 1598 241 7

105 296 461 367 {negleetamed
480 306 622 367 paulo
642 308 838 365 penitius
860 306 1170 363 inspiciendas
1190 309 1238 350 et
1255 303 1595 362 ponderandas,

116 393 210 437 qno
223 379 492 431 referendus,
507 392 564 422 ne
579 378 699 420 desit
710 377 980 433 exemplum,
995 376 1126 419 locus
1139 375 1218 418 lib.
1237 386 1269 416 1.
1286 374 1382 431 fab.
1397 373 1440 417 2.
1461 373 1534 416 16.
1548 376 1600 416 ut

117 452 298 493 taceam
317 447 375 492 de
395 447 512 490 aliis.
574 445 738 502 Neque
775 446 955 489 silentio
983 443 1386 500 praetermittendus
1407 446 1479 485 est
1499 441 1598 484 Ro-

116 508 604 576 mulus¹Divionensis‚
636 514 774 570 quus
802 513 982 557 fabulas
1016 527 1118 556 cum
1138 516 1274 554 textu
1293 510 1476 554 Phaedri
1498 509 1600 552 dili-

118 584 492 643 genter²contuli;
521 597 602 627 nec
636 584 733 627 sine
766 583 931 626 fructu.
992 583 1130 625 Hunc
1153 581 1271 624 enim
1299 583 1341 622 et
1366 578 1599 622 firmandis

77 659 81 662 “
115 654 384 698 melioribus
406 652 590 697 Phaedri
606 652 897 704 lectionibus,
928 656 972 694 et
991 651 1166 707 passim
1188 647 1470 692 emendando
1489 646 1602 702 poe-

116 725 196 766 tae,
212 722 432 765 inservire
467 734 603 777 posse
645 720 865 763 intellexi.
925 719 1070 763 Porro
1101 718 1299 774 inspexi,
1329 730 1412 772 pro
1448 729 1504 759 eo
1546 729 1601 759 ac

118 790 271 843 debui,
302 789 540 833 Editiones
577 789 762 833 Phaedri
796 788 993 839 criticas,
1024 792 1134 843 post
1165 799 1315 829 meam
1344 784 1603 827 Editionem

111 855 232 917 juris
270 859 417 904 factas
457 860 645 916 publici,
689 858 912 909 Brotierii,
957 856 1248 907 Desbillonii‚
1292 853 1601 908 Bipontinam,

120 941 240 985 quos
259 928 505 972 Phaedrum
525 942 551 971 e
575 941 659 971 sua
679 929 886 982 ipsorum
906 927 1164 969 recensione
1185 923 1383 967 edidisse
1407 925 1602 965 constat.

121 997 534 1041 HasceEditiones
549 997 764 1046 maxime,
778 996 941 1051 quibus
957 993 1245 1050 adjungenda
1266 996 1334 1033 est
1346 989 1605 1033 Tzschucks

116 1065 242 1118 iana,
258 1066 306 1108 in
323 1070 449 1109 textu
471 1065 620 1108 denuo
636 1062 1005 1118 recognoscendo
1022 1075 1184 1117 magno
1205 1061 1314 1103 mihi
1327 1060 1431 1102 usui
1446 1060 1602 1111 fuisse,

116 1133 286 1187 fateor;
316 1135 401 1176 etsi
433 1146 525 1176 non
554 1146 690 1175 unam
711 1145 863 1174 earum
882 1132 1123 1174 lectionem
1142 1129 1438 1186 rejiciendam
1450 1129 1605 1171 *duxe-

112 1203 216 1246 rim.
271 1201 389 1257 -Legi
423 1206 648 1257 praeterea
681 1215 771 1244 non
807 1214 981 1256 paucos
1015 1200 1283 1243 Criticorum
1312 1199 1604 1240 illustriorum

69 1315 75 1321 ,
116 1270 277 1323 libros,
308 1285 495 1328 quorum
514 1271 805 1321 ,videndorum
828 1275 931 1313 ante
953 1270 1035 1312 hos
1059 1280 1210 1311 xx1v.
1239 1280 1384 1310 annos
1406 1267 1451 1308 in
1472 1267 1604 1310 ador-

117 1339 267 1383 nanda
285 1340 467 1384 Phaedri
489 1340 696 1383 Editione
717 1340 825 1382 mihi
844 1353 936 1382 non
955 1338 1065 1382 data
1084 1339 1228 1381 fuerat
1248 1341 1482 1393 potestas3
1512 1336 1604 1392 legi

116 1400 253 1452 'etiam
270 1408 488 1454 Virorum
509 1409 744 1452 doctorum
765 1408 1132 1459 Observationes,
1153 1411 1261 1463 post
1280 1407 1380 1448 haec
1397 1409 1602 1461 tempora

117 1476 408 1534 scriptaS,-et
439 1477 655 1533 quicquid
688 1478 839 1519 textui
869 1477 1051 1520 Phaedri
1081 1477 1158 1519 vel
1194 1475 1492 1526 emendando,
1529 1474 1606 1518 vel

119 1540 386 1589 illustrando
409 1547 626 1594 inservire
649 1551 823 1603 posset,
846 1546 1070 1602 excerpsi.
1111 1545 1142 1588 J
1147 1559 1217 1589 am
1237 1558 1343 1588 vero
1363 1544 1606 1586 Lectiones

121 1606 291 1676 Varias
326 1628 429 1658 cum
462 1613 684 1658 Codicum
718 1614 833 1657 Mss.
873 1619 1159 1670 veterumque
1200 1614 1476 1674 Editionum,
1508 1617 1607 1654 tum

115 1682 409 1740 conjecturas
428 1682 639 1726 Virorum
659 1682 1022 1726 doctissimorum
1043 1684 1313 1734 enumeravi,
1333 1696 1427 1726 non
1444 1682 1607 1738 paucis

121 1754 279 1795 tamen
305 1752 508 1805 omissis,
539 1766 656 1809 quas
676 1766 927 1796 memorare
950 1757 995 1796 et
1014 1753 1218 1796 refellere
1238 1765 1332 1795 non
1353 1755 1451 1794 erat
1479 1751 1606 1794 tanti.

122 1819 406 1876 Singularem
424 1827 569 1865 autem
581 1823 629 1864 in
644 1836 701 1865 eo
722 1823 943 1866 collocavi
959 1836 1159 1878 operam,
1173 1827 1238 1874 ut,
1254 1822 1293 1864 si
1309 1820 1406 1863 fieri
1426 1823 1608 1876 posset,

121 1889 186 1934 rei
206 1891 379 1935 criticae
400 1895 602 1934 amantes
622 1892 829 1935 notitiam
851 1893 1122 1935 Lectionum
1141 1891 1285 1934 Codd.
1322 1889 1436 1931 Mss.
1467 1889 1609 1931 habe-

121 1962 431 2003 rent-certam:
461 1973 554 2015 qua
587 1961 634 2002 in
668 1967 811 2003 causa
839 1966 1005 2017 praeter
1041 1961 1193 2004 Notas
1215 1959 1415 2009 Heinsii,
1449 1957 1607 2009 Gudii,

123 2026 358 2080 Schefferi,
393 2028 599 2084 Rigaltii,
633 2030 893 2082 Burmanni,
924 2043 1014 2072 non
1034 2042 1196 2085 pamm
1216 2027 1324 2070 mihi
1346 2026 1612 2082 profuerunt

122 2093 355 2140 Editiones
391 2097 618 2154 Brotierii
637 2102 686 2139 et
718 2098 1006 2149 Desbillonii‚
1039 2110 1230 2154 quorum
1252 2096 1365 2138 alter
1385 2095 1609 2138 Codicem

124 2162 295 2217 Pithoei
334 2178 474 2221 nuper
505 2165 658 2208 denuo
695 2166 911 2220 contulit3
943 2167 1054 2209 alter
1085 2178 1173 2208 non
1207 2178 1296 2207 una
1326 2164 1611 2207 Collectione

123 2231 367 2276 Variarum
394 2247 420 2276 e
450 2232 595 2276 Codd.
628 2233 742 2276 Mss.
778 2233 1051 2277 Lectionum
1083 2247 1194 2277 usus
1228 2234 1476 2278 est....Non
1506 2245 1609 2276 raro

125 2300 518 2354 addidi-rationes,
549 2315 609 2345 ex
629 2304 795 2359 quibus
834 2302 1074 2346 Lectiones
1095 2303 1170 2346 vel
1201 2302 1507 2345 defendendas
1538 2302 1612 2345 vel

124 2370 399 2428 rejiciendas
437 2377 658 2427 putarem,
696 2373 968 2428 optimorum
1002 2373 1269 2416 Criticorum
1304 2385 1446 2428 opera
1483 2385 1609 2422 usus,

126 2449 317 2496 quorum
335 2440 576 2495 unicuique
611 2440 655 2481 τὸ
688 2454 817 2483 suum
836 2441 1025 2484 reddere
1047 2442 1221 2492 studui,
1243 2454 1331 2483 non
1351 2440 1514 2496 paucis
1535 2441 1611 2481 ad-

119 2508 259 2565 jectis
290 2508 346 2551 de
377 2521 496 2551 meo.
557 2508 691 2552 Nulli
723 2513 876 2553 autem
910 2515 1076 2555 temere
1096 2512 1345 2553 obsecutus
1366 2523 1492 2563 sum;
1524 2522 1607 2551 nec

794 2617 942 2651 NOTAE

127 2687 360 2730 legitur-sance
374 2688 526 2732 improba,
538 2689 617 2722 coll.
630 2689 770 2722 Phaedri
782 2690 842 2723 lib.
897 2694 1103 2734 praeteream
1120 2688 1197 2723 alia.

127 2749 155 2773 1.
172 2738 243 2775 fab.
262 2743 293 2774 1.
309 2743 342 2774 3.
356 2740 416 2774 ubi
429 2739 509 2775 vide
525 2741 571 2774 V.
586 2736 640 2774 L.'
651 2744 691 2775 ut
702 2736 842 2774 ‘silentio
