1806 3236
193 238 283 288 ‘358

193 347 382 392 eripiendo,
396 344 465 382 n'on
479 347 662 381 fecerunt?
685 357 764 381 nam
778 357 896 381 cessare

193 401 298 434 etiam
332 400 513 443 significat,
542 398 703 441 languide
729 403 767 432 et
791 398 897 440 negli-

191 455 315 494 genter
331 450 460 493 aliquid
475 449 603 491 facere,
615 454 654 482 ut
667 448 802 482 notavit
815 448 896 481 doc-

191 502 341 535 tissimus
363 503 536 533 Vavassor
550 500 593 533 de
619 501 654 533 vi
675 504 714 533 et
732 510 796 533 usu
814 509 895 542 quo-

192 553 338 586 rundam
354 551 549 584 verborum.
594 551 652 584 Ita
676 548 767 593 apud
783 550 896 592 Virgi-

192 604 275 636 lium
291 603 432 636 AEn.v1.
457 602 596 634 ‘cessas
612 601 646 633 in
663 605 743 634 vota
758 610 896 643 preces-

193 664 272 696 que,
294 655 392 695 Tros,
419 653 481 694 ait,
503 653 645 686 AEnea?
674 652 710 685 id
733 657 800 694 est,
824 653 896 684 lan-

191 705 296 747 guide
313 705 406 747 agis?
448 704 507 737 Sic
532 704 657 736 Horat.
674 704 786 746 Epist.
810 713 836 736 1.
863 706 895 737 2.

193 766 294 789 versu
317 756 450 798 penult.
478 755 623 797 opponit
656 754 828 788 ‘cessare'
859 760 897 787 et

193 808 203 826 ‘
214 811 394 840 strenuum
408 805 566 838 anteire?
587 806 630 838 V.
647 805 744 848 Calp.
760 804 804 837 ad
815 805 895 837 Ter.

193 856 322 890 Heaut.
335 866 393 889 111.
410 859 441 889 1.
464 856 581 888 Bur-m.

234 910 258 939 6
279 908 349 939 Nec
363 905 503 948 apinam]
538 906 607 938 Nec
631 906 697 939 hoc
721 906 809 948 loco,
825 907 898 940 Non

192 962 256 991 est.
302 957 453 999 Utapud
465 956 668 990 Ciceronem
683 957 726 989 de
742 958 825 998 Leg.
840 966 897 992 nr.

191 1010 201 1026 ‘
217 1008 387 1047 Senatori,
403 1007 460 1050 qui
476 1017 542 1040 nee
555 1008 679 1050 aderit,
701 1014 763 1041 aut
783 1019 898 1050 causa,

192 1063 254 1092 aut
269 1060 372 1101 culpa
387 1058 486 1091 esto?
541 1058 644 1091 Adde
659 1058 816 1093 Asinium
833 1061 898 1094 Ca-

192 1110 347 1152 pitonem
374 1108 467 1151 apud
493 1109 643 1143 Festum.
690 1110 829 1152 Opimam
848 1111 899 1144 di·

191 1160 295 1201 citur,
317 1163 358 1198 ut
386 1160 548 1202 supinum5
581 1160 751 1203 significat
783 1166 900 1195 autem

193 1211 244 1253 id,
257 1211 347 1254 quod
363 1211 535 1254 opinatur.
579 1212 669 1244 Nam
685 1215 724 1244 ut
748 1222 769 1245 a
792 1213 899 1245 divino

193 1265 247 1294 est
260 1262 396 1304 divinus,
411 1262 471 1304 qui
486 1266 627 1294 exercet
651 1262 899 1304 divinationes3

192 1323 212 1344 a
230 1312 366 1354 festino,
379 1312 532 1354 festinus,
561 1312 620 1355 qui
643 1311 810 1353 festinat;
849 1314 899 1346 sic

191 1364 295 1405 plane
311 1363 354 1395 ab
369 1363 508 1406 antiquo
519 1363 624 1405 opino,
638 1363 732 1405 quod
747 1373 789 1395 ex
800 1364 900 1396 Plau-

193 1418 243 1454 to,
269 1413 428 1455 Caecilio,
454 1413 598 1456 aliisque
633 1414 720 1446 citat
752 1414 899 1456 Nonius,

192 1469 246 1497 est
260 1466 382 1507 opinus,
397 1465 455 1507 qui
472 1465 644 1506 opinatur.
687 1465 745 1497 Ita
756 1465 902 1507 inopinus

192 1515 319 1557 legitur
344 1515 435 1557 apud
462 1515 567 1548 Ovid.
593 1516 682 1548 Met.
697 1525 748 1548 vl.
762 1518 840 1548 466.
865 1517 900 1548 in

192 1567 280 1598 Mss.
306 1570 398 1599 teste
421 1565 589 1598 Nobiliss.
615 1565 781 1607 Heinsio;
802 1566 901 1599 item-

192 1626 261 1659 que
274 1616 443 1649 Pacatum
457 1620 608 1648 nostrum
626 1626 656 1648 c.
673 1619 705 1649 2.
729 1616 788 1649 ubi
801 1617 902 1659 plura

194 1666 353 1699 secundis
378 1666 482 1699 curis.
518 1666 622 1704 Sches.
676 1666 733 1699 Sic
754 1676 811 1699 nec
833 1667 901 1709 opi—

192 1727 271 1749 nans
298 1717 411 1749 Cicer.
439 1716 482 1749 ad
506 1716 626 1749 Famil.
653 1725 734 1749 xm.
763 1720 815 1750 18.
842 1717 901 1749 ubi

193 1768 331 1800 Manut.
376 1768 455 1800 Vid.
470 1767 531 1799 inf.
548 1777 583 1799 v.
597 1770 629 1800 7.
654 1769 771 1800 Burm-

238 1817 449 1859 Necopinum]
479 1819 588 1850 Vetus
604 1818 720 1851 Gloss.
741 1819 751 1837 ‘
769 1819 900 1861 Necopi-

192 1868 325 1908 nante&
347 1868 602 1911 ἀπροσδοκήτως]
625 1870 705 1910 Rig.

237 1923 257 1952 8
295 1920 519 1961 Semianimus]
563 1921 649 1961 Pro,
673 1919 900 1964 Semianimis,

192 1971 385 2003 imitatione
401 1971 517 2012 Ennii,
542 1971 600 2014 qui
615 1971 663 2003 sic
679 1971 771 2013 apud
785 1971 898 2004 Cicer.

196 2015 318 2054 Divin.
345 2031 370 2054 1..
395 2021 439 2054 de
465 2021 595 2064 aquila:
620 2021 631 2040 ‘
646 2021 817 2064 unguibus
841 2031 900 2054 an-

193 2082 297 2114 guem
312 2072 566 2113 Semianimum,
581 2075 619 2105 et
633 2073 730 2105 varia
746 2074 901 2115 graviter

194 2123 330 2155 cervice
343 2122 552 2164 micantem,’
564 2124 629 2156 &c.
654 2123 758 2163 Schef.

238 2173 359 2205 Mortis
372 2174 407 2206 in
419 2174 546 2215 solatio]
591 2174 765 2206 Mendum
780 2175 836 2207 hie
851 2175 900 2208 la-

195 2228 271 2256 tere
300 2228 408 2266 puto;
443 2224 534 2267 quod
553 2225 661 2269 ⁴quale
684 2225 741 2264 sit,
768 2236 902 2268 quaera-

193 2285 280 2307 mus.
325 2275 450 2317 Sciopp.
499 2275 702 2317 scripserim
726 2278 838 2309 mortis
865 2278 900 2311 in

193 2325 345 2358 solatium.
392 2326 460 2358 Sed
478 2326 692 2359 nihilominus
716 2326 791 2360 haec
814 2329 900 2360 hiul-

194 2386 236 2408 ca
265 2380 357 2417 suut,
384 2380 422 2409 et
451 2377 619 2410 exciderit
645 2387 781 2410 versus:
821 2379 902 2411 Haec

194 2428 398 2470 conspicatus,
424 2427 519 2471 infit.-
556 2429 586 2460 0
612 2429 699 2469 bone,
726 2429 791 2466 Qui
814 2432 901 2462 modo

193 2488 329 2520 securus,
344 2481 397 2521 8)·0.
443 2479 549 2511 Certe
565 2479 643 2511 talis
659 2480 798 2522 aliquis:
821 2490 900 2514 nam

194 2539 262 2562 non
277 2530 350 2563 lnaec
367 2529 472 2562 verba
487 2531 645 2562 solatium
660 2531 777 2563 mortis
793 2532 900 2573 lepori

193 2579 399 2621 afferebant,
423 2581 484 2613 sed
501 2585 663 2623 aspectus
689 2581 808 2614 similis
832 2581 900 2614 for-

195 2634 302 2671 tunae,
345 2631 379 2663 in
425 2640 525 2672 quam
562 2640 680 2673 passer
713 2631 899 2666 incidebat.

194 2681 317 2713 Mem-s.
370 2681 531 2713 Fortasse
556 2681 737 2722 legendum
763 2682 798 2713 in
821 2683 900 2714 sola-

193 2731 295 2768 tium5
318 2731 352 2763 id
367 2735 432 2771 est,
448 2735 486 2763 ut
500 2732 690 2772 solaretur;
718 2732 820 2764 Publ.
833 2733 899 2764 Mi-

194 2790 288 2813 mns:
334 2783 342 2799 ‘
362 2781 527 2814 Didicere
558 2781 643 2815 flere
679 2783 828 2815 fieminae
865 2783 899 2816 in

194 2830 434 2865 mendacium!
467 2833 592 2867 Buchn.
638 2833 761 2867 Facilis
785 2843 899 2868 emen-

662 250 806 285 No‘rAE
838 246 1105 284 vAmoRtJM
1137 251 1191 284 IN

945 346 1052 381 datio.
1106 345 1280 380 Videlicet
1307 343 1446 388 scripsit
1471 343 1651 385 Phaedrus,

944 398 1054 431 mortis
1066 399 1102 431 in
1115 399 1268 440 solatiom,
1282 408 1378 430 more
1399 401 1569 439 veterum,
1591 406 1650 430 cu-

940 448 1000 490 jus
1012 448 1180 492 hodieque
1206 448 1298 491 apud
1322 449 1498 490 Plautum,
1520 448 1650 482 Teren-

945 499 1043 538 tium,
1058 499 1256 532 Lucretium
1282 503 1319 532 et
1346 499 1521 533 Catullum
1546 496 1651 532 vesti·

946 547 1002 592 gia
1024 553 1222 592 supersunt,
1246 553 1283 582 et
1317 550 1352 582 in
1389 548 1546 582 omnibus
1572 547 1649 581 fere

946 600 1032 632 Mss.
1061 599 1170 632 Codd.
1197 599 1259 631 sed
1285 598 1410 631 sciolus
1435 599 1568 642 aliquis,
1591 602 1652 631 aut

946 651 1123 694 negligens
1140 651 1344 693 exscriptor,
1364 650 1475 682 solatio
1499 649 1652 694 scripsit.

947 703 1074 736 Sensus
1089 706 1161 735 est:
1194 703 1279 734 Tum
1295 702 1393 743 lepus
1407 700 1567 743 moriens,
1583 710 1651 743 quo

946 753 1082 786 tristem
1097 757 1202 795 atque
1218 751 1377 785 acerbum
1393 750 1523 784 ultime
1537 755 1655 785 neces·

947 803 1063 836 sitatis
1087 813 1203 836 casum
1228 803 1411 843 solaretur,
1430 800 1539 834 dixit:
1571 799 1655 843 Qui,

947 855 1014 887 &c.
1048 853 1129 886 Fab.
1183 853 1295 885 Recte
1310 851 1495 893 Meursius,
1515 851 1552 884 in
1574 851 1655 884 soka

948 904 1037 937 tium.
1066 903 1136 936 Sed
1150 903 1257 936 hiulci
1270 903 1352 935 nihil
1369 902 1480 935 video.
1503 901 1655 949 Abunde

952 954 1063 988 solatii
1080 958 1147 995 est,
1171 954 1295 987 amaris
1319 953 1420 986 dictis
1446 961 1563 986 amara
1585 952 1658 986 vin·

951 1005 1082 1038 dicare.
1107 1005 1239 1038 Prasch.
1282 1003 1326 1037 Id
1338 1003 1461 1044 solatio,
1477 1000 1568 1046 qnod
1588 1011 1659 1035 sus-

949 1060 1087 1099 pectum
1102 1055 1207 1089 habet
1221 1055 1426 1097 Schoppius,
1439 1057 1553 1087 mutat
1561 1052 1657 1087 Geb-

948 1107 1075 1140 hardus
1091 1111 1129 1140 et
1143 1107 1318 1140 Meursius
1334 1106 1368 1139 in
1383 1105 1596 1147 solatiumnt
1612 1105 1660 1138 sit

950 1158 1096 1200 dictum,
1113 1158 1216 1191 sicuti
1237 1157 1247 1176 ‘
1262 1157 1298 1190 in
1321 1156 1443 1199 spem,'
1463 1158 1474 1175 ‘
1489 1156 1526 1189 in
1539 1160 1659 1189 contu-

949 1210 1085 1242 meliam
1096 1209 1117 1250 ;'
1137 1210 1202 1242 hoc
1218 1212 1285 1250 est,
1298 1209 1343 1240 ad
1359 1208 1414 1240 vel
1430 1211 1574 1250 propter
1586 1207 1656 1240 tale

950 1260 1045 1302 quid.
1103 1259 1232 1292 Posset
1261 1258 1402 1302 propius
1437 1268 1458 1290 a
1486 1257 1659 1300 scriptura

950 1310 1060 1343 veteri
1081 1310 1193 1343 solatia
1218 1310 1272 1342 hic
1296 1309 1391 1351 poni,
1417 1318 1520 1341 sensu
1546 1308 1659 1351 parili.

951 1362 1053 1395 Quod
1068 1365 1184 1394 autem
1198 1361 1372 1400 Meursius
1387 1360 1442 1392 hic
1470 1363 1572 1403 putat
1599 1359 1660 1392 ali-

950 1413 1033 1455 quid
1058 1413 1192 1454 deesse,
1215 1412 1250 1444 in
1275 1421 1316 1445 eo
1342 1411 1470 1444 frustra.
1491 1415 1545 1444 est
1568 1410 1661 1455 haud

951 1463 1063 1497 dubie.
1107 1464 1198 1497 Nam
1214 1463 1328 1495 solent
1352 1462 1475 1494 crebro
1490 1461 1540 1494 sic
1561 1461 1660 1494 omit·

951 1518 1028 1547 tere
1040 1513 1195 1551 verbum,
1211 1513 1314 1554 inquit
1328 1512 1415 1555 (vid
1433 1511 1579 1555 Amplis.
1593 1511 1662 1544 Cu·

951 1573 1028 1606 per.
1044 1563 1189 1596 Observ.
1203 1573 1244 1597 11.
1257 1562 1342 1606 20.),
1367 1563 1458 1607 quod
1481 1566 1520 1596 et
1541 1562 1595 1596 hic
1609 1562 1662 1598 fit.

951 1615 1074 1657 Virgil.
1101 1615 1177 1648 AEn.
1200 1624 1236 1648 v-
1266 1615 1276 1633 ⁴
1294 1615 1383 1647 Tum
1411 1614 1488 1657 pius
1515 1615 1661 1651 AEneasz

951 1666 1121 1708 Equidem
1146 1666 1195 1698 sic
1211 1675 1354 1707 poscere
1372 1669 1490 1698 ventos
1502 1665 1582 1699 Jam
1602 1664 1662 1698 du-

951 1717 1044 1759 dum,
1057 1721 1094 1750 et
1110 1716 1238 1749 frustra
1254 1726 1356 1750 cerno
1373 1721 1408 1750 te
1422 1716 1567 1750 tendere
1580 1711 1661 1751 con·

952 1769 1028 1802 tra!
1074 1769 1162 1802 Haec
1187 1773 1401 1810 notaveram,
1429 1778 1507 1803 cum
1532 1769 1660 1802 incom-

952 1820 1112 1862 parabilis
1126 1819 1321 1852 Gronovius
1348 1819 1383 1851 in
1410 1819 1522 1851 literis
1538 1818 1582 1851 ad
1603 1828 1661 1851 me

952 1870 1045 1903 suis:
1066 1870 1077 1888 ‘
1094 1871 1173 1903 Non
1190 1870 1303 1913 patior
1316 1870 1392 1903 haec
1412 1869 1552 1912 corrigi.
1596 1870 1662 1902 Est

952 1923 1042 1955 enim
1057 1933 1066 1954 ε
1084 1923 1200 1964 Lepus
1213 1925 1357 1963 accepto
1369 1921 1406 1954 in
1418 1920 1532 1953 media
1546 1924 1657 1954 morte

951 1972 1073 2006 solatio
1087 1973 1219 2013 mortis,
1233 1972 1288 2004 vel
1302 1981 1406 2014 quum
1430 1971 1461 2003 ei
1483 1970 1594 2007 adhuc
1610 1980 1662 2005 se-

951 2024 1077 2056 mivivo
1098 2024 1164 2056 hoc
1181 2022 1342 2056 solatium
1369 2026 1406 2055 et
1432 2022 1662 2055 levamentum

953 2075 1006 2108 sni
1022 2075 1102 2108 mali
1118 2073 1312 2115 offerretur,
1327 2073 1480 2116 (nempe,
1495 2072 1587 2116 quod
1601 2072 1677 2106 de·-

952 2126 1090 2159 risorem
1108 2120 1205 2159 suum
1220 2125 1364 2159 videbat
1379 2129 1461 2157 ante
1475 2125 1593 2158 oculos
1608 2125 1660 2159 in-

950 2176 1079 2220 terfici)
1095 2177 1184 2210 dixit
1198 2186 1337 2219 nempe,
1351 2186 1426 2218 quae
1442 2174 1655 2218 sequuntur-²

950 2227 1066 2270 Atque
1081 2228 1132 2261 ita
1147 2232 1185 2261 et
1208 2227 1244 2260 in
1271 2226 1481 2269 politissimis
1497 2226 1657 2260 observa-

952 2279 1083 2311 tionum
1097 2279 1192 2311 libris
1210 2288 1320 2320 nuper
1334 2277 1447 2311 editis.
1491 2276 1582 2310 Vide
1597 2276 1658 2310 lib.

952 2339 1011 2363 111.
1033 2333 1065 2363 8.
1118 2329 1186 2362 Sed
1210 2333 1247 2362 et
1274 2327 1523 2362 Freinshemius
1544 2328 1660 2369 vulga·

952 2386 1024 2414 tam
1047 2385 1148 2424 putat
1173 2390 1275 2423 posse
1299 2379 1397 2419 ferri,
1420 2387 1486 2411 nec
1511 2377 1658 2421 hiulcam

954 2441 1028 2465 esse
1043 2432 1244 2465 orationem.
1278 2430 1325 2462 At
1337 2438 1419 2462 vero
1433 2429 1515 2461 Tan.
1534 2427 1658 2475 Faber,

954 2483 1052 2524 cujus
1078 2486 1200 2524 postea
1221 2480 1468 2514 eruditissimas
1493 2479 1529 2512 in
1556 2478 1657 2511 1³11ae-

953 2533 1052 2565 drum
1067 2537 1166 2566 notas
1189 2531 1423 2574 Argentorato
1438 2530 1481 2562 ad
1497 2539 1551 2562 me
1565 2529 1658 2561 misit

945 2584 1082 2626 juvenis
1119 2583 1395 2625 elegantissimus
1426 2580 1657 2619 doctissimus-

952 2645 1030 2677 que,
1045 2636 1115 2667 Dn.
1129 2634 1250 2666 Ericus
1268 2632 1520 2666 Lindemaunus
1538 2631 1657 2664 Ostro-

952 2685 1086 2727 gothus,
1109 2683 1381 2716 emendationem
1405 2682 1548 2714 Meursii
1574 2682 1657 2715 reti-

952 2741 1024 2776 net,
1042 2735 1108 2768 nisi
1132 2734 1221 2777 quod
1247 2743 1309 2775 pro
1335 2733 1492 2774 solatium,
1514 2734 1655 2768 solatiom

952 2787 1091 2828 antique
1125 2784 1302 2826 scripsisse
1338 2784 1504 2816 Nostrum
1540 2788 1652 2825 putet.

949 2837 1134 2871 Praschius
1164 2844 1298 2879 quoque
1331 2835 1519 2869 Meursium
1546 2835 1655 2878 sequi.
