1806 3236
227 226 312 269 132
419 236 621 269 PHAEDRI
657 237 764 268 mu.
796 237 1096 270 AEsomsnum
1132 238 1229 269 mu.
1262 237 1316 268 11.
1352 237 1541 269 amnuo.

230 330 422 375 Sinistra
442 345 557 388 quos
579 332 626 375 in
645 332 791 380 lucem
808 336 971 383 natura
988 333 1167 384 extulit,

226 400 326 452 Nec
346 401 584 456 quicquam
602 403 810 456 possunt,
828 401 916 448 nisi
934 401 1139 444 meliores
1162 414 1367 457 carpere;

226 468 384 512 Fatale
401 469 587 512 exitium
605 469 735 512 corde
754 470 909 513 durato
927 469 1077 520 feram,

224 537 384 580 Donec
404 537 624 579 fortunam
646 537 838 580 criminis
858 537 1024 593 pudeat
1043 536 1125 579 sui.

222 649 386 689 Minerva,
400 657 496 689 neque
509 647 672 690 quicquum
686 647 801 688 valent,
814 647 878 681 nisi
899 647 1069 680 obtrectare
1083 645 1209 688 optimis
1221 644 1403 688 quibuslibet
1415 657 1427 684 ‚·
1448 647 1603 680 sustinebo
1618 647 1684 692 fir-

222 695 309 724 muto
322 692 427 724 animo
439 692 505 724 hoc
518 691 649 742 exitiale
662 690 881 742 infortunium,
895 692 1057 723 dummodo
1064 690 1228 730 fortunam
1237 689 1390 732 poem'teat
1401 690 1451 722 aui
1464 691 1616 724 criminis.

828 777 906 790 “60
910 777 1066 790 OO‘OONO

222 833 304 867 mihi
320 842 389 865 non
404 832 564 875 contigit,
577 835 617 864 nt
639 835 678 865 tu
692 831 787 873 legas
808 835 845 864 et
865 831 980 873 magni
1000 829 1128 870 facias3
1152 829 1181 862 si
1203 829 1334 861 animus
1359 832 1437 861 tuus
1459 838 1527 862 non
1543 828 1684 871 sentiet,

223 881 299 910 arte
314 875 416 908 fictas
426 885 499 907 esse
514 874 646 907 fabulas
660 885 669 914 3
692 885 728 907 ac
742 877 848 918 doctus
858 874 944 906 labor
958 874 1023 906 illis
1035 876 1188 913 occurret,
1199 872 1260 904 i.e.
1275 872 1311 904 in
1321 882 1379 904 eos
1387 871 1524 914 judiees
1540 872 1686 914 incidet,

223 929 321 962 quos,
349 921 412 951 ὅτε.
463 919 549 952 Quae
578 918 782 959 conjectura
807 921 936 959 praeter
958 921 1094 949 ceteras
1124 914 1266 948 arridet.
1311 916 1364 948 Cl.
1389 914 1582 948 Tzschuck.
1629 915 1686 949 uia

221 963 306 995 nibil
328 962 387 994 eos
411 970 525 1003 posse,
538 960 604 992 nisi
623 960 784 992 meliores
801 969 959 1001 carpere,
975 963 1054 1001 post
1069 959 1155 992 dicit
1170 958 1351 997 Phaedrus,
1367 957 1540 998 vulgatam
1554 957 1618 990 'lec
1634 952 1688 992 io-'

219 1015 299 1038 nem
315 1004 364 1037 ita
383 1003 499 1044 effingi
522 1012 624 1046 posse
646 1003 840 1035 existimat:
865 1003 926 1035 Sin
934 1006 1043 1035 ‘autem
1057 1002 1175 1034 abillis
1198 1001 1299 1033 doctis
1318 1003 1456 1033 occurret
1471 999 1595 1035 labora.
1611 999 1684 1035 Sed

220 1047 300 1080 cum
327 1049 434 1079 doctus
451 1047 539 1079 labor
558 1047 670 1079 locum
694 1056 792 1078 suum
819 1050 958 1078 tueatur
972 1046 1017 1077 ob
1033 1045 1128 1077 Prol.
1144 1053 1201 1076 m.
1216 1046 1271 1076 26.
1293 1044 1424 1076 hancce
1446 1043 1683 1085 conjecturam

219 1101 287 1124 non
301 1095 386 1132 puto
398 1100 472 1122 esse
484 1088 744 1123 admittendam.
770 1088 948 1131 Bipontini
959 1088 1108 1130 denique
1118 1088 1209 1119 hunc
1223 1087 1333 1118 locum
1347 1086 1395 1119 sie
1408 1085 1593 1118 emendant
1603 1097 1612 1119 τ
1621 1085 1684 1118 Sin

218 1137 326 1166 autem
338 1133 376 1165 ab
388 1133 454 1164 illis
467 1134 575 1164 doctus
587 1132 734 1164 occiderit
746 1132 927 1164 laban—1⁷
944 1131 1047 1164 Hunc
1058 1140 1192 1163 versum
1208 1130 1388 1162 Bentleius
1403 1128 1458 1171 (et
1474 1129 1576 1161 Both.
1587 1125 1683 1170 uncis

218 1186 298 1208 eum
313 1174 469 1216 inclusit)
478 1185 497 1207 a
510 1176 600 1208 mala
611 1184 713 1207 manu
724 1184 801 1207 esse
817 1179 953 1213 censet;
967 1174 1046 1216 qnia
1054 1173 1187 1205 laboret
1198 1172 1344 1213 syntaxi
1354 1171 1519 1204 vitiosaet
1533 1171 1685 1216 numeris

216 1218 354 1252 absonis
364 1230 374 1252 e
389 1222 547 1250 neutrum
561 1218 655 1250 videt
666 1218 895 1250 Burmannus.
908 1217 1089 1258 Bipontini
1098 1215 1294 1254 ediderunt,
1319 1216 1368 1246 Ne
1378 1213 1541 1255 quicqum
1549 1214 1682 1255 pouffmtz

219 1262 316 1296 Citra
331 1262 586 1294 necessitatem.
622 1259 777 1301 [Antono
793 1259 930 1292 videtur
954 1258 1147 1291 necessario
1164 1257 1344 1299 legendum
1365 1267 1441 1289 esse
1455 1258 1490 1288 ni
1509 1265 1573 1298 pro
1590 1256 1684 1299 nisi-J

218 1308 306 1338 —18
323 1305 435 1337 Fatale
448 1304 591 1336 exitium.
636 1303 723 1335 Cum
738 1302 873 1335 exitium
887 1306 1083 1344 suspectum
1099 1301 1158 1341 sit,
1174 1301 1255 1343 quia
1268 1304 1427 1338 mortem,
1437 1299 1685 1340 perniciem‚et

219 1357 425 1392 quocunque
436 1347 537 1379 modo
552 1356 607 1378 res
623 1347 737 1388 aliqua
751 1346 854 1387 perit,
867 1349 978 1386 notat,
993 1344 1084 1387 quod
1099 1344 1141 1376 ab
1155 1344 1220 1375 hoc
1237 1343 1312 1375 loco
1327 1347 1381 1374 est
1397 1342 1563 1381 alienum3
1583 1341 1683 1384 ⁴varic)

216 1391 320 1423 modo
339 1390 526 1433 emendare
548 1389 622 1421 ausi
647 1393 726 1421 sunt
742 1388 875 1421 Critici.
920 1388 1150 1426 Burmannus,
1171 1386 1274 1418 unica
1288 1385 1388 1418 modo
1415 1385 1516 1417 litera
1537 1383 1686 1426 mutat-3·

218 1433 372 1476 conjicit,
396 1433 537 1465 Fatalem
558 1432 648 1464 corde
660 1433 775 1464 durato
796 1430 1042 1470 exitumserum,
1057 1434 1096 1462 ut
1118 1439 1238 1461 sensus
1259 1428 1323 1461 sit:
1348 1437 1596 1470 quemcumque
1610 1426 1684 1460 fata

219 1476 379 1510 dederint
393 1476 535 1515 exitum,
550 1474 670 1513 feram,
683 1474 794 1506 donee
809 1473 945 1506 fortuna
957 1473 1065 1515 magis
1078 1471 1198 1504 favens
1208 1475 1387 1513 appareat,
1398 1469 1684 1513 quemadmodum

218 1519 344 1552 Cicero
367 1520 377 1537 ‘
391 1522 527 1560 optatos
542 1517 673 1550 exitus'
696 1516 796 1549 dixit.
851 1517 898 1548 Et
921 1515 1026 1552 Oyid.
1052 1515 1142 1547 Met.
1158 1523 1224 1547 xn.
1238 1517 1314 1546 522.
1347 1515 1356 1532 ‘
1374 1513 1498 1545 Exitus
1518 1512 1554 1544 in
1577 1511 1681 1546 dubio

213 1561 297 1595 est?
341 1562 411 1595 Pro
428 1562 626 1603 conjectura
639 1558 828 1593 Burmanni
843 1563 985 1601 pugnat,
1003 1558 1093 1601 quod
1115 1557 1193 1590 baec
1213 1557 1281 1589 duo
1302 1561 1459 1598 coguatae
1485 1555 1683 1597 significati-

218 1605 291 1637 onis
315 1604 540 1646 ejusdemque
556 1603 696 1645 originis
711 1603 847 1635 nomina
870 1601 974 1634 facile
998 1604 1078 1633 sunt
1099 1601 1308 1641 permutata,
1330 1599 1366 1631 id
1387 1598 1478 1641 quod
1491 1598 1527 1630 in
1541 1597 1682 1641 optimis

217 1648 374 1680 Sallustii
391 1652 427 1679 et
441 1647 517 1680 Val.
534 1646 630 1679 Max.
647 1646 732 1678 Mss.
748 1645 879 1678 facturn
894 1654 983 1685 esse,
996 1648 1146 1676 testatur
1161 1643 1303 1675 Gesner.
1320 1643 1354 1674 in
1371 1642 1477 1674 Thes.
1494 1642 1533 1674 L.
1549 1638 1591 1674 L.
1614 1640 1681 1676 snb

216 1691 380 1723 Exitium.
434 1690 614 1722 Bentleius
642 1688 815 1728 emendat,
849 1688 961 1720 Fatale
986 1689 1127 1719 eventum
1138 1697 1152 1724 ‚·
1188 1685 1311 1727 quaerit
1339 1685 1428 1716 enim
1442 1695 1451 1716 ε
1471 1690 1474 1693 ’
1490 1693 1556 1726 quo
1577 1689 1684 1726 paeto·

216 1733 391 1775 patienter
405 1733 479 1775 quis
492 1732 585 1764 ferat
595 1731 741 1771 exitium,
754 1731 812 1773 qui
827 1730 902 1771 ipse
917 1729 1049 1762 interiit
1064 1733 1100 1761 et
1115 1728 1228 1760 nullus
1243 1728 1315 1760 est!
1334 1746 1335 1749 =
1349 1726 1399 1759 At
1414 1727 1472 1759 vix
1486 1722 1681 1768 probabile,

215 1778 261 1809 e'x
274 1779 418 1808 eventum
431 1774 564 1808 factum
580 1783 653 1806 esse
666 1774 808 1806 exitium.
846 1773 965 1804 Franc.
999 1772 1127 1804 Rarius
1141 1772 1236 1803 talem
1247 1770 1381 1810 exitum,
1393 1769 1518 1811 de'qua
1531 1768 1681 1802 lectione

215 1814 294 1851 fuse
322 1819 479 1860 disputat
503 1818 730 1849 Burmannus.
776 1815 968 1848 Gronovius
995 1815 1061 1854 legi
1086 1814 1202 1855 jubett
1213 1813 1338 1851 vitium,
1364 1817 1401 1844 et
1430 1812 1585 1853 exponit„
1597 1810 1681 1851 tale,

242 1861 310 1894 nod
334 1870 402 1893 non
431 1860 541 1901 magis
567 1858 722 1901 effugere
748 1858 841 1898 licet,
865 1867 966 1899 quam
984 1856 1072 1896 suta.
1099 1867 1131 1887 v.
1147 1856 1232 1887 Not.
1254 1853 1419 1887 Scbefferi
1443 1854 1486 1886 ad
1505 1854 1537 1886 b.
1559 1854 1584 1886 l.
1608 1853 1680 1889 ,si‘e

209 1871 344 1937 ⁴*ullius
357 1905 411 1946 [et
426 1902 611 1943 Antonius}
650 1901 916 1943 Cuninghamus,
936 1900 1049 1932 Fatale
1073 1898 1228 1936 edictum;
1251 1897 1376 1931 Jakob.
1402 1897 1516 1929 Fatale
1536 1896 1683 1929 exilium.'

206 1946 267 1980 ·At
280 1956 342 1979 nos
354 1947 583 1988 obsequamur
605 1945 749 1977 Censori
765 1943 915 1981 erudito,
929 1943 964 1974 in
977 1942 1066 1983 Eph.
1083 1940 1323 1981 Goettingens.
1338 1949 1416 1971 ann.
1434 1942 1531 1972 1781.
1547 1936 1678 1972 Partic-

216 1993 272 2022 53.
303 1989 489 2022 scribenti:
523 1988 534 2006 ‘
550 1989 660 2029 Beym
690 1987 858 2018 Phaedrus
884 1987 934 2017 als
961 1985 1062 2016 einen
1082 1981 1345 2023 Schriftsteller,
1363 1980 1428 2014 auf
1437 1982 1515 2014 dem
1537 1980 1626 2014 noch
1640 1991 1679 2014 so

215 2032 510 2065 vielDunkelheit
530 2030 643 2069 rubet,
659 2030 722 2061 der
738 2029 944 2069 wenigstens
971 2027 1132 2069 gewaltig
1156 2025 1353 2067 interpolirt
1378 2034 1462 2067 seyn
1484 2034 1590 2065 musa,
1611 2024 1679 2067 bey

215 2075 295 2108 dem
309 2076 371 2107 wir
392 2086 429 2107 so
445 2074 557 2115 wenig
568 2073 669 2105 Licbt
679 2072 785 2104 durch
799 2068 1069 2103 Handschriften
1084 2069 1254 2108 erhalten,
1269 2066 1441 2100 erfordert
1454 2067 1515 2109 die⁸
1525 2066 1678 2109 gesunde

216 2119 348 2158 Kritik,
365 2119 495 2150 Stellen
511 2115 581 2148 und
598 2114 812 2155 Ausdriicke‚
828 2114 884 2145 die
908 2113 1024 2145 weder
1045 2111 1107 2144 mit
1130 2111 1193 2144 der
1207 2110 1678 2152 Sprachgewohuheiunoch

213 2161 280 2193 mit
294 2161 357 2193 der
383 2158 887 2200 Analogieniibereinkommem
911 2156 1020 2188 lieber
1042 2154 1294 2186 anzuzeiehnen
1317 2152 1387 2185 und
1410 2153 1615 2185 hemerkbar
1635 2162 1678 2185 zu

209 2204 371 2243 -machen,
395 2202 466 2235 und
487 2202 544 2234 die
569 2200 892 2233 wahrscheinlichen
907 2198 1210 2237 Verbesserungen
1232 2201 1335 2228 unter
1359 2195 1437 2227 dem
1451 2196 1540 2228 Text
1555 2196 1679 2237 beyzu-

205 2246 376 2288 ⁴bitingen,
396 2247 445 2277 als
461 2245 496 2276 in
521 2244 590 2276 den
615 2245 705 2275 Text
721 2242 993 2280 aufzunehmen3
1016 2241 1100 2272 oder
1123 2239 1187 2271 auf
1197 2239 1261 2271 der
1278 2239 1406 2270 andern
1420 2238 1514 2274 Seite
1531 2237 1677 2271 weitber

207 2287 443 2331 aufgesuchte
456 2286 774 2327 Vertheidigungen
789 2285 923 2317 solcher
934 2282 1236 2324 ungewiihnlicben
1247 2281 1484 2316 Redensarten
1501 2291 1542 2313 zu
1551 2278 1681 2314 achi-eii

215 2332 297 2371 ben,
318 2331 425 2372 dergl.
439 2330 486 2362 ist
500 2330 542 2361 B.
566 2338 607 2360 11.
633 2328 724 2369 Epil.
747 2331 799 2359 18.
815 2327 920 2367 fatale
943 2324 1098 2358 exitium!
1132 2324 1182 2357 At
1196 2325 1299 2356 Both.
1315 2323 1423 2355 dicit:
1447 2324 1458 2342 ‘
1476 2324 1557 2356 Non
1573 2324 1675 2364 plane

205 2374 387 2406 'obsolevit
402 2374 464 2406 ille.
483 2372 542 2403 τοῦ
556 2371 689 2403 exitium
705 2370 932 2412 significatus,
951 2379 1018 2411 quo
1036 2368 1126 2400 idem
1151 2367 1243 2399 valet
1266 2371 1368 2409 atque
1383 2366 1511 2404 exitum
1531 2375 1611 2401 nam
1624 2365 1675 2399 sie

214 2417 417 2449 Sallustius:
441 2417 451 2433 ‘
469 2415 605 2455 dignum
619 2414 768 2445 moribus
787 2412 953 2454 factisque
968 2411 1037 2443 suis
1052 2410 1195 2442 exitium
1211 2409 1435 2446 vitaeinvenit
1446 2409 1466 2448 ;'
1487 2413 1524 2441 et
1541 2418 1587 2445 ne
1600 2408 1675 2451 quis

213 2460 369 2492 librarios
393 2459 524 2499 culpet,
554 2456 685 2488 faciunt
712 2456 863 2487 nonnulli
886 2454 1065 2495 'poetarum
1090 2454 1169 2485 loci.
1214 2453 1330 2486 Quare
1355 2452 1530 2493 vulgatam
1552 2450 1678 2484 servo.’

213 2502 302 2537 Sunt
316 2502 427 2542 multi,
440 2501 560 2543 quibus
576 2500 739 2540 Epilogus
754 2498 850 2539 hujus
872 2497 951 2529 libri
971 2507 1014 2528 ex
1040 2500 1139 2537 parte
1159 2495 1315 2527 videatur
1337 2495 1539 2527 mutilatus:
1562 2498 1600 2526 et
1614 2493 1674 2526 alii

215 2545 282 2577 alia
297 2545 341 2577 de
356 2546 419 2576 hac
434 2554 470 2575 re
492 2542 707 2575 contendunt
722 2546 759 2572 et
783 2544 937 2581 arguunt.
982 2538 1112 2571 Passim
1127 2538 1369 2578 interpolatum
1384 2546 1471 2576 esse,
1485 2545 1554 2575 nou
1567 2545 1672 2578 nega-

213 2588 346 2627 verim;
369 2587 428 2619 sed
454 2596 532 2618 cum
560 2595 628 2616 non
654 2585 766 2616 adsint
787 2583 897 2615 Codd.
924 2582 1007 2614 Mss.
1034 2582 1158 2623 quibus
1179 2580 1262 2611 locis
1283 2579 1453 2620 corruptis
1466 2579 1525 2610 lux
1540 2576 1672 2610 affundi

214 2631 346 2671 possit3
368 2639 451 2662 vera
465 2628 548 2660 artis
563 2627 693 2660 criticae
716 2625 802 2658 ratio
818 2626 901 2666 vult,
921 2629 960 2656 ut
983 2625 1095 2664 potius
1117 2624 1282 2654 intactum
1302 2622 1530 2663 relinquamus
1545 2621 1670 2662 locum,

208 2683 315 2716 quam
330 2673 449 2706 versus
464 2671 674 2713 abjiciamus,
689 2669 920 2711 suppleamus,
931 2667 1047 2709 sicque
1060 2666 1166 2708 magis
1180 2665 1356 2707 magisque
1370 2664 1625 2706 interpolemus.
